2586 4822
469 117 541 163 stlta
564 116 781 165 butttnttttb's.
1072 123 1134 162 sicis

117 271 187 327 bene
212 272 354 334 fecissent,
379 272 507 344 indignati
531 281 593 325 suut
617 281 709 326 contra
733 288 803 335 errari,
828 273 963 328 iliccotcs:
994 273 1047 329 ttos
1069 292 1136 348 pro-

116 365 179 429 pter
207 372 290 429 regna
319 356 457 412 coelorum
486 356 659 411 castravimus
686 374 751 421 nos,
783 366 809 412 ct
832 356 875 411 bic
898 360 1134 416 excommunicavit

115 438 189 497 nusl
215 440 312 497 Eamus
335 449 362 497 ct
383 441 587 515 interpellemus
609 442 738 497 adversm
753 456 816 497 erran
831 440 1135 516 llierosolpmitanmmm

114 526 363 601 emblepiscopum.
392 525 532 583 Abeuntes
553 541 619 600 ergo
642 524 826 583 indicauerunt
848 527 873 583 ci
895 526 994 584 omis.
1023 517 1058 585 tlt
1071 526 1137 587 elisit

113 610 157 667 ele
179 610 401 685 archiepiscopus
424 610 700 687 lllerosclpnltanus:
723 610 756 667 Et
777 628 830 685 epo
852 626 900 669 ms
921 612 1136 671 excommunicor

113 694 154 753 Ιι
171 710 235 771 ¹quo
255 696 354 753 iteruin
383 695 537 755 contristati
558 696 684 753 unierunt
705 696 734 751 in
755 696 980 754 carmennum
1001 696 1138 774 srebiepi·

112 795 247 857 scopum
274 790 303 837 et
323 780 448 838 bunum
470 780 496 838 ei
517 782 606 837 omnia
628 796 699 855 ortae
720 780 791 837 lacta
812 780 920 838 luerunt
940 780 1021 841 circa
1034 797 1080 850 se:
1109 790 1137 841 et

112 864 162 924 itte
185 864 311 923 rmtnser
330 866 570 923 excommunicavit
591 882 649 923 eos.
678 865 713 922 ut
733 866 859 923 manunt
880 866 916 923 st
935 866 1058 943 smpscs:
1084 868 1137 925 tn-

111 965 180 1007 mns
201 950 313 1007 bunaria
340 950 374 1007 al
400 950 593 1026 patriarcham,
623 958 651 1007 et
673 950 731 1025 lpse
753 965 804 1007 nos
826 950 970 1008 »tutte-ants
990 952 1024 1009 sle
1047 954 1138 1010 ornul-

109 1036 169 1093 ltus
192 1034 262 1093 istis.
290 1033 423 1094 Abiemnt
444 1052 511 1111 ergo
532 1037 564 1092 ast
586 1052 722 1093 sarranium
745 1036 978 1111 archiepiscopum
1001 1038 1137 1095 bonanae

110 1120 251 1185 civitatis,
273 1130 301 1177 et
322 1131 520 1194 suggesserunt
542 1121 567 1177 ei
589 1130 659 1196 quse
682 1122 801 1177 lecerunt
823 1120 862 1177 eis
884 1123 1025 1179 memorati
1047 1124 1139 1180 arcbi·

110 1205 257 1281 episcopi,
280 1206 416 1261 licentes:
446 1206 572 1262 Venimus
594 1207 626 1262 ael
648 1216 691 1269 tc,
715 1206 778 1279 quia
799 1214 828 1260 tu
852 1222 881 1261 es
903 1214 985 1279 eaput
1006 1208 1136 1263 omniurn.

110 1290 187 1349 llicit
209 1299 300 1346 autern
324 1298 352 1347 et
381 1292 420 1347 cis
449 1292 523 1365 ipse:
547 1291 603 1365 Ego
634 1306 682 1347 uos
712 1292 915 1347 excommunico
945 1300 972 1348 et
1002 1290 1137 1367 segregati

110 1376 212 1433 estis''.

204 1462 256 1519 ut.
301 1460 398 1516 “Tune
425 1460 584 1517 deiecerunt
611 1460 834 1517 excommunicati
862 1460 946 1517 totirn
974 1462 1086 1517 rationis
1110 1470 1138 1518 et

111 1546 246 1603 eliserunt
274 1546 306 1601 al
335 1547 512 1619 sensatipsos:
541 1545 588 1601 lsti
611 1546 731 1619 episcopi
754 1545 806 1601 sibl
829 1546 940 1602 invicem
963 1546 1089 1603 (leleruot
1111 1556 1139 1603 ct

111 1630 304 1693 consentiunt,
327 1631 534 1705 propterquod
556 1631 584 1685 in
606 1630 717 1705 monilis
739 1638 955 1704 congregantur3
979 1632 1027 1687 secl
1046 1648 1139 1687 camin

113 1716 147 1773 at
178 1714 256 1772 illurn
278 1716 363 1771 rirurn
386 1716 433 1772 llei
455 1716 483 1771 S.
501 1716 695 1789 Epiphaniam,
725 1716 959 1788 arelriopiseopum
982 1716 1017 1772 sle
1039 1718 1137 1790 Cypro,

114 1802 179 1877 qula
204 1802 338 1874 propbeta
361 1811 413 1865 est,
436 1810 464 1858 et
487 1816 629 1873 personam
653 1801 770 1855 bortrinis
792 1816 846 1855 non
869 1800 975 1873 accipit.
1007 1802 1072 1856 Cum
1089 1818 1141 1856 au-

117 1894 175 1943 tem
207 1888 457 1961 appropinquarent
485 1886 584 1941 ciuitati
613 1886 687 1949 cius,
716 1882 863 1940 revelatum
887 1895 930 1941 est
952 1886 976 1941 ei
1000 1886 1138 1959 deipsis:

119 1980 145 2027 et
173 1970 286 2027 mittens
315 1971 341 2027 in
371 1986 515 2028 occursura
538 1986 633 2026 eorum
656 1969 737 2025 elisit:
765 1969 804 2025 tte
825 1969 933 2025 intretis
955 1970 982 2025 in
1006 1970 1139 2027 civitatem

120 2054 209 2112 istam.
239 2055 315 2112 'lunc
336 2056 373 2112 illi
396 2056 423 2113 in
445 2074 475 2111 se
498 2056 607 2119 recursi.
632 2054 771 2110 dixerunt:
795 2054 849 2109 l’ro
871 2055 984 2111 veritate
1006 2070 1057 2111 nos
1079 2055 1140 2112 eul-

125 2140 223 2211 pabiles
245 2156 350 2205 stamus,
373 2141 489 2214 utquid
513 2156 579 2213 ergo
602 2157 652 2196 aros
674 2140 749 2213 ipsus
771 2138 967 2195 iustitlcomusl
991 2140 1044 2196 llac
1059 2141 1140 2197 etiarn

129 2308 224 2379 pneut
245 2326 310 2367 ecce
332 2312 404 2367 enim
420 2310 490 2365 beris
514 2310 640 2366 revelavit
662 2310 699 2366 illi
722 2310 757 2365 sle
779 2309 867 2365 uobis.
898 2309 930 2365 llt
953 2309 1140 2383 reprebende-

133 2402 186 2450 runt
214 2396 378 2468 semetipsos
409 2396 483 2451 vulsie
512 2397 545 2451 ile
568 2395 647 2468 culpa
669 2412 749 2469 quam
771 2394 905 2451 lecerunt.
949 2394 1026 2452 l'unc
1046 2395 1140 2452 videus

134 2478 170 2547 pt
190 2480 270 2536 contla
294 2480 376 2543 noeti,
400 2480 462 2553 qriia
485 2498 534 2553 pro
557 2480 669 2536 veritate
690 2494 721 2536 se
743 2478 891 2553 culpabiles
909 2479 1038 2543 lecerunt.
1061 2496 1141 2537 res'e·

135 2558 185 2619 tut
204 2566 335 2639 episeopo
358 2565 523 2638 Epiphanio:
547 2574 574 2620 et
597 2564 669 2621 ultro
692 2565 765 2620 misit
781 2574 808 2621 ct
823 2564 932 2622 aslelurit
947 2583 1004 2629 eos.
1029 2573 1056 2621 et
1071 2582 1142 2623 con·

137 2646 223 2707 solatus
251 2667 300 2707 eos
329 2651 449 2722 sirseepit
472 2651 497 2705 in
520 2651 748 2706 communionem.
792 2650 907 2724 Scripsit
929 2651 1019 2723 itaque
1041 2651 1075 2707 ele
1098 2648 1140 2706 bis

138 2732 325 2809 antiepiscopo
347 2735 521 2791 Alexandriae
543 2735 650 2791 iliceos:
681 2735 796 2807 Suscipit
818 2734 888 2791 lilios
911 2742 988 2799 tuos.
1012 2734 1140 2809 quioniam

140 2812 281 2878 inveritate
304 2821 498 2893 poenitentiam
521 2827 645 2894 egerunt.
670 2828 697 2877 et
718 2820 818 2875 aslslislit
839 2836 931 2883 senes,
955 2820 1001 2894 qui
1024 2820 1077 2877 boe
1092 2836 1141 2875 er-

142 2904 239 2975 ruptum
262 2916 432 2968 narraverat,
457 2906 564 2961 dicens:
594 2905 666 2961 llaec
689 2914 730 2961 cst
753 2905 852 2960 sanitas
876 2905 1007 2965 libaninis.
1038 2913 1065 2960 et
1088 2906 1141 2961 lruc

143 2994 172 3040 bt
188 2990 257 3063 qnosl
280 2990 337 3046 rull
353 2990 487 3053 Deris-nt
502 2991 585 3047 ltonto
599 2990 704 3063 culpam
721 3006 796 3044 stram
813 2990 935 3062 proiiciat
949 2997 1012 3045 ante
1028 2989 1139 3046 beans.

208 3078 256 3133 ²8.
302 3076 349 3130 llis
377 3076 491 3149 aliissptc
522 3073 706 3147 spiritualibus
734 3074 828 3146 gratiis
857 3090 922 3129 aevo
950 3091 1001 3130 sou
1023 3073 1140 3131 celebris

145 3146 297 3229 bistonios,
321 3161 371 3217 toti
393 3160 520 3233 deinceps
543 3158 694 3233 posteritati
718 3158 836 3213 innotuit
852 3159 962 3231 scriptis
977 3158 1053 3215 libris
1069 3176 1141 3235 quo·

145 3248 186 3296 ltu
208 3246 313 3319 primus
340 3246 391 3301 luit
418 3262 499 3319 quem
526 3243 662 3317 appellant
684 3242 869 3309 Ancorutum,
899 3253 1044 3318 propterea
1067 3244 1139 3317 quior!

145 3324 252 3395 ltitanum,
282 3328 317 3385 te
344 3330 395 3385 rita
424 3346 455 3388 ac
482 3330 570 3386 salute
599 3328 749 3393 solicitum,
780 3328 865 3385 instar
893 3345 1008 3385 ancorae
1041 3328 1139 3384 firmat.

146 3398 189 3467 lius
210 3414 347 3471 scribensli
369 3414 430 3470 data
453 3416 503 3488 ipsi
525 3413 632 3470 occasio
654 3422 696 3471 est
718 3430 768 3487 per
790 3414 952 3488 “epistolam
975 3413 1102 3487 scriptam
1125 3430 1140 3468 c

179 3506 315 3563 lptpnantus.
336 3509 359 3551 l'.
969 3513 986 3561 υ
