2586 4822
129 762 195 825 254
582 771 695 822 emerit
780 798 783 807 -

129 939 173 987 est
201 926 355 985 llaeretieos
379 925 700 988 Tessarescaedecatitas,
729 933 776 981 aut
804 926 851 1000 qui
879 927 906 980 in
938 925 1022 999 primi
1051 928 1148 982 mensis

129 1016 232 1088 epocha
255 1012 400 1068 allicaeno
423 1027 526 1066 canone
549 1009 731 1074 discedebant,
755 1011 952 1083 qtralesbatini
973 1012 1149 1068 1101111111-

126 1100 197 1158 'tales
219 1098 357 1172 plerique,
388 1106 468 1168 atque
490 1095 620 1169 imprimis
643 1095 715 1150 Senti
739 1095 864 1158 luerunt,
888 1097 915 1150 in
941 1096 1032 1151 tribus
1055 1099 1149 1153 01111-

131 1183 223 1241 teridis
247 1181 396 1237 embolimis
420 1180 578 1236 consistere.
611 1180 712 1253 lluplea
734 1182 805 1253 apud
826 1180 997 1236 Christianos
1016 1182 1149 1238 Pascnms

130 1268 285 1340 depravatio
308 1266 367 1322 luit.
403 1265 494 1321 Altera
516 1264 595 1338 plane
617 1265 721 1320 Iudaica
745 1275 772 1320 ct
795 1266 975 1321 Asiaticorum
1002 1265 1066 1322 olim
1087 1283 1150 1341 pm-

131 1355 204 1428 pria,
219 1351 274 1425 *qui
302 1355 336 1407 ld
360 1352 448 1412 Luna,
472 1365 662 1425 quamcunque
684 1351 711 1405 in
734 1350 825 1405 leriam
848 1350 1022 1417 incurreret,
1053 1353 1147 1408 Pascha

131 1436 313 1494 celebrabant.
345 1434 444 1498 Altera,
468 1451 537 1507 quoe
560 1436 586 1489 in
610 1435 687 1507 primi
710 1435 810 1490 mensis
824 1435 972 1491 neomenia
990 1446 1085 1492 contra
1101 1436 1147 1492 Ga·

131 1538 231 1579 nonem
254 1520 443 1583 committeret,
467 1519 530 1573 dum
553 1520 624 1575 illam
647 1520 725 1576 eitius
748 1520 944 1583 antevertelrat,
969 1521 1042 1577 adeo
1064 1539 1091 1576 ur
1114 1525 1144 1578 ll

132 1608 205 1663 buna
221 1604 427 1678 Aequinoctium
449 1605 633 1676 praecederet.
664 1604 748 1672 Quam
764 1599 958 1681 διαστροφὴν
973 1623 1048 1661 noro
1062 1623 1144 1661 errore

132 1689 314 1751 cumulabant,
338 1698 369 1743 ut
391 1689 417 1743 in
441 1689 556 1744 termino
580 1690 648 1762 ipso,
672 1690 694 1743 si
718 1691 742 1744 in
760 1689 923 1744 dominicam
941 1691 1080 1753 incideret,
1100 1707 1142 1745 ce·

132 1775 256 1833 lebritate
273 1774 459 1846 iungerentur.
483 1775 652 1829 Posteriores
668 1775 712 1830 isti
728 1791 789 1829 cum
804 1774 1050 1832 decemnovennali
1064 1775 1140 1848 Cyclo,

133 1853 292 1915 bidaeoruur
315 1860 408 1923 instar,
432 1868 582 1922 uterentur,
607 1860 633 1914 in
656 1858 763 1915 (luobus
786 1858 915 1915 duntaxat
937 1862 1019 1915 annis
1043 1861 1074 1917 ab
1090 1861 1144 1916 Ale·

133 1944 269 2000 tonstrinis
292 1954 319 1999 et
337 1944 450 1998 Nicaena
473 1945 613 1999 sanctione
635 1943 808 2006 dissidebant,
833 1944 912 2017 Cyclo
937 1945 1100 2004 niurirum8
1120 1961 1146 2000 ac

138 2033 184 2087 19.
214 2029 279 2084 Noui
302 2028 401 2083 Lunari
424 2026 513 2099 Cyclo,
538 2045 591 2083 non
614 2030 702 2085 aureis
725 2029 843 2084 numeris
867 2027 1032 2085 utebantur.
1065 2031 1146 2103 tuque

134 2112 221 2171 tribus
244 2113 329 2184 Cyclis
352 2112 385 2166 ab
408 2112 591 2167 Alexandrinis
614 2113 811 2186 discrepabant.
852 2113 886 2169 b't
907 2115 1029 2187 exempli
1053 2130 1145 2174 caussa

134 2197 311 2254 Alexandrino
334 2214 448 2251 numero
477 2202 486 2252 l
514 2198 695 2270 respondebat
717 2199 829 2253 aliorum
857 2202 902 2254 17.
950 2201 1020 2256 ltem
1044 2201 1147 2265 Alema-

135 2282 274 2337 driuorum
292 2284 308 2338 8
331 2282 445 2337 istorum
464 2285 490 2343 5,
515 2282 694 2338 decimonono
709 2283 950 2339 Alexandrinorum
964 2284 1091 2341 luduicus
1109 2286 1145 2342 tt.

126 2361 253 2438 ⁴ludeque
280 2383 342 2420 eum
370 2367 539 2423 Alexandrini
568 2384 638 2422 anuo
655 2369 739 2440 'Cycli
768 2369 1025 2425 decemnovennalis
1055 2381 1145 2429 ortam.

136 2451 179 2508 cui
202 2469 330 2507 uumerus
353 2457 483 2508 aurens'l
508 2453 541 2506 art
556 2453 674 2525 Aprilem
699 2470 784 2525 nsque
807 2455 941 2517 conreuit,
967 2466 1093 2511 mensem
1111 2455 1147 2509 in-

136 2537 293 2593 tercalarem
315 2537 480 2601 adtexercnt,
504 2537 550 2608 qui
573 2554 586 2590 1
611 2539 628 2592 6
652 2537 738 2591 llartii
761 2555 871 2593 exorsus
895 2538 920 2592 in
946 2539 1051 2612 Aprilis
1070 2545 1085 2596 d
1108 2539 1149 2593 de-

136 2623 247 2684 sineret,
271 2639 301 2675 ae
324 2622 469 2692 postridie,
494 2623 546 2676 hoc
568 2631 610 2676 est
632 2622 730 2693 Aprilis
743 2625 769 2687 5,
793 2639 891 2677 annrrnr
914 2640 1023 2679 nouum
1047 2625 1149 2681 inchoa-

136 2715 212 2770 rent,
237 2706 429 2762 luduizantium
452 2706 532 2761 lactio
555 2722 604 2778 pru
627 2706 802 2762 embolimaeo
826 2725 997 2763 corninuoenr
1024 2724 1148 2782 usurpans

135 2806 244 2854 anirum,
268 2792 383 2863 pariorum
406 2808 526 2846 mensem
549 2790 843 2855 111111111111111116,
867 2792 945 2847 errius
967 2797 1002 2850 11
1022 2793 1147 2850 Pascbrlis

136 2875 221 2930 llartii
249 2879 283 2931 111
307 2875 487 2948 corripetebat.
528 2876 600 2930 ldem
623 2893 693 2930 anno
721 2879 755 2933 19
779 2876 963 2948 contingebat,
988 2896 1075 2951 quem
1096 2877 1147 2933 Ale·

136 2961 257 3016 sandrini
279 2961 367 3017 Pridie
390 2961 458 3016 Non.
475 2963 539 3033 Apr.
555 2959 728 3023 inchoabant,
751 2961 794 3016 alii
814 2962 848 3016 ll}
862 2962 930 3016 bon.
949 2962 1073 3019 llartias.
1095 2964 1149 3018 ban

136 3044 305 3101 Alexandrini
333 3050 367 3102 lb
391 3063 499 3109 aurium,
524 3047 566 3101 cui
583 3046 716 3100 Numerus
738 3063 837 3102 aureus
857 3049 891 3103 18
912 3049 1079 3120 respondet,
1100 3064 1150 3103 em-

136 3128 297 3184 bolimaeum
315 3131 526 3192 constituebant,
551 3132 630 3204 eique
645 3148 764 3185 mensem
782 3131 855 3186 illum
871 3132 1050 3203 arrogabant,
1074 3147 1147 3206 aque

136 3212 227 3266 ludaei
248 3229 346 3267 artuum
370 3230 449 3268 suum
471 3232 502 3269 ac
525 3217 640 3287 primurn
662 3233 781 3270 anensem
796 3216 1020 3289 auspicabantur.
1054 3219 1091 3273 be
1104 3231 1147 3289 qur

136 3312 167 3350 re
195 3304 222 3349 et
249 3305 328 3350 autea
355 3298 531 3353 disseruimus
560 3310 588 3355 et
616 3310 711 3371 agetur
740 3299 801 3355 alibi
830 3302 978 3374 copiosius.
1027 3303 1148 3371 Quocirca

136 3395 191 3435 nou
206 3380 247 3435 iu
277 3379 362 3436 tribus
383 3382 559 3438 Octaeteridis
582 3385 765 3440 embolimaeis
787 3386 877 3449 annis,
907 3386 956 3441 sed
980 3388 1006 3441 io
1033 3406 1089 3443 amo
1109 3402 1150 3440 so-

136 3462 192 3519 lum
213 3464 353 3549 ludaei-et
377 3466 509 3522 llaerctiei
531 3485 545 3521 a
569 3469 712 3525 Catholicis
741 3469 946 3543 discrepabant,
978 3472 1033 3528 hoc
1062 3481 1102 3528 est
1126 3471 1148 3525 in

135 3557 240 3604 oetaeo.

222 3633 324 3691 8111.
355 3626 417 3690 iou
440 3625 497 3709 γὰρ
520 3636 563 3711 τῷ
585 3625 660 3706 ὄντι]
692 3634 763 3692 llaec
779 3634 918 3707 Epiphanii
942 3635 1064 3693 lortasse
1087 3647 1149 3693 tem·

136 3717 256 3788 poribus.
302 3721 335 3773 At
363 3718 635 3776 aetate'llreodoreti
662 3720 845 3777 Audiauorum
875 3720 925 3775 iste
957 3721 1147 3796 disciplinae

134 3800 268 3856 licentiam
291 3819 321 3858 ac
344 3802 479 3858 libidinem
504 3803 659 3861 desciuerat.
