2586 4822
472 813 761 867 anruaoreastones.
1088 800 1125 863 13

110 972 165 1029 laoe
187 968 328 1043 scriptore
349 976 435 1034 notat,
456 969 580 1044 sparsim,
603 985 634 1025 aa
655 986 706 1026 suo
728 969 790 1027 loeo
811 969 965 1027 uiderimus.
992 969 1072 1040 Quod
1092 969 1125 1027 ad

111 1070 258 1154 mesano
263 1051 425 1113 vocabulum
446 1063 566 1129 spectat,
588 1053 658 1111 male
679 1053 713 1113 ab
735 1054 885 1129 llpipbaoio
913 1064 991 1129 putat
1017 1046 1129 1130 σεροιιχ

111 1129 280 1217 δριθισμόν
300 1139 385 1196 verti:
408 1156 469 1195 oum
491 1139 528 1197 ita
549 1137 721 1197 scribendum
744 1140 780 1196 sit
800 1140 854 1196 hoe
876 1156 984 1204 nomen,
1007 1157 1128 1217 oepouy,

111 1235 141 1283 et
158 1225 358 1299 proponentem,
380 1241 435 1281 uon
457 1224 632 1282 irritationem
655 1224 798 1298 signifieat
840 1222 912 1282 llaec
933 1224 987 1281 ille.
1031 1224 1128 1281 lerum

111 1310 246 1387 purgandi
267 1312 321 1368 hoo
343 1310 451 1385 quidem
473 1310 535 1368 loeo
550 1308 691 1383 Epiphanii
706 1296 789 1366 laeibs
805 1318 847 1367 est
863 1317 891 1365 et
905 1309 1035 1382 explicata
1050 1310 1127 1366 ratio.

111 1394 234 1453 Primum
262 1395 333 1451 enim
356 1411 483 1471 σερουχ,
512 1411 565 1450 ιιοιι
588 1411 699 1468 oapovy
720 1394 892 1450 scribendum
914 1393 952 1451 illi
975 1395 1038 1458 luit,
1067 1410 1128 1451 cum

110 1482 206 1557 priore
227 1480 307 1538 modo
323 1480 388 1537 bllll
410 1479 594 1553 conceperint.
623 1478 656 1535 lit
671 1478 730 1535 lieri
744 1488 845 1552 potest,
867 1488 899 1536 ut
913 1478 1043 1535 llebraiee
1059 1496 1129 1552 quo-

109 1582 167 1640 que
189 1564 285 1622 saltem
307 1564 438 1638 aliquot
432 1583 458 1621 ιιι
481 1563 678 1637 exemplaribus
699 1578 779 1624 nano
795 1581 849 1619 non
863 1578 944 1624 atum
963 1564 1063 1621 laetum
1078 1565 1127 1619 sit:

104 1666 145 1709 ex
168 1667 224 1725 quo
246 1650 348 1707 Graece
369 1643 481 1726 σιροιιχ
502 1648 646 1706 ediderunt
667 1649 742 1705 txx.
776 1649 841 1704 llaru
863 1648 888 1709 ιι
909 1666 996 1722 pert
1016 1649 1130 1722 plerun-

105 1752 168 1811 que
189 1734 264 1791 reddi
288 1735 374 1792 solet:
398 1736 476 1792 utin
498 1743 685 1799 minuetum,
708 1732 832 1798 Naobor,
856 1741 885 1791 et
902 1734 996 1789 Cbom.
1026 1734 1131 1789 utcun—
1220 1742 1226 1751 ‘

104 1837 169 1897 que
190 1836 255 1876 vero
277 1820 408 1893 seriptum
430 1819 558 1883 extiterit,
581 1827 673 1892 potest
695 1818 834 1876 commoda
855 1819 944 1894 aliqua
966 1820 1131 1891 interpreta-

106 1906 189 1963 tione
205 1904 345 1977 llpipbanii
361 1904 495 1978 [jassenna
511 1903 627 1961 delendi.
657 1904 789 1978 Imprimis
805 1903 1048 1977 anm'perpleeuan
1060 1918 1129 1965 eoae,

98 2000 196 2071 atque
218 1990 380 2046 intricatum
402 1988 549 2063 signifieat:
572 1988 645 2045 unde
667 2002 743 2049 tanat
756 2005 896 2082 propaqo,
920 2005 973 2045 non
988 1999 1077 2051 :aaut
1100 1996 1131 2043 ut

105 2062 274 2133 cdiintsue
295 2074 405 2147 placuit
436 2075 525 2142 Quare
547 2089 689 2147 perperam
711 2082 739 2129 et
760 2074 819 2146 ipse
841 2067 962 2152 oepoaly,
983 2073 1038 2129 siue
1052 2084 1130 2133 ιιιῦ

93 2161 299 2235 propoqinern
326 2160 419 2223 vertit:
448 2176 509 2215 euni
538 2158 606 2215 ratio
635 2158 769 2232 postulet,
798 2168 829 2215 ut
855 2159 891 2215 sit
911 2159 1074 2224 intricatus,
1103 2166 1131 2214 et

93 2246 275 2321 perplexus.
305 2244 339 2300 lit
360 2244 487 2316 quoniam
510 2260 580 2318 quae
601 2243 734 2300 eiusmodi
756 2252 835 2310 sunt,
859 2245 911 2301 lioe
933 2253 975 2300 est
997 2242 1132 2317 implicata

98 2340 139 2391 et
164 2329 301 2404 perplexa,
325 2329 399 2385 tricis
422 2330 478 2385 suis
501 2322 657 2405 ι’(ιιθιῖειν,
680 2345 834 2402 provocare,
858 2338 940 2403 atque
962 2329 1069 2384 irritare
1084 2346 1132 2385 so·

97 2414 188 2479 lent,
212 2414 274 2470 iude
297 2414 411 2470 [neusse
433 2428 512 2474 :aaut
535 2407 569 2471 τὸ
592 2408 745 2488 ἐρεθίζω,
774 2414 815 2471 vel
837 2408 1002 2488 ἓρεθισμιις
1023 2413 1131 2474 dicitur,

98 2518 143 2559 ex
169 2498 352 2555 reconditione
371 2494 473 2573 lingua.
505 2498 563 2555 Non
587 2499 658 2556 enim
680 2516 774 2555 omnes
796 2500 915 2555 omnium
937 2514 1033 2556 vocum
1051 2508 1132 2571 pote-

96 2594 201 2645 states
229 2584 256 2639 in
282 2584 365 2640 saeris
387 2584 473 2642 literis
495 2600 638 2657 expressae
660 2592 733 2639 sunt.
778 2584 825 2639 Sin
848 2594 890 2640 est
912 2594 942 2640 ut
963 2597 1044 2642 ιιι-,υ
1067 2582 1130 2638 tux

100 2670 138 2727 in
164 2667 289 2725 llebraeo
319 2669 485 2743 repererint.
514 2669 560 2742 qui
589 2660 699 2745 σεροιιχ
720 2667 902 2742 seripserunt3
931 2668 1078 2724 bellissime
1098 2666 1132 2722 ad

99 2754 189 2813 laune
210 2753 320 2810 modurn
343 2753 493 2827 quadrabit.
538 2765 606 2813 aaut>
629 2751 783 2817 Chaldaeis,
806 2762 834 2809 et
855 2751 982 2809 llabbiuis
1005 2762 1047 2808 est
1068 2769 1133 2825 per-

104 2855 192 2897 uerse
215 2854 296 2912 aqere
318 2839 390 2896 Sam.
415 2841 443 2903 2,
464 2841 499 2896 19
522 2839 557 2895 de
579 2837 669 2894 Semei
690 2850 757 2897 nno
779 2850 813 2898 *a
833 2854 968 2910 peruerse
989 2838 1057 2909 epit,
1087 2853 1132 2891 ra·

103 2924 241 2983 bettane.
272 2923 339 2979 llino
353 2937 449 3001 'pn-nto
465 2924 609 2995 iniquitas,
629 2930 785 2995 peecatum,
808 2924 939 2978 rebellio:
961 2935 1071 2995 pra-tw
1087 2938 1133 2978 re-

105 3008 212 3067 belles.
257 3008 320 3063 l'ide
343 3008 455 3064 Eliaru
449 3026 475 3063 ιιι
498 3007 600 3064 Thisbi.
642 3006 815 3080 ludidemque
837 2999 956 3082 σιρούχ,
979 3008 1031 3063 lroe
1053 3015 1133 3062 esta

111 3093 276 3157 rebellione,
299 3093 467 3150 contiuuaeia
490 3102 518 3149 et
540 3088 706 3172 ι’ρεθισμῳ.
735 3092 835 3148 Eadem
850 3110 900 3148 nou
915 3091 1047 3148 llebrat'ee
1063 3091 1133 3148 idem

113 3187 157 3237 est
181 3195 212 3234 ac
234 3179 402 3251 superlluum
425 3196 495 3244 esse,
517 3177 678 3242 redundare,
702 3178 775 3252 quud
797 3186 825 3233 et
847 3176 923 3234 aliani
946 3177 1066 3233 eiusdem
1082 3194 1135 3233 no·

117 3264 199 3321 tionis
222 3263 353 3336 originem
376 3263 488 3320 indieat:
512 3264 588 3338 quasi
611 3263 655 3327 sit,
679 3257 712 3319 lx
725 3259 902 3339 περιουσίας
914 3254 1056 3339 ὑβρίζειν,
1079 3262 1134 3318 las-

119 3347 208 3413 tiviro,
233 3356 260 3404 et
282 3348 412 3405 insrdtare
434 3365 467 3405 ae
489 3349 640 3422 procaciter
661 3348 776 3403 irritare.
806 3346 854 3403 Est
876 3348 919 3404 illa
936 3365 999 3403 vero
1014 3347 1134 3421 Epipha-

119 3434 154 3491 uii
176 3433 366 3507 interpretatio
389 3433 469 3507 longe
484 3432 659 3506 probabilior,
683 3449 762 3505 quam
777 3450 847 3507 quae
862 3433 933 3507 apud
949 3432 1059 3489 llieron.
1075 3432 1130 3487 Lib.

118 3518 151 3575 tle
173 3517 253 3574 Nom.
278 3517 360 3577 llebr.
384 3518 497 3592 legitur:
529 3526 557 3573 ut
587 3517 623 3573 sit
645 3519 783 3590 corripio,
811 3520 855 3574 ιιι
873 3520 1024 3591 perfectae.
1069 3518 1133 3573 Nam

117 3618 204 3677 qanta
228 3620 283 3659 nou
305 3616 380 3664 ιιιιιι
396 3602 537 3675 corrigiam
552 3611 647 3659 sonat:
671 3602 743 3658 unde
759 3604 853 3667 Sorue,
877 3598 998 3680 σιριιιικ,
1014 3620 1068 3658 non
1083 3606 1135 3658 se-

115 3705 169 3761 rug
191 3688 339 3761 legendum
361 3696 443 3744 esset.
473 3688 630 3761 Quanquam
652 3686 730 3743 litera
752 3688 820 3761 eaplr
841 3688 868 3743 in
891 3688 944 3744 sine
966 3705 1027 3744 eum
1044 3688 1135 3761 llaplne

112 3774 239 3847 aspirate
261 3774 471 3846 pronunciatur:
495 3771 555 3828 ideo
579 3773 680 3829 Graece
703 3763 824 3850 σιριιύχ.
853 3774 893 3828 dn
916 3776 953 3829 ita
969 3773 995 3828 in
1012 3772 1135 3829 llebraeo

112 3858 222 3933 legerat
245 3856 357 3915 llieron.
380 3867 426 3914 aut
447 3858 512 3914 Lxx
534 3856 662 3915 Seniores
684 3857 801 3915 diuinare
823 3876 877 3914 non
899 3857 975 3914 libet.
1014 3857 1165 3917 illterurub

112 3942 264 4019 glossema,
288 3942 362 4017 quod
384 3943 458 3999 addit
479 3942 668 4015 Hieronymus,
692 3960 788 4016 nempe
802 3943 954 4016 perfectus,
978 3961 1032 3999 non
1048 3943 1133 4016 capio,

113 4046 209 4104 aerque
231 4027 267 4084 ad
288 4046 345 4083 rem
369 4028 506 4101 pertinere
528 4037 605 4102 puto.
646 4029 713 4097 Quis
735 4037 825 4085 autem
848 4029 951 4085 nesciat
973 4027 1055 4083 multa
1078 4026 1134 4082 He-

112 4114 266 4171 braeorum
289 4113 426 4179 voeabula,
449 4112 523 4186 quod
544 4113 622 4171 aliter
635 4114 734 4170 Graece
756 4104 905 4188 perscripta
928 4123 1028 4175 esseut,
1053 4122 1080 4169 et
1101 4113 1134 4168 ab
