2586 4822
461 852 538 907 tert
555 854 777 907 hbututttlrtt.
1031 856 1135 907 mi!

100 1017 175 1084 part
198 1009 240 1071 22
265 1009 421 1069 solitudinis
448 1026 565 1077 anunm,
593 1010 621 1068 id
648 1019 692 1071 est
718 1026 820 1069 anum
848 1010 950 1071 Christi
972 1012 1049 1077 333.
1079 1015 1136 1073 “de

102 1094 185 1169 Spain
213 1104 241 1153 et
263 1097 386 1171 Aegypto
412 1096 446 1153 ad
473 1112 536 1155 cum
563 1095 688 1155 connum
708 1097 804 1171 populi
823 1095 1014 1161 confluebant,
1043 1097 1080 1154 ita
1101 1106 1135 1157 ut

102 1180 188 1241 niti
214 1181 244 1239 iu
267 1180 403 1239 Christum
431 1182 589 1246 crederent,
619 1189 647 1239 et
675 1198 705 1239 se
733 1183 883 1239 monachos
911 1181 1132 1256 profiteremurt

105 1263 212 1325 mrum
233 1276 328 1323 autem
348 1267 483 1325 crescenti
504 1282 619 1325 numero
645 1266 735 1340 potuit
757 1284 787 1323 so
809 1267 929 1324 iunxisse
950 1266 1135 1341 Epiphanius;

102 1351 200 1425 patuit
222 1351 312 1415 ctiam.
339 1368 401 1408 moa
422 1360 454 1407 ut
475 1352 555 1409 rediit
575 1352 603 1408 in
626 1351 739 1425 patriani
762 1353 850 1409 vicum
871 1353 1008 1426 recepisse
1030 1369 1071 1417 se.
1094 1353 1135 1409 si·

102 1435 199 1495 uben
221 1444 333 1493 acturus
354 1437 445 1501 ritum,
468 1447 496 1493 et
517 1436 692 1495 nihilominus
708 1436 839 1494 llilarioni
859 1437 997 1511 frequenti
1018 1453 1135 1495 conver-

103 1521 217 1581 uncae
237 1520 323 1579 luisse
343 1521 496 1589 familiaris3
520 1527 609 1596 quoad
633 1539 721 1594 usquc
742 1522 796 1587 ille,
821 1523 918 1580 nimiae
935 1538 1001 1579 suae
1015 1521 1136 1581 celebri-

105 1606 174 1665 ruis
196 1614 349 1679 porussos,
372 1607 445 1664 circa
466 1623 566 1663 annum
584 1609 644 1665 366
667 1607 789 1681 profugit
809 1607 835 1664 in
852 1611 1013 1682 Aegyptum,
1037 1624 1069 1665 ac
1083 1609 1135 1667 de-

109 1691 196 1765 nique
223 1691 251 1747 in
267 1691 391 1765 ¹Cyprum
419 1708 464 1751 an.
482 1694 541 1751 364
565 1691 612 1750 uhi
634 1708 696 1749 cusu
717 1693 788 1749 mori
808 1693 971 1766 contigisset
992 1693 1133 1751 Salaminia

106 1776 280 1851 episcopum,
302 1777 376 1833 band
397 1776 517 1833 mirabor
538 1777 561 1832 si
582 1794 615 1835 ex
637 1777 781 1834 Hilarionis
803 1777 917 1835 consilio
939 1778 1095 1852 postulatus
1118 1792 1135 1836 c

105 1860 260 1921 Mnestirra
284 1861 365 1920 luerit
379 1861 562 1936 Epiphanius:
583 1862 630 1935 qui
653 1861 782 1919 libentius
805 1879 874 1919 orius
896 1863 969 1919 istud
984 1861 1134 1928 admiserit,

108 1962 140 2009 as
161 1946 329 2003 Arianos-um
354 1956 523 2021 grassantem
553 1947 606 2003 sub
628 1947 739 2004 Valente
768 1947 937 2021 tyrannidem
959 1956 1083 2021 spectare
1105 1956 1134 2005 ot

109 2031 247 2089 munnere
269 2041 424 2104 cogeretur,
447 2041 476 2089 et
497 2032 560 2107 quia
582 2042 701 2090 veterem
723 2032 871 2106 spiritualis
888 2033 958 2089 vitae
973 2033 1134 2107 magistrum

112 2126 154 2175 nl
175 2116 284 2173 socium
306 2117 342 2173 ihi
364 2126 440 2175 esset
460 2127 632 2191 reperturus,
655 2128 683 2175 et
706 2134 739 2175 co
760 2117 851 2191 quoad
872 2117 973 2175 viveret
989 2118 1133 2175 fruituram.

113 2200 176 2260 tntu
199 2211 293 2261 antem
315 2201 435 2261 hilarion
457 2220 547 2278 usquc
568 2204 600 2258 nil
623 2219 723 2259 annum
745 2203 843 2260 acuns
866 2205 915 2268 80,
940 2203 1040 2259 Christi
1061 2204 1132 2268 372,

115 2288 217 2360 pando
242 2287 297 2343 “ds
325 2289 383 2345 eius
411 2287 536 2345 laudibus
561 2287 670 2345 brevem
692 2288 851 2362 epistolam'
873 2288 944 2345 idem
966 2287 1136 2361 Epiphanius

117 2372 267 2446 “scripsit''
288 2373 361 2429 sicut
382 2373 409 2431 in
437 2373 500 2430 Vita
514 2374 676 2430 Hilarionis
699 2382 816 2431 testatur
837 2373 864 2429 S.
881 2372 1077 2447 Hieronymus:
1101 2388 1134 2431 cx

118 2458 185 2515 taius
208 2458 292 2515 wana
314 2458 428 2531 epistola
452 2461 507 2523 61,
536 2461 576 2515 od
596 2458 806 2514 anmocbiurn
826 2458 972 2523 discimus,
1004 2459 1078 2531 quotl
1100 2474 1135 2517 so

120 2550 257 2617 “umpone
283 2560 339 2616 quo
361 2552 449 2601 totum
472 2544 627 2607 Orientem,
656 2552 769 2617 excepto
791 2559 861 2617 papa
880 2542 1030 2599 Athanasio
1051 2551 1135 2616 arque

120 2624 240 2693 labeo,
269 2629 430 2685 Asianorum
460 2638 542 2701 utque
565 2628 794 2685 Eunomianorum
823 2627 944 2685 haeresis
966 2625 1133 2700 possidebat,

122 2712 219 2783 qundo
242 2712 373 2769 lmnnes”
396 2714 484 2770 ailhnc
508 2714 634 2786 privatus·
652 2715 759 2777 (contra
781 2729 862 2786 quem
885 2720 981 2787 postea
1004 2710 1136 2769 lheroso-

124 2791 270 2868 bruitanum
297 2799 455 2872 episcopum
484 2799 585 2871 scripta
607 2798 740 2871 Epistola)
767 2798 795 2854 in
824 2797 877 2854 tide
899 2796 1072 2854 dissimulans
1095 2797 1136 2854 rel

125 2882 247 2953 tiribaus.
279 2883 518 2941 ‘'Occidentalibus
541 2893 573 2941 et
591 2883 617 2941 in
641 2883 729 2940 medio
751 2881 846 2940 exsilio
864 2881 1068 2941 consessoribus
1084 2883 1134 2941 b'S.

126 2960 239 3041 Mysis
262 2966 468 3032 Hediolanensi,
493 2968 610 3027 Eusebio
633 2968 811 3032 vercellensi,
836 2977 863 3024 et
885 2967 1010 3025 hucilero
1033 2966 1137 3025 Galari-

128 3055 190 3117 bm,
219 3069 275 3108 non
304 3052 534 3121 communicabat;
565 3054 729 3128 Epiphanius
759 3054 798 3109 vel
822 3051 966 3127 presbyter
988 3053 1014 3109 in
1037 3069 1136 3109 mona-

129 3138 195 3195 ·ltr'to
222 3138 258 3195 ab
281 3137 414 3213 Eutychio
442 3138 604 3196 audiebatur
632 3139 734 3212 (magni
764 3139 859 3213 utique
888 3137 1005 3195 nominis·
1033 3137 1134 3211 aliquo,

131 3230 176 3277 tu
196 3222 312 3296 epistola
333 3222 385 3280 snb
408 3240 508 3281 annum
526 3227 587 3283 396
610 3224 785 3289 scriberetur,
810 3223 940 3297 episeopo
962 3232 1009 3279 aut
1026 3221 1135 3288 abbate,

131 3305 228 3363 tteduru
251 3318 343 3365 tamen
364 3309 473 3366 abunde
495 3320 574 3381 noto)
596 3310 638 3365 ael
659 3319 753 3383 postea
777 3309 923 3382 episcopus
939 3307 1028 3382 Cypri,
1051 3307 1137 3365 aVa*

131 3380 187 3446 bate
207 3409 261 3449 aon
285 3393 463 3468 tangebatur:
488 3404 578 3451 tantae
600 3396 672 3451 eninr
694 3393 881 3450 recensionis>
896 3410 1006 3467 semper
1021 3393 1080 3458 luit,
1104 3401 1136 3453 ut

133 3486 257 3546 mantes
286 3479 415 3537 bacmtiei
442 3480 616 3553 ignominiam
644 3497 721 3536 suam
749 3488 878 3554 putarent
899 3480 923 3534 si
945 3478 1026 3535 telem
1048 3479 1135 3535 virum

134 3566 369 3635 muneremur.
404 3564 504 3622 Exules
526 3574 617 3621 autem
639 3565 762 3623 viserunt
783 3565 810 3621 in
831 3565 942 3621 Oriente
962 3564 1136 3621 confessores

136 3645 242 3709 ltttdicti
265 3647 299 3705 ab
321 3666 393 3708 anno
417 3654 479 3709 355
502 3650 535 3706 ail
558 3652 629 3713 362,
654 3661 681 3706 et
698 3650 793 3707 valens
815 3649 984 3706 orthodoxos
1006 3657 1049 3705 eat
1070 3664 1137 3722 per·-

136 3739 225 3789 cutus
246 3732 281 3790 ab
303 3750 375 3791 anno
398 3737 459 3792 366
482 3735 515 3791 nl
540 3738 610 3795 375.
648 3735 724 3792 Unde
746 3734 859 3808 intelligi
881 3736 970 3798 datur,
994 3750 1049 3790 non
1073 3740 1137 3789 tnn-

138 3813 177 3869 blt
200 3835 280 3891 quam
306 3819 413 3893 integra
443 3829 501 3877 toto
530 3820 576 3877 illo
605 3830 729 3894 tempore
750 3820 832 3877 luerit
853 3818 995 3893 Epiphanii
1017 3818 1086 3875 samu
1109 3826 1138 3878 et

138 3904 266 3971 uenum
295 3904 343 3961 ssd
367 3905 448 3962 etiam
470 3906 544 3979 quod
567 3906 618 3961 iarn
641 3905 703 3962 inde
725 3904 758 3962 ab
781 3904 857 3962 initio
881 3903 1094 3978 persecutionis,
1121 3919 1137 3957 a

140 3976 272 4045 b›tataatio
293 3991 451 4055 suscitatae,
474 3991 620 4064 presbyter
640 3991 723 4048 luerit
743 3998 932 4049 consecratus.

154 4146 157 4153 Ι
204 4075 248 4133 12.
278 4073 367 4131 Porro
390 4075 424 4132 de
445 4084 540 4133 mutua
561 4077 634 4133 inter
655 4085 766 4133 sanctos
786 4074 950 4133 llilarionem
974 4084 1001 4131 et
1017 4073 1138 4146 Epipha-

139 4157 388 4217 autumnitate
411 4159 530 4218 hahetur
550 4161 665 4235 insignis
686 4162 765 4219 locus
785 4161 814 4218 in
836 4160 935 4219 libellis
957 4159 1000 4217 be
1027 4160 1091 4218 l's'to
1111 4163 1140 4217 et
