2586 4822
226 796 266 858 76
526 811 638 863 rcrnvn
656 811 937 863 autumnansiones

225 973 255 1021 ut
276 980 337 1020 cum
360 963 518 1036 Dionysiana
540 983 602 1020 aera
617 966 824 1039 chronologiam
847 983 922 1021 suam
945 965 1088 1022 conciliare
1111 976 1235 1039 possent,

224 1050 318 1124 utique
340 1049 494 1107 Diocletiani
515 1051 618 1123 primus
640 1040 674 1105 in'
690 1066 788 1106 annum
811 1067 889 1106 aerae
910 1067 975 1107 suae
991 1050 1158 1107 Christianae
1175 1053 1235 1108 284

224 1135 341 1197 caderet,
363 1151 447 1190 tinum
469 1143 515 1190 aut
529 1135 644 1190 alterum
659 1152 769 1199 annum,
791 1136 959 1208 totidemque
976 1134 1170 1191 Consulatuum
1186 1152 1239 1208 pa·

153 1216 161 1225 “
223 1219 262 1277 ria
283 1218 461 1283 sustulerunt,
484 1221 567 1293 quod,
589 1229 621 1276 ut
641 1220 764 1283 diximus,
787 1220 814 1275 in
836 1220 880 1276 illa
902 1220 976 1277 faece
997 1221 1109 1276 Romani
1131 1220 1239 1292 imperii

224 1303 333 1377 impune
360 1313 473 1377 propter
494 1303 633 1360 Annalium
648 1304 887 1377 perturbationem
909 1306 997 1361 iacere
1020 1305 1104 1362 licuit.
1148 1307 1239 1376 Atque

223 1389 293 1445 banc
315 1404 447 1444 annorum
468 1388 596 1443 iacturam
618 1388 760 1462 labemque
776 1389 881 1445 Probus
904 1391 1053 1464 Imperator
1074 1389 1150 1445 facilc
1173 1406 1240 1445 sus-

225 1473 319 1536 tinuit,
349 1473 382 1528 de
411 1472 487 1528 cuius
515 1474 621 1546 imperii
643 1485 765 1547 tempore
788 1474 916 1530 nonnulla
938 1484 980 1531 est
1002 1475 1073 1530 iuter
1094 1474 1240 1547 primarios

224 1558 353 1615 authores
375 1557 516 1614 dissensio.
560 1559 624 1614 Nam
648 1560 777 1632 Vopiscus
800 1577 885 1615 annos
907 1560 944 1615 illi
969 1563 985 1617 5
1008 1560 1137 1615 duntaxat
1159 1558 1241 1614 attri-

224 1640 292 1698 buit.
324 1641 428 1697 Cacteri
452 1644 469 1698 6
492 1651 538 1698 ant
562 1647 589 1708 7,
613 1645 665 1699 1166
688 1652 729 1699 est
752 1661 837 1700 annos
860 1644 961 1700 solidos
985 1646 1003 1701 6
1026 1654 1185 1699 atinenses
1210 1646 1239 1700 t.

224 1727 263 1783 lta
285 1726 445 1799 Eutropius,
469 1726 568 1793 Victor,
591 1728 724 1785 Eusebius
747 1738 774 1784 et
796 1745 827 1783 cx
850 1728 967 1785 Eusebio
989 1737 1097 1785 noster:
1120 1727 1241 1784 lulianus

225 1811 253 1868 in
268 1810 435 1876 Caesaribus,
459 1812 644 1878 Cassiodorus,
668 1813 713 1870 alii
734 1813 817 1869 terme
834 1830 937 1878 omnes,
961 1822 1070 1887 praeter
1085 1828 1168 1868 unum
1185 1812 1242 1868 Vo-

223 1897 338 1970 piscum.
384 1898 563 1965 Quamobrem
593 1901 639 1971 qni
668 1915 732 1953 suos
753 1898 872 1954 Annales
895 1916 949 1954 nuo
972 1915 1043 1954 anno
1066 1897 1107 1953 vel
1129 1895 1242 1953 biennio

224 1982 356 2038 hactenns
378 1991 585 2047 anteverteraot,
609 1984 736 2040 detractis
758 1985 871 2040 totidem
887 2001 919 2039 ex
933 1984 1046 2056 imperio
1063 1981 1153 2046 Probi,
1178 1998 1241 2037 cum

224 2065 384 2138 Dionysiana
413 2083 472 2121 aera
502 2067 628 2141 deinceps
656 2068 729 2141 paria
751 2069 883 2125 lenierunt.
928 2070 1068 2141 Augttstus
1089 2067 1243 2139 imperator

226 2149 293 2206 obiit
315 2149 420 2206 duobus
443 2151 530 2208 Sextis
552 2151 628 2208 Coss.
651 2162 682 2207 ut
703 2155 803 2209 author
824 2163 866 2208 est
881 2152 1028 2209 Suetonius
1049 2161 1077 2209 et
1093 2151 1150 2207 Dio.
1183 2149 1245 2207 llo-

225 2251 285 2290 rum
307 2252 370 2290 vcro
393 2236 569 2301 Consulatus,
598 2245 628 2292 ut
650 2245 677 2292 et
698 2254 771 2293 mors
794 2237 922 2310 Augusti,
952 2236 1077 2309 congruit
1099 2252 1172 2291 anno
1195 2235 1243 2290 lu-

224 2320 295 2375 liano
321 2323 373 2383 59,
404 2320 579 2394 Dionysianae
606 2338 684 2377 aerae
716 2326 769 2386 14,
800 2323 873 2394 quod
895 2323 965 2378 Solis
993 2321 1100 2394 eclipsis
1129 2320 1241 2383 indicat,

225 2422 295 2479 quae
317 2404 368 2461 sub
391 2405 450 2470 eius
470 2415 585 2462 mortem
607 2406 710 2463 accidit.
755 2408 820 2463 Post
841 2408 914 2463 hunc
938 2406 1113 2463 Consulatum
1135 2405 1245 2462 duceu-

226 2490 338 2547 tesimns
360 2507 391 2546 ac
413 2495 628 2565 septuagesimus
651 2509 711 2548 esse
727 2492 808 2548 dehet
824 2492 986 2549 Consulatus
1002 2490 1089 2546 Carini
1106 2492 1123 2547 2
1140 2499 1169 2545 et
1184 2490 1245 2545 llu-

226 2575 337 2631 mcriani
361 2578 388 2640 2,
411 2577 510 2649 quibus
533 2576 609 2633 Coss.
634 2576 814 2633 Diocletianus
836 2578 869 2632 ad
891 2577 1033 2649 imperium
1056 2584 1164 2631 evectus
1189 2584 1244 2631 est.

227 2660 348 2716 Totidem
371 2662 440 2716 euim
464 2662 526 2718 anni
548 2671 649 2718 sunta
677 2667 711 2719 tt
736 2663 896 2734 Dionysiano
919 2662 952 2717 ad
970 2663 1039 2718 284.
1070 2659 1146 2733 Apud
1164 2659 1246 2715 Duu-

226 2744 305 2801 irium
334 2762 396 2801 vero
424 2747 625 2803 ducentesimus
654 2749 836 2820 sexagesimus
865 2746 994 2802 duntaxat
1015 2761 1104 2800 nonus
1126 2752 1185 2799 est:
1214 2743 1245 2801 itt

227 2829 330 2901 magnis
351 2830 498 2887 Annalibus
526 2831 728 2888 ducentesimus
750 2832 933 2905 sexagesimus
955 2839 1075 2886 octavus.
1119 2828 1192 2901 lingo
1215 2830 1246 2884 iu

227 2912 286 2968 istis
310 2913 455 2969 Consulum
478 2917 549 2988 paria
572 2915 642 2978 duo,
664 2917 691 2971 in
714 2917 765 2972 illis
786 2933 871 2971 unium
890 2916 1067 2971 desideratur.
1112 2912 1249 2969 Similiter

228 3014 314 3052 annus
338 2997 439 3070 primus
460 2999 601 3056 Alexandri
619 2999 779 3058 hlammaeae
801 3001 856 3066 Dlii,
881 3011 911 3057 ut
933 3018 965 3057 ex
981 2999 1115 3072 llippolyti
1131 2997 1246 3053 666666

228 3099 309 3156 supra
331 3081 452 3148 vidimus,
477 3083 535 3141 iniit
556 3102 626 3140 anno
651 3085 749 3142 Christi
773 3089 847 3149 222,
876 3102 889 3140 a
912 3103 966 3157 quo
989 3084 1172 3156 sexagesimus
1195 3099 1247 3138 se-

228 3167 332 3223 cundus
355 3184 440 3224 annus
463 3179 505 3224 est
522 3169 620 3226 Christi
638 3172 707 3235 284,
732 3171 843 3243 proinde
867 3172 905 3227 62
923 3169 1069 3226 Consulum
1091 3167 1165 3240 paria
1189 3184 1248 3222 nu-

176 3252 327 3312 tttllmerari
348 3251 455 3311 debent.
485 3254 583 3311 Verum
604 3255 632 3310 in
654 3254 806 3311 Dnuirianis
828 3255 915 3311 Fastis
937 3254 1045 3311 nonnisi
1061 3255 1109 3316 61,
1133 3252 1161 3306 16
1184 3251 1247 3308 aliis

230 3338 268 3394 60
291 3347 439 3410 ponuntur.
484 3339 571 3408 Quare
594 3340 637 3396 hic
659 3341 712 3396 duo
736 3341 811 3396 Coss.
835 3340 922 3413 paria,
946 3339 999 3395 illic
1021 3353 1105 3393 unum
1126 3345 1172 3392 est
1193 3353 1246 3393 ex-

227 3431 366 3494 punctum.
397 3423 453 3480 1166
475 3434 505 3481 6ῑ
526 3425 674 3481 certissime
697 3435 812 3489 constat,
837 3426 872 3480 ita
894 3425 1002 3499 quinam
1026 3422 1138 3478 maxime
1162 3421 1243 3477 Coss.

227 3509 364 3579 praeteriti
387 3509 449 3572 sint,
472 3509 499 3564 in
522 3518 595 3565 tanta
611 3509 752 3565 Fastorum
775 3510 952 3582 discrepantia
974 3508 1115 3580 designare
1131 3505 1243 3562 difficile

228 3600 278 3647 est.
310 3593 478 3649 Periclitandi
502 3603 589 3649 tamen
613 3611 706 3649 caussa
729 3595 832 3667 aliquot
854 3595 929 3650 Coss.
953 3593 1050 3648 seriem
1073 3609 1104 3646 ex
1128 3591 1243 3646 diversis

228 3676 314 3733 Fastis
337 3673 520 3752 excerpemils.
550 3679 669 3746 Quorum
691 3680 796 3735 initium
818 3679 851 3735 ah
874 3680 906 3735 iis
922 3679 997 3734 Coss.
1014 3677 1154 3737 dacremus,
1179 3676 1245 3748 qui-

228 3760 279 3817 bus
308 3763 397 3819 occiso
427 3763 545 3820 Gallieno
574 3764 706 3820 successit
734 3765 874 3829 Claudius,
915 3774 944 3820 ut
977 3760 1088 3818 Dnulrio
1121 3759 1242 3824 videtur,

228 3863 324 3921 nempe
347 3849 440 3904 Dvinio
463 3848 577 3904 Paterno
597 3850 615 3905 2
639 3858 666 3905 et
681 3848 826 3905 llariniano
843 3848 918 3906 Coss.
948 3849 978 3903 ln
1001 3846 1085 3920 prima
1102 3854 1130 3901 et
1144 3852 1244 3918 quam

228 3931 368 3989 columella
391 3932 551 3989 Dnuirianos
573 3942 601 3989 et
618 3933 781 3990 llaronianos
796 3933 872 3990 Coss.
895 3935 920 3989 in
944 3932 1038 3989 mediis
1060 3929 1192 3986 ambabus
1208 3945 1242 3985 ox

229 4015 388 4077 Cassiodoro
410 4026 438 4075 et
460 4017 556 4075 Siculis
579 4018 664 4075 l'astis
686 4019 835 4092 exscriptos
857 4017 1041 4075 subiiciernus.
