2586 4822
148 804 188 865 42
293 812 340 867 W.
375 816 438 866 σιτ
454 817 530 866 τευ
546 815 740 865 mmm
757 814 828 863 τοκ
843 812 1010 863 Χντττστ.

148 967 182 1034 έκ
203 969 260 1054 γῆς
282 965 329 1044 είς
356 965 415 1044 τὰς
444 959 615 1050 οὐρανίους
644 962 771 1048 ἀψῖδας
799 959 1074 1051 ἀνασφαιρῶσας,
1108 962 1159 1025 καί

148 1064 259 1143 πάσας
280 1062 339 1142 τάς
360 1067 426 1129 τῶν
449 1058 591 1148 ἀγγέλων
608 1063 725 1149 φύσεις
741 1063 787 1140 είς
800 1060 902 1145 χαράν
919 1059 1059 1146 ἀληκτσν
1076 1083 1161 1140 παρ-

148 1162 302 1249 ορμήσας,
327 1164 417 1247 ξένην
433 1156 510 1246 ἡμῖν
526 1167 610 1226 θέαν
626 1160 781 1239 ἐπέδειξε,
805 1160 862 1245 τὴν
881 1155 1039 1245 ἡμετέραν
1056 1156 1159 1239 σάρκα

147 1260 203 1327 έπί
225 1259 351 1343 θρόνου
371 1259 543 1342 βασιλικοῦ
572 1259 763 1345 ἐπηρμένην.
808 1259 875 1322 ποῦ
908 1255 992 1321 εἰσιν
1021 1255 1053 1320 οἱ
1084 1255 1161 1336 περὶ

123 1358 188 1428 ετά
210 1357 421 1440 ίπποδρόμια
448 1351 684 1438 ἀσχολούμενοι
716 1359 768 1422 καί
800 1351 939 1440 ἡνιόχουν
967 1350 1161 1438 ἀγαπῶντες

148 1452 304 1537 ὀξύτητας
348 1456 440 1521 δεῦτε
473 1456 560 1521 ἴδετε
592 1453 780 1537 παράδοξον
804 1448 1048 1537 οάρανοδρόμον
1073 1444 1162 1538 ἡνίο-

144 1577 212 1636 χον,
237 1553 328 1619 δεῦτε
351 1552 647 1642 λ’δετεηπαράδοξον
677 1551 903 1634 ἱπποδρόμον,
933 1550 990 1616 τόν
1012 1551 1072 1633 τῆς
1093 1553 1161 1612 κτί-

147 1675 230 1729 σεως
257 1648 451 1735 δημιουργὸν
484 1648 517 1714 έν
545 1643 749 1735 ἀνθρωπίνῳ
778 1647 997 1730 ε’ποχοόμενον
1026 1641 1202 1728 άρματι,1Ξ

148 1743 205 1814 οὐκ
228 1747 283 1814 ἐπὶ
306 1750 363 1835 γῆς
391 1743 537 1825 ἀτάκτως
569 1747 753 1824 ε’λαόνυντα,
790 1741 857 1812 ἀλλ’
884 1746 1057 1828 αίθερίους
1088 1741 1163 1824 δρό-

110 1864 229 1930 1θμσυς
249 1848 481 1929 καινοπρεπῶς
498 1839 747 1922 ἀναστέλλοντοι,
770 1846 823 1909 καὶ
839 1843 895 1908 τὸν
911 1838 1066 1924 οὐράνιον
1082 1866 1164 1922 καμ·

148 1947 257 2028 πτῆρα
286 1942 546 2026 καταλαμβάνειν
581 1941 792 2026 ἐπειγόμενον
827 1944 880 2006 καὶ
910 1940 967 2006 τὸν
996 1942 1162 2023 παρατρέ-

146 2064 245 2122 χοντα
269 2041 389 2122 Βελίαρ
413 2041 559 2117 δυνατῶς
586 2044 863 2125 καταστρέφοντα.
907 2032 974 2103 ἀλλ’
998 2032 1162 2101 Ἰουδαίων

148 2139 268 2214 παῖδες
301 2138 332 2203 οἱ
359 2136 519 2220 βάσκανοι
551 2139 610 2222 τῆς
638 2130 798 2219 ἀληθείας
832 2130 1028 2211 ἀκούσαντες
1064 2129 1117 2198 ὅτι
1145 2128 1162 2198 ό

148 2233 294 2319 Χριστὸς
311 2230 481 2320 ἀνελήφθη
499 2234 545 2310 είς
561 2228 727 2318 οδρανοός,
751 2229 946 2318 ἀμαυρῶσαι
965 2231 1163 2316 βουλόμενοι

111 2332 185 2403 ιῡτὸ
208 2331 397 2415 παράδοξον
419 2334 536 2413 θαῦμα
563 2335 621 2416 τῆς
643 2331 874 2417 λαμπρότητος
902 2333 960 2395 τοῦ
990 2324 1085 2415 ἡλίου
1108 2330 1165 2415 τῆς

149 2427 356 2514 δικαιοσύνης
377 2427 435 2494 τὸν
454 2425 566 2494 Ἠλίαν
596 2430 836 2515 παρεισάγουσι
859 2430 1020 2512 λέγοντες,
1052 2433 1086 2492 τί
1108 2450 1164 2508 με·

147 2528 231 2612 γάλα
253 2525 436 2609 κομπάζετε
456 2527 665 2608 Χριστιανοὶ,
691 2525 743 2594 ότι
766 2523 937 2612 ἀνελήφθη
961 2521 979 2589 ό
1004 2522 1163 2607 Χριστός,

148 2621 193 2703 ῶς
222 2627 345 2710 λέγετε;
388 2627 440 2689 καὶ
469 2623 530 2708 γάρ
549 2619 662 2703 Ἠλίας
685 2622 867 2709 ἀνθρωπος
898 2618 943 2688 ῶν
964 2625 1022 2706 τῆς
1046 2617 1202 2703 ὁμοίας(

150 2722 245 2808 δόξης
268 2717 427 2801 ἀξιωθεὶς
449 2717 621 2809 ἀνελήφθη
645 2722 691 2801 εἰς
712 2723 788 2800 τοὺς
804 2719 970 2804 οδρανοός.
1006 2719 1092 2802 πρὸς
1109 2717 1164 2797 οὓς

111 2819 231 2903 τομετά
254 2826 439 2904 παρρησίας
461 2818 690 2905 φθεγξόμεθα,
721 2821 840 2897 διὰτί,
865 2809 891 2882 ῶ
912 2815 1075 2895 Ἰουδαῖοι,
1107 2815 1165 2894 τάς

148 2919 282 3001 βίβλους
305 2913 349 2994 ῶς
370 2917 488 3003 τυφλοί
513 2917 673 2995 σκόλλετε,
697 2921 751 2982 καί
772 2917 813 2983 τά
828 2923 1032 3002 γεγραμμένα
1050 2916 1084 2982 έν
1107 2908 1165 2979 αὖ·

148 3024 222 3090 ταῖς
243 3012 326 3095 μετὰ
348 3007 513 3095 ἀκριβείας
542 3008 579 3080 οδ
601 3016 758 3098 βλέπετε,·
792 3013 849 3080 διά
870 3021 903 3080 τί
926 3010 1165 3098 ἀναγινώσκετε

149 3113 201 3176 καὶ
226 3105 282 3175 οὒκ
305 3109 535 3194 ἐπιγινώσκετε
542 3142 552 3194 ,·
575 3109 608 3176 τί
621 3111 681 3196 γὰρ
699 3108 715 3198 η
732 3118 812 3178 θεία
828 3114 913 3196 λέγει
928 3111 1057 3198 γραφήν·
1092 3110 1164 3175 “aaz

150 3202 321 3294 ἀνελήφθη
342 3203 454 3285 Ἠλίας
483 3207 515 3274 ἐν
544 3213 733 3294 συσσεισμηῖ
763 3205 807 3287 ῶς
836 3209 882 3287 είς
904 3209 961 3273 τόν
985 3204 1166 3290 οόρανόν’”

111 3300 222 3387 τεοάγὶ
244 3306 278 3370 δὲ
302 3305 348 3384 είς
368 3305 425 3371 τὸν
448 3303 594 3389 οὐρανόν.
635 3304 673 3371 τό
697 3309 732 3372 δὲ
756 3303 821 3384 “ῶ’ς
844 3307 890 3385 είς
917 3307 973 3371 τόν
1008 3300 1166 3389 σάρανόν”

150 3397 336 3489 ἀμφίβολον
360 3404 424 3485 ἔχει
446 3401 502 3492 τὴν
526 3403 661 3482 έννοιαν,
692 3405 731 3469 τὸ
760 3407 795 3470 δέ
825 3405 892 3483 “dg
920 3405 977 3469 τὸν
1007 3400 1167 3488 οὐρανόν”

149 3500 268 3586 τρανὴν
291 3500 433 3566 δείκνυσι
454 3500 511 3587 την
535 3496 704 3587 ἀληθειαν.
739 3497 792 3567 ότι
815 3504 850 3566 δὲ
873 3499 948 3567 σότε
960 3496 1075 3578 Ἠλίας
1092 3498 1168 3566 οὔτε

151 3597 260 3681 ἕτερός
280 3623 330 3676 τις
352 3593 449 3685 ἀνέβη
474 3599 520 3677 είς
541 3598 598 3664 τὸν
622 3594 768 3684 οὐρανὸν,
794 3599 823 3664 εί
844 3596 887 3684 μη
903 3597 1004 3680 μόνος
1021 3595 1039 3662 ό
1057 3598 1091 3663 ἐκ
1106 3600 1192 3668 τοῦυ

150 3691 288 3780 οὐρανοῦ
310 3697 454 3781 καταβάς
477 3692 495 3760 ό
515 3698 691 3783 μονογενὴς
706 3700 764 3762 τοῦ
780 3698 862 3762 θεοῦ
884 3696 954 3774 υίὸς
970 3690 1070 3772 αὐτὸς
1086 3698 1166 3779 περὶ

112 3795 267 3870 aniam&
290 3793 417 3872 πάντας
444 3795 666 3880 πληροφορῶν
696 3795 782 3878 λέγει
810 3788 939 3871 ὀὐδεὶς
966 3787 1168 3878 ἀναβέβηκεν

152 3892 198 3969 είς
218 3891 275 3956 τὸν
299 3886 452 3972 οὐρανὸν,
486 3890 579 3977 εἰμὴ
604 3887 621 3955 ό
645 3890 678 3957 ἔκ
699 3894 757 3956 τοῦ
787 3885 926 3974 οὐρανοῦ
954 3892 1119 3974 καταβάς,
1149 3885 1168 3955 ό

151 3988 221 4067 υίὸς
241 3990 298 4053 τοῦ
322 3983 515 4071 ἀνθρώπου,
540 3984 557 4051 ό
581 3983 625 4053 ῶν
648 3988 681 4054 έν
703 3993 750 4074 τῷ
773 3987 901 4073 οὐρανῷ
912 3992 935 4023 ·”
970 3983 1168 4074 όποιμηνό

150 4084 255 4164 καλὸς,
290 4079 308 4150 ό
335 4083 377 4150 τά
405 4084 593 4171 ἐνενήκοντα
622 4084 713 4152 ἐννέα
745 4086 899 4171 πρόβατα
926 4088 992 4151 τῶν
1021 4081 1169 4172 ἀγγέλων
