2586 4822
472 838 763 893 tnvnsnvaasronas.
1066 824 1129 899 919

111 1009 141 1051 c.
158 995 208 1060 54,
240 991 289 1051 ulri
317 991 427 1066 (lycium
454 992 588 1050 Lunarcm
618 1010 680 1050 curn
708 993 950 1054 decemnovennali
977 1010 1134 1070 proponens

97 1093 217 1135 -annum
242 1076 314 1135 illius
342 1076 459 1151 prinum
488 1094 549 1135 cnm
571 1078 827 1142 Dooemnorenaalls
851 1079 922 1154 cycli
944 1087 1042 1153 quarto
1064 1094 1134 1136 con·

111 1164 202 1237 iungit
223 1172 251 1220 et
273 1162 413 1218 allalend.
431 1163 560 1220 Ianuariis
581 1164 704 1220 inchoari
726 1165 799 1222 dicit.
829 1165 877 1221 Est
898 1172 988 1222 autem
1004 1164 1132 1220 Ianuariis

111 1248 242 1305 Kalendis
270 1247 365 1304 affixus
386 1249 491 1305 Aureus
513 1247 647 1305 Numerus
672 1252 699 1308 3.
744 1251 830 1324 igitur
850 1250 952 1324 primus
975 1257 1018 1305 cst
1042 1251 1090 1310 19,
1117 1265 1133 1304 a

111 1351 172 1407 quo
193 1343 305 1413 quartus
329 1342 371 1389 est
387 1333 494 1389 tertius.
526 1334 603 1402 Quod
619 1334 646 1390 in
662 1335 838 1407 sequentibus
856 1334 996 1409 Cyclorum
1012 1332 1132 1391 numeris

111 1427 273 1475 constanter
294 1425 378 1473 tenet.
408 1417 529 1490 Exempli
551 1435 646 1475 caussa
668 1436 754 1475 annus
771 1420 842 1494 Gycli
857 1419 969 1475 lunaris
990 1422 1024 1477 16
1044 1418 1132 1474 Bedae

112 1513 159 1560 est
181 1502 431 1560 decemnovennalis
451 1506 497 1568 19,
520 1503 567 1576 qui
589 1503 673 1559 allVl
689 1504 748 1560 llal.
763 1505 867 1560 ianuar.
883 1503 986 1578 incipit,
1010 1503 1072 1560 llec.
1083 1506 1131 1567 17,

112 1605 127 1644 a
152 1605 214 1663 quo
231 1587 323 1660 incipit
345 1603 431 1643 annus
454 1588 497 1644 cui
518 1587 651 1644 Numerus
673 1605 772 1645 aureus
795 1591 920 1646 convenit
940 1591 985 1648 18.
1016 1587 1133 1645 Proinde

112 1689 215 1729 aureus
243 1689 372 1729 numerus
399 1673 434 1730 18
458 1682 500 1728 est
525 1675 561 1731 19
587 1673 657 1746 Cycli
680 1672 944 1731 decemnovennalis.
990 1674 1132 1731 Postremo

112 1774 177 1815 cum
200 1756 454 1814 decemnovennalis
470 1756 542 1831 Cycli
563 1759 651 1830 primo
673 1775 744 1816 anno
759 1759 871 1815 lunaris
892 1762 926 1816 l'l
950 1758 1131 1832 componitur,

112 1843 230 1916 eiusque
251 1843 356 1898 initium
380 1842 509 1898 statuitur
529 1841 613 1899 Nonis
635 1842 790 1900 Decembris
813 1844 937 1917 (Corripe
952 1843 1007 1899 Vlll
1023 1842 1061 1898 ld.
1079 1842 1134 1898 lle·

113 1926 203 1984 cemh.
247 1926 313 1983 Nam
342 1943 374 1983 ex
396 1927 557 2001 compendio
579 1936 704 1983 nonnum
726 1929 864 2003 proiectus
887 1938 929 1985 cst
951 1945 1043 1992 error,
1071 1943 1133 1983 cum

112 2012 247 2086 scriptum
269 2021 342 2068 essct
364 2010 429 2066 Vlll.
452 2012 495 2068 11].
519 2012 593 2087 quod
614 2012 704 2070 Nonas
727 2014 789 2070 llec.
812 2013 938 2069 librarius
960 2029 1021 2069 csse
1043 2011 1134 2069 credi-
1216 2022 1218 2026 '

113 2097 177 2169 dit).
207 2096 307 2171 Atqui
330 2112 417 2152 annus
439 2096 472 2152 ab
495 2096 550 2153 Vlll
573 2097 611 2153 ld.
634 2097 698 2154 llec.
721 2099 891 2174 auspicatur,
914 2097 1060 2154 Numerum
1083 2114 1134 2153 au·

113 2198 193 2238 reum
216 2182 297 2256 exigit
323 2184 369 2238 19.
400 2181 471 2238 Satis
493 2182 577 2255 igitur
598 2190 705 2240 constat
728 2181 836 2257 cyclum
856 2182 1133 2240 decemnovennalem

113 2266 149 2322 ab
172 2283 255 2323 aureo
270 2266 387 2322 Numero
404 2269 440 2325 19
462 2266 567 2322 initium
590 2284 697 2341 capere.
733 2268 814 2339 Cuius
837 2268 904 2324 haec
925 2267 1014 2324 allcrri
1037 2284 1133 2324 caussa

114 2360 217 2426 potest.
247 2351 359 2408 Romani
381 2368 526 2408 aureorum
542 2351 721 2408 Numerorum
744 2369 774 2408 ac
791 2351 862 2426 Cycli
878 2351 1132 2409 uecemnovennatis

113 2437 274 2494 methodum
296 2436 330 2492 ab
352 2435 538 2493 Alexandrinis
560 2445 733 2510 acceperunt.
774 2438 824 2506 Qui
847 2453 908 2493 cum
930 2437 1019 2493 Thoth
1043 2452 1132 2501 suum,

114 2522 239 2595 adeoque
261 2521 324 2577 anni
344 2521 505 2595 principium
528 2520 562 2577 ah
584 2522 699 2595 Augusti
723 2523 761 2580 19
785 2522 930 2585 ducerent,
960 2539 1058 2577 aureos
1080 2537 1134 2576 nu-

112 2623 207 2663 meros
234 2606 351 2662 indidem
378 2605 551 2663 inchoabant.
596 2605 651 2662 llos
681 2606 775 2662 imitati
800 2615 896 2679 postea
917 2605 1019 2670 Latini,
1049 2605 1133 2680 quia

112 2690 239 2749 Paschali
259 2708 362 2755 menae,
386 2692 439 2747 hoc
461 2701 504 2747 ast
517 2690 612 2746 llartio
635 2688 676 2746 vel
690 2690 784 2764 Aprili,
808 2707 914 2747 sacrum
936 2707 1036 2746 aunum
1058 2688 1135 2746 ordi-

113 2787 222 2841 rentur,
245 2792 342 2832 aurcos
364 2776 506 2840 llumeros,
539 2792 608 2849 quos
631 2792 692 2831 cum
714 2773 899 2831 Alexandrinis
921 2775 954 2831 ad
976 2791 1063 2847 usque
1086 2791 1135 2830 ex-

113 2869 226 2918 euntem
241 2862 393 2935 Augustum
409 2877 572 2918 communes
594 2859 755 2926 haurierant,
779 2868 838 2917 toto
859 2877 931 2916 anno
945 2857 1132 2934 pertexebant.

112 2947 202 3020 lgitnr
223 2963 294 3002 anno
316 2946 478 3019 dionysiano
496 2946 566 3009 284,
591 2944 671 3017 Cyclo
686 2943 927 3002 decemnovennali
949 2947 994 3010 19,
1017 2944 1135 3000 Alexan-

113 3031 187 3089 drini
214 3031 247 3087 ab
269 3031 384 3105 Augusti
409 3032 447 3087 29
471 3030 513 3086 die
537 3029 645 3103 Gyclum
668 3030 785 3103 primum
806 3047 949 3087 numerare
971 3037 1131 3103 coeperunt,

111 3115 229 3173 llornani
255 3132 319 3172 vero
346 3124 435 3173 totum
456 3131 556 3171 annum
578 3114 710 3171 lulianum
732 3132 815 3172 aureo
837 3115 955 3172 Numero
981 3117 1017 3172 19
1041 3113 1134 3171 consi·

111 3209 243 3276 gnorunt.
273 3201 339 3257 Post
359 3217 431 3257 anno
455 3201 516 3258 285
538 3217 600 3256 cum
613 3199 798 3256 Alexandrinis
819 3217 932 3257 aureum
954 3216 1097 3263 numerum
1117 3200 1129 3256 1

112 3286 205 3345 exorsi
227 3295 301 3342 sunt.
344 3285 383 3341 Ex
404 3302 459 3359 quo
480 3285 580 3342 lactum
602 3293 723 3359 apparet,
747 3294 778 3341 ut
801 3285 872 3360 cycli
897 3288 934 3344 19
957 3285 1061 3359 primus
1083 3294 1185 3346 amado

111 3388 168 3429 nus
191 3371 271 3427 luerit
292 3371 367 3427 aurci
388 3370 494 3426 numeri
515 3373 560 3428 19.
599 3370 663 3426 Nam
686 3370 758 3444 quod
780 3370 929 3428 doctissimi
951 3371 1058 3445 quidam
1081 3386 1132 3425 an·

110 3473 193 3514 rcum
221 3455 368 3511 Numerum
391 3458 409 3513 3
437 3455 543 3511 initium
571 3454 826 3513 decemnovennalis
853 3455 925 3530 cycli
954 3456 1132 3520 constituunt,

112 3549 261 3617 propterca
284 3541 356 3614 quod
379 3540 436 3596 llal.
459 3540 515 3596 lan.
538 3539 632 3596 affixus
655 3549 705 3605 est,
740 3548 834 3598 contra
856 3540 943 3597 Bedae
965 3540 1134 3613 aliorumque

111 3634 238 3683 veterum
266 3624 293 3681 id
320 3625 512 3682 authoritatem
541 3634 681 3690 asserunt;
709 3642 799 3700 neque
820 3625 887 3682 illud
909 3624 1132 3687 animadvertunt,

112 3710 189 3786 cycli
216 3713 251 3768 19
274 3709 379 3767 initium
401 3726 456 3766 non
479 3727 494 3765 a
516 3709 648 3774 ianuario,
672 3711 720 3767 scd
742 3710 774 3766 ah
794 3710 887 3785 Aprili,
907 3710 960 3769 hoc
983 3717 1024 3766 est
1046 3707 1079 3764 ab
1102 3724 1133 3765 ea

111 3792 304 3869 nuna'quae
331 3797 358 3852 in
380 3794 498 3869 Aprilem
527 3793 640 3858 desinit,
670 3808 702 3849 ex
730 3794 837 3851 illorum
865 3795 999 3852 sententia
1027 3792 1132 3851 deduci.

111 3879 185 3937 llinc
207 3897 308 3937 annum
336 3880 452 3954 primum
475 3896 507 3935 ex
530 3878 647 3952 dionysii
670 3879 794 3935 instituto
817 3889 922 3937 veteres
944 3879 982 3935 illi
1004 3879 1097 3936 dicunt
1118 3895 1134 3933 a

81 4012 86 4020 .
112 3964 189 4023 Prid.
212 3964 281 4020 Non.
304 3968 368 4039 Apr.
391 3964 512 4021 inchoari
535 3972 563 4019 et
584 3962 612 4018 in
633 3962 720 4020 llartii
744 3966 782 4022 22
806 3964 945 4029 desinere,
969 3965 1048 4039 eique
1072 3965 1132 4022 359

110 4050 172 4108 dies
196 4050 323 4106 duntaxat
346 4058 511 4123 competere,
534 4047 607 4122 quod
628 4047 656 4103 in
679 4065 740 4105 eum
756 4050 856 4114 lunae,
879 4050 918 4105 sic
941 4049 1011 4105 cuim
1028 4055 1132 4111 vocant,

111 4135 202 4192 saltus
225 4135 360 4202 incurrat,
390 4152 459 4209 quae
481 4144 524 4191 est
545 4133 626 4189 unius
649 4133 693 4189 die
714 4134 845 4207 superllui
867 4127 1022 4211 ἐξαίρεσις.
1065 4132 1134 4189 Tuus

879 4220 885 4227 ι
