2586 4822
178 727 239 790 136
632 753 745 803 erratu

180 891 258 979 ἄλλῃ
279 894 380 985 ἡμέρᾳ
402 897 444 973 ὡς
464 895 542 963 elder
564 899 658 965 αὐτὸν
677 911 902 984 περιπατοῦντα
919 904 993 990 ἔφη·
1018 896 1111 982 οὗτός
1124 910 1198 988 tora,

179 997 230 1045 etc.
263 990 336 1059 Quae
359 992 470 1048 diversis
492 994 518 1048 in
541 992 718 1049 commatibus
739 995 875 1070 leguntur.
906 999 990 1055 Porro
1007 1017 1057 1072 pro
1074 1018 1110 1057 eo
1124 1002 1200 1074 quod

101 1085 106 1100 ’
178 1074 258 1147 vulgo
286 1077 416 1150 seriptum
444 1086 500 1141 est,
530 1081 568 1156 τῇ
598 1071 754 1154 ἐπαύριον,
783 1082 946 1154 Epiphanius
968 1084 1035 1158 legit
1055 1088 1097 1162 τῇ
1119 1078 1201 1165 ἄλλῃ

177 1151 295 1241 ἡμέρᾳ,
316 1162 368 1217 nisi
391 1179 421 1217 ea
443 1163 534 1235 potius
557 1165 744 1236 interpretatio
764 1167 808 1221 sit.
839 1167 873 1222 tlt
888 1178 915 1223 et
929 1179 1025 1225 noster
1040 1172 1198 1246 laterprea:

178 1244 277 1302 Altero
305 1247 358 1303 die.
403 1249 437 1303 ht
466 1248 549 1318 prima
573 1248 724 1304 testificatio
748 1250 828 1322 paulo
851 1262 914 1324 post
936 1253 1103 1326 baptismum
1127 1258 1198 1315 faeta

178 1332 292 1388 videtur.
325 1331 398 1386 Unde
421 1332 491 1387 inter
513 1333 675 1405 baptismum
700 1334 808 1399 Christi,
831 1353 862 1391 ac
884 1338 995 1410 primam
1020 1340 1093 1396 illam
1118 1343 1198 1398 testi-

179 1417 330 1473 ficationem
347 1426 376 1481 et¹
388 1418 579 1489 Apostolorum
594 1419 771 1482 vocationem,
795 1421 989 1493 profectionem
1006 1425 1033 1480 in
1050 1426 1196 1484 Galilaaanr

177 1501 364 1558 intercessisse
393 1510 470 1574 putat
492 1503 671 1575 Epiphanius:
702 1504 736 1559 de
764 1522 817 1577 qua
845 1508 1012 1580 profectione
1043 1511 1118 1567 haud
1140 1513 1196 1568 seio

178 1608 210 1646 an
234 1589 415 1659 lnterpreturn
437 1587 615 1643 [tactorumre
646 1589 787 1662 quisquam
822 1593 981 1649 nieminerit.
1028 1595 1082 1651 Sed
1108 1614 1195 1670 neque

177 1675 283 1732 loannis
311 1671 391 1728 verba
421 1671 461 1727 vel
489 1673 623 1729 minimam
653 1675 711 1729 eius
733 1674 955 1747 significationem
979 1680 1043 1736 darc
1066 1682 1131 1736 milri
1155 1683 1196 1739 ria·

178 1761 285 1817 dentur.
318 1758 381 1813 Vide
404 1775 427 1813 c.
441 1759 492 1817 ld.
517 1757 561 1812 ubi
584 1759 735 1814 accuratius
759 1778 789 1814 ea
812 1770 964 1834 temporum
988 1764 1128 1821 intervalla
1149 1766 1192 1822 tli-

176 1855 319 1920 geruntur.
363 1844 429 1899 Post
451 1842 613 1916 baptismum
637 1847 676 1901 40
700 1843 803 1900 dierum
825 1846 952 1903 ieiunium
976 1852 1111 1924 sequitur,
1135 1859 1192 1906 tum

177 1929 360 1988 hebdomades
383 1928 438 1983 fere
461 1929 538 1992 duae,
562 1927 660 2000 quibus
676 1928 797 1986 Nazareti
819 1931 845 1986 in
865 1933 949 2005 patria
966 1935 1039 1990 vixit.
1071 1935 1138 1992 lline
1160 1936 1194 1993 ad

133 2022 162 2074 ot
176 2019 300 2076 loannem
324 2013 475 2075 revertitur,
499 2030 513 2066 a
536 2029 590 2084 quo
613 2013 720 2086 agnitus
742 2031 772 2070 ae
788 2015 988 2073 demonstratus
1005 2029 1057 2083 est,
1082 2039 1115 2077 ac
1131 2032 1193 2078 tuae

175 2107 297 2162 Andreas
320 2098 394 2155 illum
417 2113 477 2151 cum
500 2097 574 2152 socio
597 2106 707 2154 secutus
730 2107 785 2155 cst:
815 2100 876 2157 inde
899 2102 1012 2166 Petrus,
1042 2115 1108 2178 post
1130 2106 1193 2163 Phi-

174 2191 282 2264 lippus,
311 2204 342 2242 ac
364 2182 525 2244 nathanael,
554 2185 701 2239 secundum
725 2203 794 2260 quae
818 2188 919 2260 nuptiis
941 2189 1074 2246 interfuit.
1121 2192 1191 2260 Quae

175 2277 263 2331 omnia
286 2276 401 2331 duorum
424 2275 588 2348 aBaptisnio
612 2273 744 2330 mensium
768 2273 906 2330 intervallo
928 2283 1005 2346 gesta
1029 2285 1119 2349 putat,
1143 2278 1189 2332 hot

175 2369 218 2417 est
240 2377 325 2433 usque
347 2360 380 2416 ad
396 2359 426 2414 Vl
442 2359 565 2421 lanuarii,
589 2376 643 2431 quo
665 2359 707 2415 dic
730 2360 831 2432 nuptiis
854 2360 983 2421 interfuit,
1007 2377 1071 2416 cum
1088 2360 1120 2416 Vl
1136 2361 1186 2417 bit

175 2445 314 2510 horama,
344 2454 374 2502 ut
402 2445 549 2500 arbitratur
570 2439 745 2517 Epiphanius,
774 2462 787 2499 a
812 2445 910 2498 loanne
933 2443 1087 2515 baptizatus
1111 2454 1187 2502 esset

176 2529 345 2603 colliguntur
366 2531 423 2585 dies
447 2533 495 2587 60.
540 2529 668 2584 Nimirum
692 2532 730 2586 40
754 2528 861 2590 ieiunii,
886 2538 942 2583 turn
973 2533 1017 2592 ll,
1043 2528 1186 2602 quibusia

174 2616 259 2688 patria
276 2627 303 2672 ct
318 2616 432 2672 Galilaea
447 2615 577 2671 constitit.
608 2615 705 2669 Postea
727 2611 838 2667 biduum
861 2629 915 2685 quo
937 2613 970 2666 ad
993 2613 1125 2670 loannem
1145 2630 1185 2670 ar-

175 2701 265 2756 cessit.
306 2701 371 2757 ltem
394 2701 505 2757 biduum
527 2697 608 2761 aliud,
631 2715 691 2754 curn
715 2697 844 2758 hndrcas,
869 2698 930 2753 inde
952 2696 1052 2753 Petrus
1075 2717 1137 2756 sese
1154 2697 1184 2754 ad

175 2802 236 2841 euin
266 2787 443 2860 applicarunt.
488 2785 577 2839 Altera
605 2800 669 2838 vero
691 2782 733 2836 dic
756 2781 896 2854 Philippus
919 2800 949 2837 ac
973 2782 1123 2839 h'athanael
1144 2799 1183 2838 ro·

175 2872 241 2927 cati:
271 2872 386 2944 (lenique
416 2871 495 2926 tertio
523 2869 566 2922 die
594 2877 657 2940 post
685 2866 808 2921 ultimum
831 2865 896 2921 illud
919 2865 1049 2933 biduum,
1080 2868 1182 2942 nuptiae

173 2955 345 3011 subsecutae.
376 2956 413 3010 lta
438 2959 475 3010 60
499 2953 555 3007 dies
577 2952 728 3026 explentur.

258 3042 318 3096 437
337 3057 359 3095 r.
391 3034 439 3092 καὶ
463 3032 567 3093 λοιπὸν
588 3039 698 3111 σημεῖα
714 3031 786 3109 ἐκεῖ]
817 3036 882 3092 Post
897 3037 1055 3109 nuptiarum
1072 3037 1185 3094 officiata

175 3123 297 3178 Christus
321 3124 505 3196 Capliarnaurn
528 3139 588 3177 sese
611 3121 741 3186 coirtnlit,
765 3120 812 3177 ubi
834 3121 954 3194 prodigia
977 3120 1063 3177 multa
1086 3130 1185 3195 patrata

172 3206 257 3263 credit
279 3207 459 3281 Epiphanius,
490 3207 562 3262 velut
590 3223 650 3261 cum
677 3223 785 3263 socrum
808 3205 879 3262 Petri
902 3205 1064 3262 febrientem
1087 3206 1185 3262 cunrit

173 3298 200 3346 et
228 3291 327 3346 aridam
356 3291 471 3347 hominis
498 3308 606 3347 manum
629 3291 756 3347 restituit.
802 3291 854 3348 Sed
877 3307 1019 3364 perperam
1043 3292 1113 3348 hace
1134 3291 1183 3346 duo

171 3375 298 3431 miracula
321 3376 348 3431 in
372 3375 440 3431 idem
463 3385 570 3449 tempas
592 3376 723 3431 coniecta.
753 3376 817 3432 Nam
841 3375 968 3438 altorum,
992 3376 1113 3433 hoc-est
1133 3375 1186 3431 ari-

172 3460 221 3516 dae
242 3478 337 3515 manus
359 3460 511 3523 restitutio,
534 3460 615 3533 longe
639 3469 700 3532 post
723 3461 797 3533 prius
820 3460 885 3515 illud
907 3461 1036 3533 contigit,
1062 3461 1185 3517 uiritim

171 3554 234 3618 post
255 3546 373 3608 Pascha,
402 3545 551 3601 seeundum
578 3545 651 3619 quod
675 3561 724 3617 per
745 3554 802 3600 sata
824 3561 885 3601 curn
908 3544 1048 3618 discipulis
1072 3546 1183 3602 transiit.

171 3630 223 3686 Sed
247 3630 280 3686 de
302 3631 334 3686 iis
356 3640 450 3704 postea
472 3630 505 3686 ad
528 3649 551 3686 c.
569 3632 617 3688 28.
663 3629 792 3702 ltnposuit
815 3630 962 3704 Epiphanio
991 3630 1136 3705 multiplex
1154 3644 1186 3686 ac

170 3713 291 3771 diversus
314 3715 347 3771 ad
369 3715 554 3790 Capharnaum
577 3715 664 3771 aditus
687 3714 795 3771 Christi.

256 3802 317 3858 438
334 3799 359 3856 ιλ.
390 3796 530 3857 ἐντεῦθεν
549 3793 608 3875 γὰρ
631 3794 680 3854 καὶ
704 3793 848 3870 ἐπέκεινα]
878 3798 915 3854 lix
937 3799 969 3854 iis
991 3815 1063 3872 quae
1078 3799 1186 3857 disserit

169 3882 334 3959 Epiphanius
357 3885 473 3942 efficitur
493 3885 573 3959 paulo
596 3892 658 3958 post
680 3884 778 3939 altimo
802 3893 926 3947 vocatos,
960 3899 992 3939 ac
1013 3883 1066 3940 sibi
1089 3886 1186 3942 adila-

170 3979 230 4028 ctos
251 3970 406 4043 apostolos,
429 3971 553 4034 Petrum,
577 3968 709 4025 laneam
731 3978 759 4024 et
781 3977 918 4032 caeteros,
947 3967 981 4022 ad
1003 3970 1185 4041 praedicatio·

168 4069 243 4113 rtem·
253 4072 420 4130 aggressum,
443 4056 523 4112 etiam
545 4063 688 4128 antequam
703 4054 817 4110 loannes
831 4053 858 4109 in
874 4052 979 4109 vincula
992 4055 1185 4113 coniicerstari
