2586 4822
113 712 153 772 te
563 724 676 773 remur

113 881 206 938 hiiah
229 881 281 937 illis
303 881 493 944 commissum,
517 880 557 935 uti
579 896 629 934 uec
652 877 684 933 ab
701 877 826 951 losepho,
850 878 905 950 qui,
930 879 1008 953 quod
1022 879 1136 937 ludaeo-

115 985 174 1023 ruru
197 966 321 1022 ilistorici
345 976 556 1029 consueverant,
588 964 781 1036 Imperatorum
804 981 835 1019 ac
858 962 1018 1037 Principum
1051 982 1136 1023 annos

115 1053 224 1108 aNisan
247 1053 355 1124 saepius
378 1052 520 1106 inchoasse
543 1048 677 1112 creditur,
702 1049 807 1105 tametsi
825 1048 929 1121 aliquot
945 1049 978 1103 ab
995 1049 1043 1104 illo
1059 1069 1135 1107 men-

115 1137 189 1193 sibus
212 1137 343 1192 iniissent.
376 1137 434 1204 Quo
457 1135 499 1191 illa
520 1133 745 1188 Talmudistarum
769 1133 861 1206 regula
884 1135 1016 1207 pertinet,
1040 1138 1086 1209 qui
1107 1137 1134 1192 in

115 1222 241 1279 Tractatu
264 1235 354 1281 attan
377 1232 464 1281 uun.
495 1224 543 1274 ct
574 1218 650 1276 1013
681 1219 780 1275 docent
808 1219 991 1275 israelitarum
1027 1221 1132 1293 quidem

114 1308 217 1381 lleguru
241 1324 325 1362 anuos
348 1305 381 1360 ali
397 1306 574 1360 antecedente
590 1304 670 1359 Nisam
686 1305 778 1368 oriliri,
803 1313 958 1359 exterorum
974 1322 1041 1362 veru
1057 1307 1134 1361 Priu-

115 1394 203 1465 cipuru
234 1410 248 1445 a
278 1391 355 1445 Tisri.
401 1390 476 1457 Quod
502 1399 529 1444 et
551 1390 581 1443 ll.
606 1390 727 1444 issachar
748 1388 801 1444 lien
825 1389 979 1445 llordechai
1004 1392 1031 1445 in
1056 1391 1135 1447 Com·

113 1486 180 1551 puto
212 1475 328 1530 tradidit.
373 1473 553 1542 Quamobrem
583 1474 605 1527 si
633 1475 693 1546 quis
717 1474 831 1547 exempli
854 1491 950 1530 caussa
972 1475 1071 1531 ultimo
1093 1477 1134 1533 die

113 1562 213 1617 mensis
225 1560 295 1615 atur
304 1577 417 1633 reguum
430 1569 561 1632 capessat,
571 1559 696 1631 sequenti
708 1558 786 1614 Nisau
798 1561 934 1614 secundus
947 1561 1055 1633 imperii
1066 1562 1134 1618 illius

114 1663 200 1701 annus
217 1645 410 1700 numerabitur.
441 1656 517 1719 :pan
535 1658 600 1703 mu:
616 1658 702 1702 :iera
720 1656 807 1702 nze:
824 1660 891 1704 anu
907 1659 957 1705 nm
973 1661 1085 1717 pinca
1100 1663 1130 1706 *a

115 1742 180 1794 ,πεπυ
209 1730 275 1786 Dies
304 1747 375 1784 uirus
403 1732 432 1784 io
460 1732 515 1802 sinc
543 1730 612 1784 ortui
631 1747 686 1800 pro
709 1746 784 1783 aureo
808 1739 966 1801 reputatur.
1014 1732 1131 1800 Quodsi

114 1818 174 1890 quis
198 1817 284 1888 primu
307 1816 349 1870 die
365 1815 444 1870 Nisau
469 1815 598 1887 coeperit,
623 1832 677 1869 uorr
701 1823 762 1869 autc
786 1823 936 1870 vertentem
960 1834 1060 1872 anuum
1076 1817 1133 1890 pri·

113 1920 174 1957 mus
198 1901 255 1956 eius
278 1917 365 1955 annus
388 1898 553 1955 censebitur.

199 1981 230 2041 ἓν
252 1976 377 2059 χρόνοις
408 1981 525 2052 τοίνυν,
555 1976 597 2048 ὡς
626 1977 754 2059 ἔφημεν]
795 1985 831 2039 Ex
854 1986 966 2040 Irenaeo
990 1996 1046 2042 tam
1069 1987 1131 2042 baec

114 2088 193 2146 quarn
217 2070 358 2141 sequeutia
380 2078 519 2124 mutuatus
543 2079 593 2123 est.
625 2069 691 2134 Vide
716 2073 740 2131 l,
759 2071 807 2125 24.

203 2157 259 2211 109
276 2154 303 2209 li.
345 2147 381 2209 od
413 2147 470 2228 peip
500 2143 643 2219 driuueou,
673 2145 692 2207 d
723 2150 846 2226 cutting]
886 2155 988 2210 lloesse
1014 2155 1128 2212 uonnihil

113 2240 194 2295 huius
217 2239 269 2295 loci
292 2239 439 2312 integritati
462 2239 594 2311 suspicor.
637 2243 689 2294 dut
713 2239 787 2299 haee,
812 2250 859 2294 aut
881 2240 922 2294 his
946 2241 1045 2296 similia
1067 2242 1127 2297 sen'·

113 2326 167 2398 psit
182 2324 356 2398 Epiphanius,
391 2316 437 2380 Οὐ
461 2318 519 2398 γὰρ
544 2314 670 2379 δύναται
694 2326 798 2391 ποιεῖν,
822 2315 841 2378 ἃ
865 2319 977 2391 ἐκεῖνος
992 2321 1131 2381 ἐπιποθεῖ

114 2399 187 2465 εἶναι
212 2401 304 2488 αὐτῷ.
346 2400 382 2464 οὕ
406 2401 532 2465 δύναται
557 2402 590 2464 di
612 2403 646 2464 ut
670 2410 729 2463 πᾶν
753 2397 826 2464 εἶναι
850 2401 954 2479 κακὸν,
979 2402 1054 2467 οὐδὲ
1072 2402 1123 2467 ὑπὸ

114 2495 215 2552 κακῶν
235 2489 394 2570 γεγονέναι.
425 2496 482 2550 lluu
507 2504 584 2550 eraut
607 2494 875 2566 Carpocratiauorum
899 2494 1043 2569 depurata:
1066 2497 1124 2553 alte·

112 2599 189 2644 rum,
219 2581 364 2644 muudum,
389 2591 547 2654 creatusque
570 2598 613 2635 res
637 2598 731 2635 ornnes
754 2597 808 2635 nou
832 2598 845 2635 a
867 2579 941 2635 herro
966 2582 1013 2637 illo
1037 2598 1124 2655 supre-

113 2683 212 2739 moque
235 2666 306 2730 lieo,
330 2668 378 2722 scd
401 2666 434 2722 ali
458 2665 630 2721 inferioribus
654 2665 761 2737 augelis
784 2665 867 2720 luisse
890 2666 1032 2722 conditas:
1064 2667 1121 2723 alte·

112 2769 182 2812 ruru.
207 2752 233 2806 iu
257 2752 387 2808 malorum
407 2770 506 2824 genere
522 2751 627 2806 ccuseri
642 2750 781 2812 mundum,
806 2767 929 2822 quaeque
946 2753 1051 2808 mundo
1065 2769 1123 2809 cou-

112 2837 235 2892 tinentur
257 2838 389 2892 universa.
421 2838 562 2910 Utrunque
584 2836 680 2907 deputa
702 2835 868 2907 Epiphanius
890 2836 1043 2910 impugnat.
1073 2837 1123 2894 Pri·

113 2938 185 2976 muru
209 2920 326 2992 quidem.
351 2921 422 2994 quod
447 2939 478 2976 ex
494 2938 526 2976 eo
542 2937 713 2992 consequeus
730 2928 771 2975 est
793 2919 999 2977 imbecilliorem
1025 2922 1122 2997 ungue

114 3022 173 3060 esse
197 3005 297 3063 ileum.
329 3006 443 3060 alterum
475 3021 553 3068 iero,
582 3005 655 3079 quod
678 3021 738 3060 cum
761 3021 823 3078 pars
846 3004 935 3078 aliqua
959 3009 1045 3064 tutius
1069 3006 1124 3065 Uni-

113 3090 246 3145 versitatis
275 3089 389 3146 salutem
410 3090 546 3153 obtineat,
576 3107 630 3144 non
655 3090 740 3162 possit
762 3107 777 3144 a
799 3089 934 3146 bonorum
957 3110 1062 3165 genere
1083 3109 1126 3166 pe

112 3175 185 3230 uitus
209 3173 322 3228 excludi.

279 3393 321 3448 ΑΒ
346 3391 511 3448 Hauuustn'
535 3393 633 3448 xtt'ttt
657 3393 963 3451 uuututtttau‘ottt'tt.

203 3514 256 3569 111
276 3512 302 3569 b.
334 3494 425 3578 οὗτος
446 3506 482 3567 d'e'
500 3507 591 3581 iuter,
621 3503 788 3586 tiyuupeoi]
827 3513 944 3587 idipsum
969 3514 1132 3572 Philostrius

112 3595 214 3653 scribit.

201 3681 300 3740 1141).
332 3676 382 3738 καὶ
406 3671 515 3737 τούτου
538 3676 624 3738 ἕνεκα
645 3674 664 3757 ἢ
687 3673 872 3757 παράδοσις]
897 3681 1010 3739 Tertull.
1035 3683 1084 3740 lili.
1099 3683 1134 3740 tle

111 3767 221 3823 ilesurr.
246 3776 273 3822 et
297 3771 313 3824 5
343 3784 404 3824 eon.
427 3766 491 3822 liar.
515 3766 548 3823 ad
571 3785 632 3823 eum
661 3768 771 3823 modum
793 3767 914 3841 Apostoli
941 3768 1033 3825 locum
1056 3769 1133 3826 illurn

112 3852 234 3926 explicat,
258 3852 291 3908 de
314 3869 368 3925 quo
390 3853 553 3925 interpretes
576 3852 698 3908 consule.

201 3936 301 3995 1151).
333 3932 393 3994 darei
416 3929 472 3994 eain
494 3928 800 4013 depeculatorem]
838 3938 911 3993 ldem
937 3949 1133 4011 argumentum

111 4032 192 4097 urget
219 4022 347 4080 adversus
375 4021 524 4079 Helvidium
547 4022 735 4096 llieronpnus.
778 4021 906 4093 (isacar
927 4040 1029 4080 coecus
1052 4034 1080 4080 et
1101 4026 1142 4081 in
