2586 4822
477 843 768 898 ininioneesiouss.
1094 833 1136 896 87

111 999 242 1092 dicasset,
276 997 376 1055 frustra
408 1007 536 1074 tauquam
567 1001 674 1074 siguum
706 1000 772 1057 illud
804 1001 893 1074 ipsum
926 1001 993 1075 Regi
1029 1002 1137 1061 denun-

110 1092 266 1225 tmibi
283 1185 307 1222 a.
337 1159 380 1235 ὡς
394 1163 444 1224 καὶ
460 1159 552 1236 αὐτὸς
565 1161 710 1244 Ἡσαΐας]
733 1169 810 1226 Hunc
825 1171 918 1227 Esaiae
934 1170 1033 1235 locum,
1056 1190 1136 1245 quem

114 1254 153 1310 de
183 1253 283 1309 Christi
305 1252 410 1309 Domini
438 1255 613 1327 generatione
643 1272 674 1311 ac
704 1265 892 1312 sacrosanctae
915 1256 1029 1329 Virginis
1058 1268 1137 1330 partu

113 1338 245 1411 intelligit
267 1337 441 1411 Epiphanius,
464 1340 559 1397 Patres
581 1357 675 1396 omnes
698 1341 731 1396 ad
753 1341 900 1414 spiritalem
916 1341 1051 1398 Ecclesiae
1072 1359 1137 1415 par-

114 1434 178 1479 tum
204 1422 342 1488 referunt,
370 1441 439 1495 quae
467 1424 525 1480 siue
554 1425 609 1481 ullo
631 1425 742 1490 dolore,
765 1443 835 1500 pene
857 1435 994 1482 momento
1017 1427 1137 1483 infinitos

116 1508 229 1564 Christo
252 1507 321 1564 lilios
344 1511 458 1582 peperit,
482 1511 606 1583 paritque
628 1511 759 1584 quotidie.
795 1512 835 1567 lta
857 1510 888 1566 o.
910 1510 1021 1567 llicron.
1045 1512 1137 1569 Theo-

114 1595 242 1656 doretus,
267 1592 389 1665 Cyrillus,
412 1594 511 1650 Euseb.
535 1594 603 1652 Hist.
621 1600 645 1661 l,
664 1600 691 1659 4,
715 1596 812 1669 aliique
835 1595 998 1669 complures.

212 1681 266 1735 144
284 1677 310 1732 b.
340 1672 382 1745 ὡς
404 1675 453 1734 καὶ
472 1672 620 1753 Ἱερεμίας
640 1677 708 1757 περὶ
732 1672 842 1756 αὐτοῦ]
878 1680 971 1753 Neque
994 1682 1037 1737 hie
1060 1681 1136 1737 locus

114 1763 152 1819 ad
182 1762 318 1818 Christum
347 1765 456 1837 proprie
484 1766 617 1838 pertinet,
646 1767 753 1821 tametsi
780 1767 902 1840 plerique
931 1766 982 1821 ΡΡ.
1012 1766 1045 1821 ad
1074 1783 1137 1822 euin

113 1864 231 1904 sensum
255 1850 394 1912 traxerint,
416 1867 486 1922 quos
508 1850 684 1924 reprehendit
706 1851 894 1924 llierouymus.
926 1850 1006 1906 Cuius
1030 1851 1139 1923 quidem

116 1933 352 2005 interpretationis
375 1951 498 1990 caussam
520 1935 612 1991 attulit
627 1935 714 1991 LXXll
738 1935 827 1999 lectio,
852 1936 898 2008 qui
920 1934 953 1990 ab
964 1934 1088 1991 Hebraeo
1111 1944 1139 1991 ct

117 2017 233 2090 Vulgata
255 2017 418 2091 discrepant.
462 2019 527 2075 b'am
550 2019 681 2076 Hebraica
703 2038 753 2076 vor
776 2035 853 2079 tw&
876 2019 1059 2083 inscrutabile,
1084 2021 1138 2076 sice

111 2101 288 2176 desperabile
311 2103 452 2176 significat.
488 2108 521 2160 At
545 2105 582 2161 illi
604 2105 680 2166 miztt
703 2106 755 2161 hoc
779 2105 922 2160 esthemo
944 2104 1080 2178 legerunt.

210 2190 267 2244 146
283 2204 307 2242 a.
339 2183 389 2242 nui
419 2189 461 2267 τῷ
487 2184 667 2269 βουλομένῳ
697 2184 752 2256 τὰς
774 2189 895 2266 χεῖρας]
935 2189 1000 2262 Leg.
1029 2192 1072 2270 τῷ
1093 2184 1136 2263 μὴ

111 2267 307 2351 βουλομένῳ.
1003 2288 1013 2308 ⁰

210 2360 266 2415 148
284 2357 309 2412 b.
341 2349 432 2413 πάλιν
453 2352 487 2414 dr*
509 2349 647 2431 ὃαύτός]
672 2359 745 2414 lianc
762 2358 868 2414 loannis
884 2359 1034 2422 historiam,
1057 2375 1138 2431 quam

115 2461 132 2500 a
155 2442 306 2516 Polycarpo
329 2453 480 2516 acceperat,
504 2444 587 2499 refert
608 2444 678 2498 lren.
697 2447 723 2508 3,
742 2447 759 2501 3
783 2453 811 2499 et
832 2443 931 2500 Euseb.
956 2444 1024 2499 Hist.
1041 2445 1069 2507 3,
1087 2444 1137 2502 20.

113 2527 175 2584 Sed
197 2528 370 2590 Cerinthum,
394 2546 449 2583 non
472 2527 601 2585 Ebioucm
625 2527 794 2584 llaeretieum
817 2528 891 2583 illum
916 2529 997 2583 luisse
1019 2545 1139 2599 cousen7

117 2614 191 2669 tiunt
214 2629 319 2669 omues.
349 2613 438 2680 Quare
459 2606 646 2685 μνημονικὸν
668 2621 710 2669 est
731 2603 862 2689 qqnilpn
884 2611 1025 2685 Epiphanii
1041 2613 1136 2667 nostri.

210 2699 267 2757 148
283 2716 307 2753 c.
337 2690 353 2754 ὁ
378 2691 412 2753 δὲ
431 2687 601 2774 Ὀλεάριος]
623 2697 695 2770 Ergo
711 2697 832 2753 Clearins
854 2696 1005 2771 appellatus
1026 2705 1069 2751 est
1091 2712 1139 2751 ve-

115 2784 311 2839 stimentorum
333 2791 437 2843 custos,
460 2773 676 2859 ἱματιοφύλαξ.
704 2785 744 2838 dn
768 2782 837 2838 idem
860 2791 888 2838 et
910 2781 999 2837 oleum
1021 2779 1139 2854 praebe-

118 2867 167 2923 bat
190 2876 218 2924 et
238 2869 397 2924 vestimenta
419 2864 563 2924 seruabat?
592 2869 632 2923 Au
647 2858 1002 2943 qnotidpiorlegendum‘l
1031 2865 1095 2921 Nam
1111 2869 1178 2922 etto

116 2943 328 3027 ἀποδυτήριον
348 2953 442 3008 Latine
462 2953 641 3024 spoliarium.
677 2952 706 3007 ln
730 2952 819 3008 Veteri
842 2952 904 3007 hen.
926 2951 1067 3023 spoliario
1089 2967 1138 3006 ear·

115 3038 239 3093 teriones
261 3039 425 3094 balneorum
446 3039 575 3093 cellulae.

210 3125 268 3180 149
284 3123 311 3178 d.
341 3116 514 3197 Βαρνάβαν
535 3116 569 3178 δὲ
588 3114 835 3196 μετακληθέντα]
858 3117 992 3176 Barnabas
1014 3120 1140 3192 Prophe·

119 3218 165 3264 tae
194 3206 236 3263 nel
257 3207 418 3280 Prophetiae
446 3206 530 3263 lilium
553 3224 651 3263 sonare
672 3206 787 3263 videtur.
832 3204 886 3262 Sed
908 3222 922 3260 a
944 3204 1053 3278 Syriaca
1074 3221 1139 3260 voce

115 3306 180 3352 Μ
210 3292 352 3348 deducitur
379 3309 448 3365 quee
476 3302 517 3348 cst
546 3293 697 3348 consolari.
741 3292 834 3364 ltaque
860 3290 945 3363 Syrus
967 3289 1138 3363 Parapbrast.

115 3392 242 3438 &tt'na't
266 3391 332 3437 ten:
355 3377 481 3433 reddidit.

212 3465 270 3519 150
285 3462 313 3517 b.
344 3457 434 3519 nanti
457 3457 492 3518 dd
511 3481 555 3540 τῳ
578 3451 671 3535 δῆλόν
692 3455 768 3532 ἔστι]
795 3458 893 3522 Cittim,
917 3459 958 3515 vel
981 3458 1066 3515 Cotini
1088 3475 1142 3514 no·-

117 3549 196 3604 miue
219 3546 331 3621 Cyprios
353 3547 549 3621 propemodum
572 3563 666 3602 omues
688 3544 852 3617 intelligunt.
890 3543 944 3600 Sed
966 3553 993 3600 et
1015 3543 1141 3599 blaccdo-

119 3652 171 3690 nes
195 3632 287 3690 eadem
311 3650 375 3689 voce
397 3630 590 3704 comprehendi
612 3639 717 3702 putant.
749 3629 820 3685 Saue
842 3629 951 3703 quidem
967 3628 1065 3685 Citium
1088 3645 1141 3700 op-

120 3719 215 3791 pidum
238 3717 407 3773 Macedoniae
428 3717 487 3781 luit,
511 3714 581 3788 apud
603 3715 657 3771 biv.
680 3714 699 3771 l.
716 3716 766 3773 42.
797 3715 867 3784 Quin
890 3723 918 3771 et
933 3713 1031 3770 Cilicia.
1062 3711 1141 3781 Quod

118 3803 213 3859 verius
242 3802 364 3859 nonnulli
392 3801 575 3875 suspicantur.
618 3800 761 3857 Postremo
789 3801 901 3856 Romam
929 3808 1011 3870 atque
1038 3797 1139 3853 ltaliam

119 3888 220 3946 eodem
241 3886 287 3943 illo
308 3886 439 3943 vocabulo
462 3885 689 3959 complectuntur.
720 3885 783 3941 blibi
805 3883 945 3958 probabile
968 3883 1073 3939 videtur
1088 3882 1140 3938 Ce-

120 3974 182 4039 tim,
204 3981 252 4028 aut
273 3972 389 4029 Citiaeos
411 3971 521 4045 proprie
544 3970 638 4027 Cilicas
661 3987 721 4027 esse
744 3978 772 4026 et
794 3968 827 4024 ab
849 3969 882 4025 iis
904 3976 1067 4042 propagatos
1086 3967 1139 4039 Cy·

116 4059 206 4131 prius.
237 4057 301 4117 Nam
325 4058 397 4123 Cetis
419 4067 446 4113 et
468 4057 535 4113 Citia
551 4055 655 4113 Ciliciae
678 4055 804 4127 regiones
819 4054 887 4110 duae
902 4062 967 4109 sunt
982 4051 1052 4126 apud
1069 4049 1140 4107 Ptol.

116 4143 201 4212 Quod
229 4152 321 4200 autem
349 4159 399 4216 per
421 4143 553 4217 Cyprum,
582 4150 630 4197 aut
653 4140 771 4197 Ciliciam
794 4139 888 4195 Graeci
916 4137 1083 4209 Romanique
1111 4135 1142 4192 in
