2586 4822
501 840 609 890 vnnsio
629 841 770 898 inruont.
1082 831 1142 894 197

129 993 229 1069 quidem
251 993 330 1050 locus
354 994 445 1049 estin
468 995 521 1051 hoc
544 994 676 1058 rationali,
712 1004 738 1051 et
761 996 829 1052 alter
851 996 878 1052 in
900 991 973 1070 hist)
1003 1015 1072 1073 quae
1102 1001 1145 1057 di-

131 1087 229 1145 cnntur,
253 1078 282 1134 in
304 1078 485 1152 hippodromo
510 1079 702 1152 Chabratba‘).

104 1170 124 1219 tt
205 1164 321 1237 Oportet
343 1164 435 1236 itaque
457 1164 582 1237 primitus
605 1166 674 1220 hanc
698 1164 855 1223 divisionem
876 1183 967 1231 nosse,
992 1176 1019 1223 ct
1042 1168 1143 1225 ordinis

132 1249 357 1322 consequentiam,
387 1266 457 1321 quas
485 1250 634 1305 seeundum
663 1259 779 1306 aetatem
810 1261 851 1307 est
874 1251 1083 1323 singulorum¹),
1117 1253 1143 1309 id

135 1344 167 1389 cst
178 1333 283 1396 lluhcn,
307 1334 427 1397 Simeon,
451 1334 521 1397 bovi,
545 1336 644 1399 Judas;
668 1343 782 1408 propter
796 1335 913 1409 iurgium
929 1353 993 1392 rero
1008 1337 1168 1404 Rachelis,5

137 1427 156 1473 ct
173 1436 237 1491 quae
261 1417 322 1473 data
345 1418 380 1474 sit
403 1417 482 1474 lacob
505 1419 600 1475 ancilla
622 1419 702 1485 Balla,
726 1421 848 1476 nascitur
862 1421 934 1476 iuxta
951 1423 1045 1477 aetatis
1069 1423 1143 1477 ordi-

137 1518 183 1558 nem
198 1512 258 1576 post
274 1503 366 1558 ludam
383 1503 454 1568 llam
479 1505 624 1579 statimqne
648 1505 680 1560 de
703 1505 761 1578 ipsa
783 1506 877 1562 ancilla
901 1506 1037 1563 secundus
1054 1508 1142 1562 editur

209 1654 228 1707 ll
249 1654 308 1701 Gen.
328 1653 411 1714 XXXV,
431 1652 462 1701 23
478 1668 531 1715 sqq.

147 1785 281 1795 —-..-...-
313 1791 321 1794 .
334 1789 418 1796 -—-

144 1935 156 1983 d
207 1871 228 1935 d)
247 1871 326 1919 Locus
345 1871 406 1919 adeo
426 1880 563 1935 corruptus,
583 1881 607 1921 ut
626 1874 720 1921 restitui
740 1874 837 1922 minime
852 1888 924 1936 posse
933 1874 1046 1923 rideatur.
1075 1875 1146 1923 Multa

156 1951 209 1987 cesse
227 1954 273 1987 uon
293 1940 386 1988 dubito.

208 2030 227 2081 sl
253 2024 317 2081 Ouid
344 2025 389 2072 sihi
415 2023 467 2072 relit
493 2025 538 2072 hoo
565 2024 610 2073 loci
630 2025 778 2088 Epiphanius
805 2025 901 2074 ditncite
927 2026 991 2074 dictu
1011 2033 1060 2087 est,
1092 2042 1145 2076 cuin

147 2103 276 2159 occaecatis
296 2109 398 2162 constet,
418 2101 474 2164 quid
494 2102 628 2162 significent
646 2104 881 2167 verbcHippodromo
893 2105 1029 2153 Claobrotlro.
1057 2109 1145 2159 mh

148 2173 230 2227 dlitratlr
247 2186 283 2228 ter
302 2179 325 2226 iu
345 2180 421 2227 sacris
441 2180 536 2227 Litteris
556 2181 675 2229 occurrit:
704 2182 827 2230 Genoseos
846 2196 898 2245 cap.
910 2183 992 2242 XXXV,
1007 2182 1051 2241 173
1083 2181 1147 2228 eius·

148 2240 186 2288 den
200 2245 244 2295 libri
264 2262 315 2310 cap.
327 2247 425 2307 xcvttt
441 2248 453 2294 ’l
469 2256 491 2294 et
504 2249 534 2307 t;
555 2248 594 2296 lib.
615 2250 703 2310 Regum
720 2265 771 2311 cap.
784 2251 809 2311 V,
821 2250 858 2299 19.
895 2252 981 2298 Vocem
1001 2251 1077 2311 ipsam
1096 2263 1147 2296 ser-

147 2317 185 2357 rant
199 2313 260 2371 LXX,
279 2329 332 2376 cap.
345 2314 400 2363 XXV
428 2315 550 2364 Gerieseos
576 2318 711 2365 scribentes
735 2311 891 2382 Χαρραθά,
921 2333 965 2366 neo
992 2331 1039 2364 non
1066 2316 1146 2379 capit

149 2376 185 2425 lihn
201 2382 221 2429 tl
239 2383 328 2443 ltcgum
347 2383 410 2431 ionta
431 2384 606 2433 emendatiores
625 2385 714 2445 libros3
748 2395 803 2434 sunt
828 2388 891 2432 enim
911 2387 951 2445 qtri
971 2385 1086 2432 rriendose
1107 2385 1148 2430 ba-

150 2442 334 2514 hentdsppadri.
374 2451 458 2498 Verum
478 2453 601 2501 Geneseos
621 2453 781 2514 eaph‘bl'lll,
809 2461 834 2500 nt
853 2453 891 2500 hic
910 2453 1066 2514 Epiphanius,
1092 2464 1146 2497 curn

149 2524 188 2560 rore
203 2517 355 2580 hippodromo
373 2533 454 2567 rocem
467 2518 600 2568 Chabrnllta
620 2522 774 2580 coniungunt.
802 2521 926 2580 intulero,
945 2521 968 2567 ni
988 2515 1065 2575 fallor,
1085 2518 1147 2565 inter

151 2584 255 2647 canona,
283 2601 346 2649 qnae
365 2587 403 2634 hic
422 2586 507 2634 deesse
533 2597 605 2649 puto,
633 2589 657 2634 S.
677 2589 804 2635 Doctorem
831 2588 971 2650 exposuisse
996 2586 1148 2643 crediderim,

151 2653 242 2705 cronon
261 2654 389 2703 duodecim
409 2654 485 2702 trihus
509 2669 521 2702 a
542 2655 596 2703 tiliis
616 2656 686 2703 lacoh
706 2670 792 2703 nornen
811 2657 956 2717 acceperint,
983 2662 1042 2716 quot
1061 2667 1147 2701 uxores

152 2712 201 2765 iacob
217 2722 314 2782 duxerit,
334 2737 405 2785 quem
424 2722 498 2771 hlium
520 2723 631 2771 habuerit
649 2724 767 2783 ultimum,
787 2723 864 2771 ethis
884 2724 977 2779 similia,
1002 2720 1148 2783 tandemque

152 2793 234 2838 narnsse
251 2791 481 2853 quomodollacbel,
501 2791 641 2839 Reniaurino
661 2791 734 2850 edito,
753 2799 835 2853 partus
855 2788 938 2839 dolore
957 2790 1064 2838 corriecta
1085 2802 1148 2836 mor·

152 2855 184 2898 ltu
198 2857 274 2906 obierit
292 2860 316 2907 iu
336 2865 398 2907 terra
418 2859 538 2918 ohannau,
557 2860 580 2906 io
601 2859 760 2920 hippodromo
775 2858 917 2918 chabratha,
937 2859 1012 2906 etsie
1032 2857 1148 2910 namatio-

152 2928 189 2967 oen
208 2926 336 2975 confecisse
360 2927 437 2975 rerhis
462 2927 572 2974 nimirum
599 2927 670 2987 l.XX;
706 2928 737 2974 ita
766 2928 828 2974 enim
854 2927 925 2975 laeob
953 2926 1060 2987 loquitor
1083 2923 1147 2971 laud.

153 2985 243 3042 t·Xll'lll
263 2994 366 3044 lienes:
388 2996 434 3057 Epo
453 3001 535 3055 colent,
557 2998 648 3058 quando
667 2998 718 3044 ocni
737 2997 764 3043 dc
782 2996 947 3058 Mesopotamia
960 2995 1035 3054 Syrio,
1056 3000 1147 3041 morton

153 3061 174 3099 cat
188 3058 255 3111 hachel
274 3072 347 3112 mater
364 3071 404 3110 too
422 3065 446 3110 in
465 3070 525 3110 terro
546 3062 666 3122 chanaon,
694 3065 892 3126 appropinquante
915 3077 950 3110 me
974 3063 1004 3109 od
1022 3062 1148 3124 hippodro-

152 3133 194 3172 nm
209 3131 331 3181 t'licbrotha
355 3138 436 3178 terroe.
478 3121 547 3192 Ἐγώ
573 3125 603 3178 δὲ
628 3123 706 3188 ἡνίκα
731 3121 799 3193 ἦρχό
823 3145 856 3187 ην
880 3121 908 3176 ἐκ
931 3123 1149 3191 Μεσοποταμίας

152 3185 185 3259 llo
198 3193 298 3262 Συρίας,
327 3189 448 3245 ἀπέθανε
463 3189 558 3261 Ῥαχὴλ
577 3193 591 3256 ἡ
610 3191 702 3263 μήτηρ
722 3210 772 3244 σου
789 3143 820 3245 XX
836 3194 871 3262 γῇ
889 3190 997 3250 Χανάν,
1026 3189 1147 3259 ἐγγίζον-

154 3264 240 3328 'ltpoo
256 3260 326 3312 καιὰ
345 3259 394 3312 τὸν
413 3257 587 3329 ἱππόδρομον
605 3259 746 3327 Χαβραθὰ
770 3267 818 3323 τῆς
835 3263 901 3328 γῆς,
929 3273 973 3312 etc.
1020 3264 1146 3312 Caeterum

154 3332 227 3380 ³¹t0cis
245 3335 352 3384 Chibrntb
371 3334 568 3394 significationem
594 3335 752 3396 inquirimus,
783 3341 837 3396 quot
861 3336 1010 3396 incapaces,
1037 3339 1069 3381 tot
1094 3338 1147 3379 sont

154 3403 255 3461 tntmttoe,
284 3409 310 3449 ut
328 3402 391 3450 hene
409 3402 442 3450 ait
462 3403 562 3450 brusius
582 3403 604 3449 in
624 3417 683 3450 cers.
698 3400 727 3449 16
751 3401 840 3449 laudati
859 3414 911 3462 cap.
921 3400 995 3448 XXXV
1015 3400 1147 3448 Geneseos.

155 3456 213 3519 touta
229 3470 335 3530 iutelligit
354 3486 419 3519 secas
436 3473 511 3528 ciant,
540 3469 579 3518 alii
597 3473 641 3519 iter
659 3471 721 3532 qood
746 3471 876 3531 aprondio
902 3469 931 3516 cd
957 3483 1050 3517 coenam
1068 3468 1149 3528 confici

154 3535 216 3595 idest,
239 3537 275 3586 alii
295 3540 412 3599 inpetum,
442 3551 528 3599 nempe
547 3546 624 3586 terrac
644 3544 758 3592 tractum,
783 3551 855 3598 quem
881 3536 928 3584 duo
953 3536 1024 3583 bores
1042 3549 1091 3583 nno
1110 3533 1148 3581 dic

156 3602 207 3660 aaut,
222 3605 257 3653 alii
277 3608 373 3654 multam
391 3608 489 3665 itineris,
511 3604 549 3653 alii
568 3607 631 3654 mille
648 3621 741 3668 possus,
770 3605 809 3652 alii
828 3605 898 3654 aliam
917 3612 991 3652 terrm
1008 3616 1146 3660 mcnsnrcm'

156 3667 171 3705 ‘l
184 3674 272 3721 nonnuttt
291 3689 384 3722 anniam
402 3679 497 3736 tempus.
527 3674 613 3721 Vocem
633 3671 815 3735 hippodromum
835 3673 858 3719 in
878 3679 967 3719 textum
988 3671 1051 3731 LXX,
1072 3670 1148 3718 Gene-

157 3738 348 3802 ¹reoccupllbllll
368 3740 494 3801 irrepsisse
513 3740 582 3789 iacilc
606 3740 740 3790 dubitarem
767 3756 793 3788 er
819 3738 941 3800 marginali
966 3745 1023 3786 nota
1046 3735 1148 3786 alicuius

93 3814 95 3821 ·
158 3802 277 3866 intelligentis
296 3810 319 3856 in
338 3822 395 3855 voce
414 3807 528 3857 Chihratb
547 3809 658 3871 spatium,
686 3809 752 3871 quod
778 3822 854 3870 equus
874 3808 897 3856 in
916 3807 1074 3870 hippodromo
1094 3816 1147 3866 per·

159 3874 246 3930 fluebat,
263 3891 342 3938 neque
362 3876 424 3924 enirn
443 3875 511 3924 video
531 3892 573 3925 cur
591 3891 638 3925 tino
657 3891 680 3924 rn
700 3877 753 3924 loco
768 3877 822 3924 LXX
844 3876 962 3938 duplicem
982 3874 1149 3923 adhibuissent

158 3940 219 4001 ΜΘΗ),
236 3945 327 3992 duobus
345 3957 400 3992 vero
419 3944 472 3992 aliis
491 3945 642 3993 solummodo
665 3959 747 3992 rocem
765 3938 914 4008 Χαβραθά.
953 3943 1051 3992 Scilicet
1069 3953 1150 3987 sacra-

160 4009 193 4069 na
207 4007 337 4060 Litterarum
356 4012 585 4074 tartcrmtiraecum,
605 4027 675 4075 quern
696 4027 758 4060 nune
778 4012 893 4060 babemus
913 4012 957 4059 sub
976 4006 1147 4067 nomincLXX‚

160 4060 197 4116 llll
209 4080 339 4129 venerabilis
359 4081 397 4137 sit,
417 4079 582 4143 plurimaeque
592 4081 749 4140 auctoritatis,
767 4081 837 4128 variis
856 4089 933 4128 tamen
954 4080 976 4126 in
995 4076 1054 4124 locis
1074 4075 1149 4124 inter-

161 4134 235 4194 ldatum
252 4148 462 4212 deprehendimus.
1080 4216 1092 4249 ·
