2586 4822
296 774 329 827 r.
364 778 561 827 αιτιασιοσ
577 780 639 828 σιτ
656 780 732 828 τινα
748 778 948 830 ammon.
1091 768 1131 827 55

142 932 240 1008 πεῖραν
269 920 329 993 οόκ
363 926 522 1011 έγνωκυῒα
556 924 689 1013 ἀνδρὸς,
729 930 788 995 τόν
820 929 1023 1014 προαιιόνιον
1050 930 1133 998 θεὸν

141 1014 240 1107 ’ίησοόν
249 1024 398 1108 Χριστόν
414 1026 530 1093 ἔτεκον.
569 1033 741 1110 παρθένος
760 1027 822 1113 γάρ
842 1036 895 1093 καὶ
919 1031 975 1094 νῦν
996 1024 1132 1113 ὑπάρχω

141 1118 208 1199 μετά
225 1119 280 1187 τόν
301 1121 408 1201 τόκον,
432 1130 650 1240 καθαρωτέρα
670 1127 729 1189 τοῦ
747 1125 870 1207 πριόην.
908 1119 1043 1204 ἀπόνους
1065 1127 1133 1193 {fve-

141 1240 185 1281 κον
208 1213 262 1301 οάχ
290 1214 335 1298 ὡς
364 1223 459 1286 στᾶσα
480 1221 574 1308 γυνη·
612 1217 753 1304 ἀνόμοια
778 1222 842 1334 γάρ
870 1221 950 1304 ἐμοῦ
978 1218 1133 1289 κάκείνων

141 1313 172 1378 τό
187 1314 301 1397 μεταξά
285 1318 512 1401 ιπράγματα.
557 1314 613 1385 οάκ
611 1320 717 1439 ε’γνω
740 1319 841 1407 ιγόσις
863 1313 1054 1404 ἀνθρώπων
1076 1320 1157 1389 τὸνο

140 1412 217 1479 τόκον
236 1441 310 1496 μου,
346 1415 375 1482 εἰ
399 1413 445 1529 μή
474 1416 576 1497 ιιόνος
605 1411 623 1482 ό
652 1416 685 1482 έν
708 1416 782 1501 έμολ
810 1416 944 1503 οἰκήσας
972 1417 1061 1496 θεός.
1107 1406 1134 1483 ιό

141 1518 268 1595 παρθένε
292 1512 430 1597 φρικτὸν
452 1517 510 1598 τίς
532 1514 700 1600 ἐκκλησίας
721 1514 898 1598 κειμήλιον,
921 1515 960 1579 τὸ
982 1522 1065 1599 μέγα
1079 1515 1135 1579 τό-

141 1606 183 1684 γόν
201 1608 386 1697 μυστήριον,
418 1606 506 1694 ἱερέα
527 1612 620 1677 καλεῖ
648 1612 705 1697 τὴν
728 1618 898 1696 παρθένον
922 1608 1003 1694 όμοῦ
1025 1614 1133 1678 τεκαὶ

122 1704 415 1793 λθοοιαοτηριον,’
395 1734 467 1795 ητις
485 1710 611 1792 τραπεζ
610 1713 736 1827 οιγοροί.Ι
739 1734 781 1776 σα
795 1710 853 1775 τὸν
868 1704 1019 1792 οόράνιον
1035 1706 1134 1791 άρτον

142 1806 267 1884 Χριστὸν
292 1802 450 1872 λ’(δωκεν
433 1809 523 1892 ημῶν
547 1804 638 1885 είς”
616 1830 736 1921 αηρεσιν
758 1804 935 1890 άιιαρτιιόν.
971 1797 997 1872 ιό
1011 1830 1134 1894 γαστηρ
1146 1824 1173 1875 10

142 1892 303 1981 ἀμόλοντος
326 1899 466 1988 οὐρανοῦ
489 1904 643 1970 κόκλ.”ον
625 1928 752 1986 εχοισα,
779 1907 830 1969 καὶ
854 1904 936 1970 θεὸν
959 1898 1133 1991 άχιόρητον,

142 1994 167 2059 ἓν
184 2004 230 2066 σοὶ
255 2001 290 2066 δὲ
312 2002 459 2085 χωρητὸν
473 2001 678 2084 βαστάσασα.
714 1991 740 2067 ὦ
755 2000 878 2087 γαστηρ
894 1997 1034 2085 οάρανοο
1018 2003 1136 2067 ’πλο-

141 2104 246 2181 συνέρα,
270 2098 353 2165 θεὸν
375 2099 433 2163 τόν
456 2099 489 2164 έν
512 2099 599 2181 σοὶγ
587 2098 631 2185 μὴ
640 2122 934 2215 στενοχωρησασα
971 2088 997 2164 ιό
1012 2099 1135 2213 γαστὴρ

141 2188 381 2275 όκτάκοκλος’
344 2196 483 2313 οι-’ρανὸς
504 2199 557 2262 καὶ
579 2196 774 2280 μειζοτέρως
797 2190 904 2263 αὐτῶν
924 2194 1135 2313 16726606663

141 2276 162 2351 (ό
178 2294 293 2380 γαστὴρ
317 2294 404 2361 ἑπτὰ
425 2290 573 2408 ουρανῶν
595 2290 784 2379 ι’·ψηλοτέρα
806 2320 858 2360 και
849 2294 1071 2410 πλατυτέρα.
1110 2296 1137 2359 ὠ
1150 2314 1175 2362 15

142 2391 243 2501 γαστὴρ
267 2388 286 2457 6
310 2389 427 2476 όγάοος
449 2386 587 2473 οόρανός
615 2390 701 2457 ἑπτά
724 2390 957 2474 στερεωμάτων
980 2386 1134 2473 ἀνωτέρα.

143 2470 162 2545 ό
179 2489 295 2577 γαστὴρ
318 2488 519 2575 λπταιγιότου
540 2488 674 2571 χάριτος
690 2489 729 2552 τὸ
744 2487 937 2573 ἀσβεστον”
921 2512 1037 2571 εχουσα
1054 2491 1136 2572 φῶς.

124 2587 213 2645 ντί
186 2612 220 2652 ει.
218 2614 283 2665 τω,
321 2582 342 2670 ἢ
364 2594 397 2651 τί
419 2587 551 2671 λαλήσω
567 2589 643 2670 περὶ
660 2589 718 2670 τῆς
733 2588 851 2672 σεμνῆς
872 2584 926 2650 καὶ
941 2582 1036 2669 άγίας
1050 2610 1137 2667 παρ-

143 2683 244 2767 θένους
283 2680 439 2762 όπόθος
461 2634 546 2751 ε’λκει
576 2709 617 2767 με
647 2685 749 2767 λέγειν
776 2688 853 2767 περὶ
881 2707 939 2767 της
966 2682 1136 2757 θεοτόκοο,

143 2786 182 2843 καί
203 2738 307 2899 φόβος
329 2788 455 2864 κατέγει
476 2807 517 2862 με
538 2785 597 2847 τοῦ
620 2784 763 2861 σιωπᾶν,
787 2774 844 2845 σάκ
867 2774 966 2858 ἀξίως
984 2779 1065 2861 έχων
1080 2781 1178 2853 τοῦτο

144 2870 237 2983 όλγευ·
288 2876 305 2941 6
329 2882 404 2956 νοῦς
426 2880 642 2993 προκαλεῖται
670 2880 724 2944 καὶ
753 2873 901 2964 όφόβος
929 2870 1138 2943 ἀπωθεῖται·

143 2964 171 3047 λέ
187 2980 240 3056 μὲν
264 2978 350 3043 ἕλκει
370 3002 421 3059 με,
446 2974 482 3053 69
505 2976 541 3042 δὲ
562 2971 715 3042 ἀνθέλκει
738 3002 788 3058 με.
827 2974 941 3061 ε’·πειόη
966 2963 1023 3039 οὖν
1047 2980 1140 3041 συνέ-

142 3088 224 3149 λομαι
245 3078 311 3139 τῶν
335 3068 541 3160 ἀμφοτέρων,
566 3079 727 3160 συμφέρει
747 3097 806 3156 μοι
829 3075 968 3157 λαλῆσαι
991 3073 1066 3154 περὶ
1082 3074 1141 3156 τῆς

143 3171 358 3252 μεγαλωνιμου
387 3174 440 3236 καὶ
471 3165 565 3248 όσίας
592 3176 775 3253 παρθένου.
820 3172 902 3254 λέγω
931 3170 992 3255 γάρ
1021 3167 1140 3285 ταέτην

144 3255 264 3346 θῦρανόν
293 3272 345 3333 καὶ
378 3270 502 3353 θρόνον
531 3263 613 3350 όμοῦ
645 3293 681 3334 τε
714 3272 767 3333 καί
801 3268 956 3351 σταυρόν·
992 3266 1051 3345 τὰς
1079 3265 1180 3385 γάρου

109 3352 223 3444 Μᾶγίας
244 3362 388 3451 ἀγκάλας
410 3366 579 3432 έκτείνασα
606 3364 664 3430 τὸν
694 3365 858 3483 δεσπότην
881 3366 1069 3449 ἐβάστασεν.
1114 3366 1141 3429 ὠ

144 3458 250 3573 θρόνος
273 3464 485 3548 λερονγέικὸς,
510 3461 732 3548 σταυροειόης,
756 3459 917 3546 οόράνιος,
940 3462 1018 3545 περὶ
1034 3450 1071 3549 ἧς
1086 3461 1142 3527 διά

144 3559 196 3623 τῶν
215 3564 350 3680 γραφῶν
372 3561 406 3627 έν
429 3556 583 3643 οόρανοίς
604 3559 821 3643 παρακόπτω,
854 3563 906 3626 καὶ
929 3561 1059 3677 βλέπω
1064 3558 1143 3622 ταύ-

143 3674 190 3737 ην
208 3656 274 3726 ἀπὸ
297 3654 440 3744 ἀγγελίαν
462 3664 757 3744 προσκυνουμένην.
799 3654 880 3723 ὅθεν
895 3660 1027 3741 πρῶτον
1043 3679 1061 3720 ο
1050 3652 1142 3719 Γ
1105 3680 1142 3720 α

144 3752 283 3869 ίλριηλ
249 3784 309 3842 την
338 3761 509 3840 παρθένον
539 3750 723 3837 ἀσπάζεται
757 3764 868 3838 ’γαῒρε
895 3758 1182 3839 κεχαριτωμένηγι)

144 3840 280 3965 θκόριος
300 3852 385 3938 μετὰ
408 3856 494 3919 οοῦ.”
533 3863 628 3937 χαῖρε
656 3858 910 3938 κεχαριτωμένη,
946 3847 963 3915 ό
991 3847 1144 3932 λαμπρός

143 3938 281 4032 οὖρανός
303 3962 398 4035 γαίρε
420 3956 674 4064 κεχαριτωμένη,
697 3977 716 4037 η
739 3949 797 4015 τὸν
820 3947 1086 4033 έξαστράπτοντα
1110 3944 1145 4025 έξ

145 4038 267 4129 θόρονοῧ
294 4051 498 4133 λαμπραῖς)
496 4048 656 4132 ,αμπάσιν
679 4042 794 4114 ἀκτῖνα
822 4048 939 4129 έχοισα
966 4042 1058 4131 ἥλιον
1087 4042 1144 4108 τὸν
