2586 4822
407 1630 850 1724 PRAEFATIO.

528 1875 732 1888 *-

216 2063 299 2169 Quas
321 2098 375 2152 hoe
396 2096 525 2153 lascienlo
553 2095 686 2169 complexi
708 2112 804 2153 sumus
833 2095 1056 2160 declamationes,
1085 2112 1142 2154 non

108 2176 185 2231 eSse
208 2181 239 2236 ab
260 2181 411 2256 Epiphanio
434 2182 558 2256 scriptas,
582 2182 659 2237 cuius
680 2198 781 2238 nomen
803 2181 1001 2255 praescriptum
1017 2189 1067 2246 est,
1090 2199 1144 2238 ne-

111 2254 191 2345 ¹1tini
212 2265 356 2322 obscurum
379 2284 440 2323 esse
462 2274 555 2341 potest
576 2267 623 2341 qui
638 2265 780 2341 Epiphanii
801 2283 955 2323 sermonem
971 2283 1002 2322 ex
1017 2266 1144 2340 genuinis

117 2348 186 2400 elus
206 2352 311 2425 scriptis
326 2352 465 2425 cognitum
480 2351 588 2415 habeat,
612 2351 797 2426 intellexitque
812 2352 865 2406 iam
878 2351 1000 2408 Petavius
1016 2351 1044 2406 in
1058 2350 1144 2407 Prae-

122 2416 224 2511 latione
244 2436 387 2492 voluminis
410 2436 531 2502 secundi,
562 2453 642 2509 qnam
671 2445 781 2492 nostrae
803 2437 867 2493 huic
888 2434 1052 2492 Praelationi
1074 2435 1144 2491 sub-

126 2514 244 2575 letimus.
282 2521 334 2590 Qui
355 2522 429 2595 quod
452 2521 520 2576 alius
544 2537 589 2577 eas
612 2537 673 2577 esse
689 2520 831 2594 Epiphanii
853 2520 977 2583 coniecit,
1001 2518 1077 2575 valde
1098 2520 1144 2575 in-

132 2604 201 2658 terta
220 2623 286 2661 usus
309 2614 352 2662 est
380 2606 551 2670 coniectura,
584 2623 668 2680 quum
696 2607 777 2661 ctiam
805 2604 873 2661 aliae
900 2605 1001 2661 emonis
1030 2620 1143 2660 caussae

137 2687 235 2755 tortian
257 2691 373 2765 possint,
408 2707 458 2746 nec
480 2706 542 2746 raro
565 2689 641 2746 libris
664 2690 722 2746 sine
750 2690 915 2763 scriptorum
937 2687 1091 2745 nominibus
1113 2688 1143 2745 in

141 2770 261 2831 codicibus
283 2774 481 2848 antiquioribus
497 2775 612 2831 inventis
628 2774 763 2831 clarorum
778 2782 921 2831 auctorum
937 2773 1045 2830 nomina
1060 2786 1144 2847 prae·

144 2854 224 2928 scripta
245 2860 314 2915 sint:
343 2861 376 2915 de
398 2876 453 2933 quo
475 2859 598 2934 plurimis
621 2868 728 2916 constat
750 2860 879 2934 exemplis
901 2861 929 2916 in
950 2858 1036 2915 literis
1058 2857 1143 2914 sacris

147 2940 226 3003 parier
246 2954 329 3018 atque
351 2944 480 3018 profanis.
522 2944 560 3001 lle
583 2944 722 3001 codicibus
745 2962 776 2999 ex
798 2943 898 3019 quibus
920 2944 989 3001 haec
1011 2941 1144 3017 opuscula

148 3026 221 3089 partim
235 3047 249 3084 a
261 3030 371 3085 l‘ctavio
383 3030 480 3104 partim
492 3028 527 3085 ab
537 3030 595 3086 aliis
608 3030 723 3105 primum
742 3029 813 3086 edita
828 3039 893 3086 sunt
908 3046 1002 3103 parum
1018 3035 1141 3085 constat:

149 3118 184 3161 nos
201 3114 295 3186 quihus
311 3115 354 3170 usi
369 3115 453 3170 simus
468 3115 495 3171 in
510 3114 731 3171 annotationibus
746 3115 870 3171 diximus.
903 3114 989 3171 Notae
1004 3112 1143 3187 aliquanto

150 3192 242 3255 melioris
265 3207 306 3257 est
321 3199 442 3272 Epistola
464 3198 497 3256 ab
513 3200 662 3274 Epiphanio
685 3199 718 3255 ad
732 3200 871 3263 loannem,
891 3198 1143 3272 Hierosolymorum

151 3276 291 3357 ‘tiscopum
314 3286 425 3358 scripta,
449 3302 529 3358 quam
552 3285 580 3340 in
603 3302 756 3341 sermonem
778 3286 902 3341 Latinum
925 3300 1028 3340 versam
1044 3282 1144 3338 lliero-

151 3373 223 3430 ttuus
243 3370 358 3425 servarit
387 3387 440 3426 una
468 3387 529 3426 cum
559 3369 608 3425 alia
637 3369 761 3426 breviore
783 3370 816 3425 ad
838 3368 1031 3442 Hieronymum
1053 3368 1143 3441 ipsum

150 3445 225 3520 sltt'pta
246 3456 284 3529 (p.
304 3456 439 3514 72-87.
463 3455 504 3511 ed.
528 3455 660 3527 nostrae),
689 3471 803 3529 quarum
825 3455 944 3528 priorem
968 3461 1072 3509 tantum
1095 3468 1144 3509 ex·

150 3525 216 3594 hibuit
235 3539 369 3596 Petavius.

212 3624 248 3679 td
262 3625 330 3681 haec
345 3624 476 3698 opuscula
491 3625 575 3680 minis
596 3634 689 3681 nostra
710 3632 799 3680 aetate
820 3622 935 3680 accessit
954 3621 1062 3678 libellus
1077 3619 1145 3694 Epi-

149 3696 220 3769 pharii
233 3710 340 3765 nomine
356 3710 513 3783 inscriptus,
529 3709 642 3782 dequo,
659 3717 690 3764 ut
703 3708 736 3765 de
751 3708 810 3763 aliis
825 3725 941 3782 quorum
959 3707 1000 3763 vel
1016 3713 1143 3778 excerpta

148 3782 181 3837 rel
193 3788 330 3866 fragmenta
346 3793 487 3868 Epiphanii
503 3811 602 3851 nomen
618 3794 645 3850 in
661 3792 799 3851 codicibus
814 3801 923 3867 gerunt,
946 3792 973 3848 in
987 3789 1144 3865 Appendice

148 3866 175 3920 ad
185 3869 241 3933 banc
251 3879 392 3953 Epiphanii
407 3879 552 3936 editionem
568 3879 711 3935 dicendum
727 3878 788 3943 erit,
804 3895 884 3951 quam
899 3894 914 3933 a
930 3894 973 3934 me
988 3872 1143 3950 praeparari

148 3950 203 4011 issftt
215 3962 259 4019 dixi
274 3963 370 4036 p.Vlll.
393 3964 502 4020 Nullum
516 3963 625 4021 libellus
641 3963 686 4019 ille
701 3964 823 4020 continet
838 3963 922 4036 ipsius
934 3958 1084 4034 Epiplxanii,
1096 3964 1144 4013 aut

147 4038 249 4119 qusquis
271 4049 339 4105 alius
363 4058 406 4106 est
419 4057 524 4113 auctor,
547 4048 669 4113 verbum,
692 4048 741 4105 sed
755 4048 782 4104 in
798 4050 885 4123 capita
907 4055 1016 4104 centum
1039 4051 1066 4098 et
1088 4041 1143 4097 duo

148 4120 229 4187 *livitus
249 4142 322 4191 totus
345 4144 388 4191 est
410 4151 442 4192 ex
463 4132 530 4192 locis
546 4134 650 4192 Veteris
665 4133 831 4192 Testamenti
852 4130 1019 4205 compositus
1043 4125 1144 4202 quibus

978 4225 994 4259 ei
