2586 4822
157 796 219 856 202
504 810 581 858 niam
601 809 639 859 ae
658 809 697 858 au
718 809 831 859 seusus

156 965 217 1019 tiam
242 982 302 1020 csse
325 965 526 1036 perspeximus,
558 974 587 1020 ut
616 965 652 1019 sit
681 964 766 1020 tribus
795 964 948 1025 Beniamin,
982 965 1043 1020 dein
1068 965 1175 1038 loseph,

154 1048 258 1113 liuban,
284 1050 349 1111 bad,
374 1048 504 1113 Zabulon,
528 1050 658 1113 issachar,
683 1053 758 1113 Aser,
783 1049 913 1122 b'eptalim
938 1057 965 1104 et
988 1049 1054 1104 ban.

241 1135 307 1189 ltem
332 1144 425 1206 rpuarta
449 1135 551 1189 decima
576 1134 669 1189 divisio
700 1135 803 1189 numeri
833 1133 928 1189 subest
952 1150 983 1189 ex
1012 1133 1177 1190 revelatione

154 1219 182 1274 S.
200 1216 335 1289 loannis¹l
359 1219 406 1292 qui
428 1218 606 1275 dinumeravit
629 1235 660 1273 ex
683 1235 845 1292 unaquaque
868 1218 941 1273 tribu
957 1217 1100 1274 duodecim
1116 1219 1178 1274 mil·

128 1303 188 1360 alia
212 1321 316 1368 eorum,
347 1304 393 1376 qui
415 1305 566 1377 virginitate
589 1304 747 1358 sanctificati
770 1313 843 1367 sunt,
873 1304 910 1358 ait
932 1304 1020 1358 evrim:
1051 1303 1177 1359 Deleda

155 1388 296 1444 duodecim
320 1388 416 1443 millia:
440 1388 473 1442 de
496 1389 591 1444 lluben
615 1389 746 1452 similiter,
771 1388 830 1442 exin
854 1387 887 1443 de
904 1387 967 1451 Gad,
992 1388 1025 1442 de
1042 1391 1120 1453 hser,
1144 1388 1177 1444 de

153 1473 267 1544 b'eptali,
297 1473 330 1527 de
359 1472 489 1536 danesse,
521 1473 554 1529 de
583 1473 718 1537 Simeone,
749 1474 781 1528 de
811 1473 881 1536 Levi,
918 1474 951 1528 de
980 1473 1114 1537 issachar,
1144 1474 1177 1529 de

153 1557 283 1623 Zabulon,
308 1557 341 1612 de
364 1557 472 1631 loseph,
496 1559 529 1614 de
551 1557 697 1613 Beniamin.
741 1558 879 1631 Nusquam
901 1574 964 1613 vero
987 1557 1014 1612 in
1038 1559 1092 1614 boc
1115 1557 1175 1613 loce

151 1642 273 1698 meminit
295 1642 360 1698 ban.

111 1733 153 1782 lbv
236 1727 359 1783 Forsitan
383 1736 474 1783 autem
503 1734 530 1782 et
553 1726 610 1782 aliis
639 1727 734 1799 loeis⁰t
764 1727 869 1783 numeri
896 1726 974 1782 aliter
1002 1727 1217 1796 invenianturgr

152 1812 277 1884 ascripti;
313 1830 362 1868 nos
387 1820 475 1867 tamen
499 1813 566 1867 istos
597 1813 716 1867 invenire
745 1812 899 1884 potuimus,
931 1821 956 1867 et
985 1812 1036 1867 hae
1065 1811 1175 1884 quidem

151 1905 215 1951 sunt
238 1897 392 1959 divisiones,
415 1914 485 1971 quae
508 1897 656 1952 secundum
681 1913 821 1952 numerum
846 1897 950 1952 diverso
969 1897 1049 1952 modo
1067 1906 1176 1953 constat

153 1997 213 2035 esse
235 1975 442 2054 compositast),
468 1998 540 2036 nunc
563 1982 670 2055 quidem
694 1981 843 2037 secundum
864 1991 1040 2054 praeceptum
1058 1981 1174 2044 Domini,

151 2081 224 2119 nunc
247 2074 336 2120 autem
360 2067 430 2120 iuxta
455 2065 624 2136 singulorum
648 2067 799 2140 principum
821 2067 1001 2122 voluntatem:
1025 2067 1087 2122 dice
1110 2083 1174 2122 vero

114 2148 220 2206 tallosi
244 2160 271 2204 et
294 2150 353 2205 lesu
370 2150 449 2213 Nave,
474 2159 501 2204 et
523 2151 568 2221 qui
592 2152 719 2224 deinceps
742 2168 836 2207 eorum
860 2168 1033 2207 successores
1058 2151 1175 2207 existere

151 2244 320 2289 meruerunt.
360 2234 413 2289 h'ec
429 2235 487 2289 sine
504 2234 605 2307 Spiritu
629 2236 655 2290 id
671 2247 759 2292 actum
776 2247 826 2303 est,
851 2236 908 2300 sed,
932 2246 962 2292 ut
985 2235 1079 2299 voluit,
1104 2235 1174 2291 idem

152 2317 269 2390 Spiritus
298 2327 408 2374 sauctus
437 2321 616 2385 enumeravit,
653 2331 735 2395 atque
763 2313 896 2394 disposirit
925 2320 1045 2394 singulas
1074 2338 1175 2377 conse·

151 2403 275 2475 quentias
298 2405 370 2459 iuxta
394 2404 529 2477 propriam
552 2404 727 2460 voluntatem.
771 2406 933 2468 Revertens,
968 2406 1038 2461 idern
1069 2405 1102 2461 de
1132 2407 1174 2461 his

149 2505 204 2543 uno
227 2488 287 2544 loco
310 2489 429 2545 breviter
458 2497 485 2543 et
507 2498 708 2562 consequenter
736 2490 880 2545 edisseram
911 2491 1075 2562 easdemque
1104 2506 1174 2563 qua·

109 2573 301 2630 lbtuordecim
331 2574 489 2637 divisiones,
521 2575 671 2648 harumque
700 2574 870 2631 selectiores.
920 2574 977 2629 Non
1007 2575 1033 2629 in
1058 2591 1171 2630 vacuum

148 2658 250 2724 laciam,
270 2677 320 2714 nec
336 2669 366 2715 ut
382 2659 548 2714 venerationi
564 2668 626 2715 tuae
642 2661 708 2714 haec
725 2649 877 2715 recensenti
893 2659 1024 2715 molestus
1041 2660 1170 2724 existam;

234 2810 256 2871 l)
275 2813 347 2872 hpoc.
366 2810 413 2867 l'll,
432 2811 515 2871 lagu.

151 2943 457 2953 ——-———.-—-.

232 3030 254 3077 cl
280 3026 393 3073 l'identur
419 3026 551 3088 Epiphanio
578 3028 694 3076 cecidisse
720 3029 826 3090 caputii
852 3028 903 3076 libri
930 3029 1103 3089 hurneroruuv,
1132 3029 1171 3075 ubi

147 3109 215 3141 sacer
234 3094 440 3156 historiographus
459 3095 566 3143 ordinem
587 3097 688 3154 ealribct,
714 3111 761 3159 quo
787 3096 956 3156 gradiebantur
974 3096 1099 3144 israelitae
1117 3105 1171 3158 post

146 3162 281 3209 columnam
301 3163 385 3219 nubis,
414 3177 475 3225 qliae
500 3163 554 3210 illos
573 3165 669 3225 praeivit
688 3165 711 3211 in
731 3165 841 3225 deserte,
869 3172 892 3212 et
917 3164 1024 3212 eiusdem
1046 3164 1098 3213 libri
1119 3179 1169 3227 cap.

147 3230 222 3291 xlv't,
242 3231 280 3277 ubi
300 3230 421 3279 israelitae
440 3246 523 3279 earnes
543 3247 555 3279 a
574 3233 652 3292 viginti
672 3235 749 3293 avinis,
768 3241 791 3280 et
810 3246 880 3295 supra
900 3239 1072 3280 numerantur:
1102 3247 1170 3295 prae·

146 3307 211 3346 terca
232 3299 282 3346 libri
298 3299 397 3361 Paralip.
417 3300 476 3361 cll,
496 3301 560 3362 quod
580 3301 677 3362 incipit:
698 3302 755 3349 Filii
773 3309 847 3350 ardon
862 3303 940 3361 lsrael,
961 3301 1046 3359 buben,
1068 3302 1168 3354 Simeon,

147 3368 205 3415 Levi.
228 3368 292 3425 luda,
313 3369 418 3416 issachar
437 3376 457 3416 ct
475 3370 585 3428 Zabulon,
608 3370 663 3426 Darii,
692 3371 779 3431 loseph,
807 3369 931 3428 Beniamin,
960 3369 1093 3431 Nephthali,
1123 3369 1170 3418 Gad

146 3441 166 3481 et
184 3434 255 3483 Aser:
280 3442 302 3482 et
328 3434 394 3487 ordo,
420 3450 467 3497 ‹pvo
494 3436 533 3483 lilii
555 3437 624 3483 laeob
644 3443 800 3484 recensentur
825 3451 877 3484 cum
903 3436 1065 3498 quorundibet
1086 3450 1168 3484 eorum

147 3502 233 3549 teritur
256 3503 393 3563 genealogia
418 3504 440 3550 in
466 3504 551 3551 eodem
577 3504 637 3551 lih.l
658 3504 756 3565 Paralip.
782 3520 793 3551 a
814 3504 906 3565 capl',
933 3504 962 3552 ad
982 3504 1047 3562 lilll,
1075 3518 1168 3552 necnon

146 3569 277 3618 Ezeclvielis
296 3572 455 3633 caplibt'lll,
475 3573 513 3620 ubi
534 3573 663 3634 unicuique
683 3573 753 3621 tribui
773 3587 800 3619 ea
819 3581 896 3620 terrae
915 3580 1013 3620 sanctae
1031 3586 1089 3634 pars
1104 3586 1170 3621 asse·

144 3638 211 3699 riter,
231 3653 292 3700 quac
312 3640 440 3702 unicuique
454 3641 551 3700 contigit
566 3642 629 3687 llose
650 3648 671 3689 ct
683 3642 752 3689 losuc
771 3654 822 3688 eam
843 3649 929 3688 terram
949 3641 1011 3688 inter
1029 3654 1073 3688 eos
1088 3640 1168 3689 distri·

144 3706 281 3755 laventibus.
318 3708 430 3764 erininro
455 3709 475 3756 si
494 3709 642 3756 meminisset
668 3710 738 3757 etiam
757 3723 808 3770 cap.
819 3709 857 3756 llll
878 3707 937 3757 lib.l
966 3706 1067 3770 Paralip.
1092 3709 1133 3757 ubi
1152 3709 1166 3755 ii

144 3783 300 3823 recensentur
318 3775 407 3838 populi,
427 3779 467 3838 qui
487 3791 513 3825 ei
533 3791 677 3839 unaquaque
695 3777 757 3825 tribu
777 3777 853 3824 secuti
872 3783 929 3824 sunt
942 3775 1053 3823 davidem
1073 3778 1168 3826 aSaule

144 3842 280 3904 lugientem,
301 3858 393 3892 necnon
413 3845 525 3905 tribuum,
545 3859 606 3907 quae
616 3856 778 3893 memorantur
789 3858 811 3892 ru
823 3844 947 3892 Debborae
958 3844 1063 3905 cantico,
1083 3845 1134 3893 lud.
1145 3845 1167 3903 l,

144 3913 188 3960 ista
208 3926 313 3975 ervoque,
334 3920 359 3959 ut
377 3920 443 3974 puto,
464 3927 510 3960 non
530 3913 691 3974 praeterisset.
728 3913 827 3960 bennum
847 3921 895 3960 tum
914 3911 992 3974 pvlme
1007 3912 1167 3961 Numerarem

143 3980 228 4041 capite,
254 3990 302 4028 tum
323 3981 425 4042 septimo
445 3981 570 4028 duodecim
599 3983 673 4028 tribus
697 3982 760 4028 vario
780 3980 862 4027 «iveline
882 3987 1019 4028 numeratas
1039 3996 1168 4030 occurrere

142 4048 315 4096 animadvertas
334 4048 401 4095 velint
421 4049 552 4096 secundum
572 4064 607 4107 ea,
626 4063 688 4110 qliae
708 4049 842 4096 dictasunt
862 4047 934 4109 pal3.

228 4116 252 4171 dt
272 4116 352 4164 bonus
372 4116 489 4177 interpres
508 4118 632 4176 gramnat,
651 4116 715 4178 quod
735 4116 792 4165 alias
812 4130 908 4178 quoque
926 4115 991 4164 lacit.
