2586 4822
771 699 776 732 l

432 837 720 888 tntutovttastoues.
1029 825 1086 886 105

63 991 137 1049 ratio
166 1007 221 1049 noo
243 993 309 1050 satis
331 1000 483 1058 constaret,
514 994 566 1049 hoc
590 1001 631 1064 est
653 1010 714 1049 eum
736 1009 786 1067 par
806 993 835 1049 in
856 992 944 1050 tribus
966 1009 1021 1050 non
1044 995 1088 1051 in-

64 1084 142 1133 esset
162 1076 301 1133 literarum
323 1095 469 1142 numerus,
492 1085 637 1151 propterea
659 1077 733 1150 quod
753 1067 864 1154 Λόγος
885 1087 913 1135 et
924 1070 1088 1152 Ἐκκλησία

65 1164 84 1221 8
109 1162 194 1218 literis
217 1172 383 1226 constarent,
398 1154 584 1239 νΑνθρωττος
600 1172 627 1219 et
639 1155 800 1236 Ἐκκλησία
817 1167 844 1227 7,
869 1164 949 1220 Pater
971 1172 998 1219 et
1010 1164 1087 1220 Veri-

65 1255 109 1303 tas
133 1248 166 1312 9;
192 1256 248 1302 tum
271 1248 378 1303 demum
402 1249 441 1304 uti
463 1248 537 1321 paria
560 1248 688 1311 lacerent,
713 1248 746 1304 de
769 1266 865 1304 novem
880 1249 967 1304 Patris
991 1259 1018 1304 et
1033 1249 1087 1305 Ve-

63 1332 153 1388 ritatis
176 1331 261 1388 literis
284 1350 336 1388 una
359 1333 392 1388 ad
409 1333 529 1389 Hominis
553 1342 580 1389 et
596 1333 731 1388 Ecclesiae
754 1343 858 1407 septem
882 1334 938 1388 illas
961 1335 1084 1391 accessit.

154 1417 213 1474 240
229 1417 258 1477 Ι).
288 1413 400 1474 ἐκεῖνον
420 1409 476 1492 τὴν
495 1409 575 1491 μετὰ
597 1410 653 1484 τὰς
672 1409 707 1485 ‘ik‘
723 1410 853 1494 ἡμέρας]
878 1419 1013 1474 Christum
1031 1419 1087 1474 llo-

62 1502 183 1566 mr'num,
215 1503 262 1576 qui
289 1505 393 1576 postss
424 1504 480 1559 dies
509 1503 537 1558 in
560 1519 622 1559 eum
645 1512 779 1568 montem,
809 1503 856 1559 ubi
878 1503 1086 1576 transfiguratus

64 1596 124 1653 est,
155 1603 215 1643 cum
244 1587 331 1643 tribus
359 1588 497 1662 discipulis
527 1596 639 1660 quartus
669 1589 804 1653 ascendit,
834 1588 924 1662 ibique
953 1589 1085 1646 alliunctis

62 1671 121 1727 Elia
144 1689 175 1727 ac
198 1672 287 1746 lloyse
309 1683 400 1729 sentus
424 1683 465 1729 est
488 1674 583 1729 iactus.
615 1673 688 1728 llatt.
706 1677 751 1730 17.

151 1748 204 1813 τὸν
226 1753 421 1833 κρατηθέντα
448 1753 498 1813 καὶ
521 1749 701 1828 καταβάντα
724 1753 755 1814 ἓν
776 1758 813 1834 τῇ
835 1746 1002 1832 ἔβδομάδι]
1041 1759 1086 1816 Vi-

63 1838 146 1897 detur
168 1842 201 1896 od
226 1846 241 1898 'l
266 1843 335 1898 diem
359 1843 488 1906 alludere,
512 1860 566 1915 quo
590 1843 713 1899 Christus
736 1843 763 1898 in
787 1842 931 1915 sepulchro
954 1843 1036 1900 iacuit
1059 1851 1086 1901 el

63 1927 136 2000 apud
160 1927 261 1983 inferos
284 1929 391 1983 mansit.

151 2014 211 2069 240
228 2030 252 2068 c.
283 2008 313 2068 ir
335 2013 372 2089 τῇ
395 2006 465 2090 ἕκτῃ
488 2012 550 2067 τῶν
570 2005 703 2089 ἡμερῶν,
726 2001 793 2086 ἥτις
813 2007 876 2069 ἐστὶ
891 2004 1085 2089 παρασκευή]

64 2095 188 2152 Coenam
207 2114 310 2170 param
333 2098 412 2154 vertit
434 2098 573 2170 lnterpres
596 2099 666 2154 lren.
696 2097 822 2171 ld-quod
844 2098 942 2153 eruditi
964 2098 1012 2154 viri
1027 2100 1086 2173 pri-

62 2182 125 2237 dem
148 2181 336 2238 observarunt.

151 2269 208 2324 241
229 2268 254 2322 d.
286 2263 440 2340 αἰνέσεως]
474 2269 604 2341 legeram
628 2258 756 2332 ἀνέσεως
778 2284 827 2340 pro
852 2260 1010 2338 αἰνέσεως,
1038 2268 1086 2324 sed

61 2352 240 2408 laudationis
264 2370 313 2425 pro
335 2354 523 2409 relaxationis
547 2352 617 2408 malo
641 2370 701 2408 cunr
725 2353 783 2408 Vel.
807 2353 968 2424 interprete,

149 2439 212 2494 242
229 2437 255 2492 t.
285 2431 304 2512 ἡ
328 2432 361 2493 δὲ
383 2429 458 2512 Σιγὴ
481 2433 581 2510 πέντε]
607 2437 714 2492 l'alsum
737 2445 794 2500 est,
822 2437 873 2492 nisi
895 2429 978 2512 σαγὴ
1000 2437 1085 2509 legas.

151 2524 211 2580 242
228 2540 251 2577 c.
283 2515 363 2579 ὄντα)
386 2517 436 2577 καὶ
459 2517 533 2577 δέκα
552 2512 757 2598 γραμμάτιον]
783 2522 936 2595 Scripscrol
958 2521 1028 2576 lrcn.
1045 2511 1085 2594 ιη’

61 2624 112 2680 pro
134 2599 261 2681 Ἰησοῦς,
306 2607 418 2662 librarii
447 2624 590 2662 numerum
621 2624 681 2662 esso
711 2607 761 2661 rati
783 2606 872 2663 locum
896 2606 1085 2679 depravarunt.

62 2691 159 2748 Scribe
180 2693 264 2766 igitur
284 2685 410 2766 Ἰησοῦς,
434 2693 506 2765 quud
530 2708 629 2746 nomen
652 2708 731 2746 senas
754 2691 837 2747 habet
859 2691 959 2747 literas.
991 2691 1035 2751 Sic
1059 2699 1086 2747 ct

63 2793 92 2832 ea
123 2794 193 2850 quae
229 2787 382 2850 sequuntur
417 2795 449 2833 ex
478 2777 579 2832 lrenaei
618 2777 768 2848 interprete
805 2794 855 2849 pro
883 2794 915 2831 eo
943 2785 1025 2849 atque
1052 2775 1086 2832 ad

62 2863 211 2935 marginem
235 2863 427 2935 adscripsimus
451 2861 617 2917 ertteudando
639 2870 712 2916 sunt.

148 2941 183 3003 τὸ
207 2942 241 3003 di
262 2943 402 3023 Χριστὸς
424 2938 518 3021 ὀκτώ]
556 2946 672 3002 Proinde
694 2938 847 3022 Χρειστὸς
872 2945 925 3019 leg.
969 2945 1034 3001 Natu
1058 2953 1086 3002 ct

62 3032 209 3089 Chrestum
232 3034 340 3108 quidam
364 3032 501 3089 Christum
523 3031 703 3105 appellarunt.

150 3120 211 3177 243
228 3136 252 3173 a.
283 3138 302 3192 η
325 3113 374 3172 καὶ
397 3138 419 3172 u
443 3112 493 3172 καὶ
516 3135 550 3187 ω,
574 3106 590 3172 ὅ
613 3111 676 3172 ἐστι
699 3106 868 3188 δεκαοκτώ]
892 3116 956 3187 ch.
973 3103 990 3170 d
1005 3109 1086 3170 ἔστιν

59 3193 187 3277 Ἰησοῦς.
231 3204 297 3258 dam
327 3220 456 3259 numerus
480 3203 538 3275 ipse
563 3203 623 3259 888
647 3201 732 3257 literis
754 3200 806 3256 illis
831 3200 917 3256 tribus
941 3217 1085 3274 expressus

60 3297 103 3344 est
127 3307 156 3362 η,
181 3309 212 3356 τι,
236 3307 270 3344 m.
302 3289 351 3356 Qui
375 3298 402 3343 et
421 3289 451 3342 in
476 3287 592 3343 nominis
615 3278 732 3359 Ἰησοῦς
753 3286 838 3342 literis
862 3286 1057 3341 continetur·

148 3366 269 3429 διὸκαὶ
292 3366 346 3428 τὸν
368 3364 564 3447 diminutor]
588 3372 625 3426 lta
649 3389 680 3426 ex
703 3371 761 3426 Vct.
786 3371 963 3426 restituimus.
988 3370 1085 3425 [lucte-

58 3468 151 3514 terum
174 3460 250 3533 quod
272 3457 414 3530 Alphaheti
438 3458 529 3513 literas
552 3457 588 3511 itu
610 3456 748 3511 distribuit
771 3456 810 3510 uti
835 3458 851 3513 8
877 3456 931 3511 sint
948 3455 1083 3518 diomedes,

56 3544 184 3601 llecadcs
208 3546 225 3601 8
250 3551 277 3599 et
300 3542 498 3599 lleeotontadcs
523 3544 551 3604 8,
575 3541 614 3597 sic
636 3542 738 3615 accipe.

246 3661 249 3666 ,
293 3621 403 3663 Menadcs.
516 3620 623 3660 Derides.
712 3618 880 3659 llecntontades.

563 3675 574 3720 l

570 3948 578 3965 Υ

552 3742 577 3789 R

553 3809 576 3857 Λ

553 3879 583 3926 M

552 3947 575 4029 ὲ

552 4047 577 4129 ’ό

792 3673 813 3719 Ρ

792 3741 812 3769 5'

792 3810 810 3855 Γ

787 3877 808 3924 Υ

786 3946 809 3991 ψ

787 4013 812 4060 ’ζ

785 4082 814 4128 ψ

781 4150 806 4196 9

554 4153 580 4198 ll
