<?xml version="1.0" encoding="UTF-8"?>
<!DOCTYPE html PUBLIC "-//W3C//DTD XHTML 1.0 Transitional//EN"
    "http://www.w3.org/TR/xhtml1/DTD/xhtml1-transitional.dtd">
<html xmlns="http://www.w3.org/1999/xhtml" xml:lang="en" lang="en">
 <head>
  <title>
</title>
<meta http-equiv="Content-Type" content="text/html;charset=utf-8" />
  <meta name='ocr-system' content='tesseract 3.04.00' />
  <meta name='ocr-capabilities' content='ocr_page ocr_carea ocr_par ocr_line ocrx_word'/>
</head>
<body>
  <div class='ocr_page' id='page_1' title='image "./opera02dindgoog_0195.png"; bbox 0 0 2586 4822; ppageno 0'>
   <div class='ocr_carea' id='block_1_1' title="bbox 179 809 748 901">
    <p class='ocr_par' dir='ltr' id='par_1_1' title="bbox 179 809 748 901">
     <span class='ocr_line' id='line_1_1' title="bbox 179 809 748 901; baseline 0 -28"><span class='ocrx_word' id='word_1_1' title='bbox 179 809 241 873; x_wconf 83' lang='grc'><strong>166</strong></span> <span class='ocrx_word' id='word_1_2' title='bbox 399 894 402 901; x_wconf 22' lang='grc' dir='ltr'>Ι</span> <span class='ocrx_word' id='word_1_3' title='bbox 521 896 525 901; x_wconf 20' lang='grc'><strong><em>1</em></strong></span> <span class='ocrx_word' id='word_1_4' title='bbox 623 821 748 873; x_wconf 77' lang='lat' dir='ltr'><strong>sonorus</strong></span> 
     </span>
    </p>
   </div>
   <div class='ocr_carea' id='block_1_2' title="bbox 111 974 1206 4197">
    <p class='ocr_par' dir='ltr' id='par_1_2' title="bbox 176 974 1201 1561">
     <span class='ocr_line' id='line_1_2' title="bbox 177 974 1200 1053; baseline -0.003 -16"><span class='ocrx_word' id='word_1_5' title='bbox 177 979 403 1053; x_wconf 88' lang='lat' dir='ltr'><strong>metropolitanus</strong></span> <span class='ocrx_word' id='word_1_6' title='bbox 424 974 512 1034; x_wconf 83' lang='lat' dir='ltr'><strong>huiu&#39;s</strong></span> <span class='ocrx_word' id='word_1_7' title='bbox 539 978 692 1053; x_wconf 88' lang='lat' dir='ltr'><strong>provinciae</strong></span> <span class='ocrx_word' id='word_1_8' title='bbox 715 977 810 1052; x_wconf 80' lang='lat' dir='ltr'><strong>Tyrius</strong></span> <span class='ocrx_word' id='word_1_9' title='bbox 832 976 977 1052; x_wconf 87' lang='lat' dir='ltr'><strong>episcopus</strong></span> <span class='ocrx_word' id='word_1_10' title='bbox 999 986 1067 1033; x_wconf 84' lang='lat' dir='ltr'><strong>erat.</strong></span> <span class='ocrx_word' id='word_1_11' title='bbox 1112 975 1200 1034; x_wconf 87' lang='lat' dir='ltr'><strong>Prae-</strong></span> 
     </span>
     <span class='ocr_line' id='line_1_3' title="bbox 176 1061 1198 1138; baseline -0.003 -16"><span class='ocrx_word' id='word_1_12' title='bbox 176 1074 261 1129; x_wconf 90' lang='lat' dir='ltr'><strong>terea,</strong></span> <span class='ocrx_word' id='word_1_13' title='bbox 284 1062 348 1138; x_wconf 90' lang='lat' dir='ltr'><strong>quid</strong></span> <span class='ocrx_word' id='word_1_14' title='bbox 370 1065 393 1119; x_wconf 91' lang='lat' dir='ltr'><strong>si</strong></span> <span class='ocrx_word' id='word_1_15' title='bbox 414 1064 475 1137; x_wconf 85' lang='lat' dir='ltr'><strong>quis</strong></span> <span class='ocrx_word' id='word_1_16' title='bbox 497 1063 684 1137; x_wconf 88' lang='lat' dir='ltr'><strong>suspicaretur</strong></span> <span class='ocrx_word' id='word_1_17' title='bbox 706 1080 753 1119; x_wconf 86' lang='lat' dir='ltr'><strong>eos</strong></span> <span class='ocrx_word' id='word_1_18' title='bbox 769 1081 801 1119; x_wconf 81' lang='lat' dir='ltr'><strong>ex</strong></span> <span class='ocrx_word' id='word_1_19' title='bbox 817 1061 1019 1120; x_wconf 80' lang='lat' dir='ltr'><strong>confessoribus</strong></span> <span class='ocrx_word' id='word_1_20' title='bbox 1035 1061 1086 1118; x_wconf 89' lang='lat' dir='ltr'><strong>illis</strong></span> <span class='ocrx_word' id='word_1_21' title='bbox 1102 1062 1198 1125; x_wconf 88' lang='lat' dir='ltr'><strong>luisse,</strong></span> 
     </span>
     <span class='ocr_line' id='line_1_4' title="bbox 177 1144 1198 1223; baseline -0.001 -18"><span class='ocrx_word' id='word_1_22' title='bbox 177 1150 224 1223; x_wconf 89' lang='lat' dir='ltr'><strong>qni</strong></span> <span class='ocrx_word' id='word_1_23' title='bbox 253 1150 426 1223; x_wconf 77' lang='lat' dir='ltr'><strong>episcopatus</strong></span> <span class='ocrx_word' id='word_1_24' title='bbox 454 1148 548 1205; x_wconf 78' lang='lat' dir='ltr'>ordine</span> <span class='ocrx_word' id='word_1_25' title='bbox 576 1148 722 1204; x_wconf 84' lang='lat' dir='ltr'><strong>Diodorum</strong></span> <span class='ocrx_word' id='word_1_26' title='bbox 752 1148 813 1222; x_wconf 74' lang='lat' dir='ltr'><strong>Fpri</strong></span> <span class='ocrx_word' id='word_1_27' title='bbox 847 1144 1006 1204; x_wconf 71' lang='lat' dir='ltr'><strong>initiarunt?</strong></span> <span class='ocrx_word' id='word_1_28' title='bbox 1049 1147 1089 1203; x_wconf 77' lang='lat' dir='ltr'><strong>ld</strong></span> <span class='ocrx_word' id='word_1_29' title='bbox 1119 1147 1198 1213; x_wconf 91' lang='lat' dir='ltr'><strong>haec,</strong></span> 
     </span>
     <span class='ocr_line' id='line_1_5' title="bbox 176 1233 1199 1309; baseline 0 -20"><span class='ocrx_word' id='word_1_30' title='bbox 176 1233 251 1309; x_wconf 83' lang='lat' dir='ltr'><strong>quod</strong></span> <span class='ocrx_word' id='word_1_31' title='bbox 272 1234 369 1307; x_wconf 70' lang='lat' dir='ltr'><strong>&#39;Furius</strong></span> <span class='ocrx_word' id='word_1_32' title='bbox 392 1234 536 1307; x_wconf 88' lang='lat' dir='ltr'><strong>episeopus</strong></span> <span class='ocrx_word' id='word_1_33' title='bbox 560 1241 625 1289; x_wconf 87' lang='lat' dir='ltr'><strong>tuno</strong></span> <span class='ocrx_word' id='word_1_34' title='bbox 645 1234 776 1307; x_wconf 86' lang='lat' dir='ltr'><strong>temporis</strong></span> <span class='ocrx_word' id='word_1_35' title='bbox 798 1234 871 1289; x_wconf 88' lang='lat' dir='ltr'><strong>inter</strong></span> <span class='ocrx_word' id='word_1_36' title='bbox 891 1233 1034 1307; x_wconf 87' lang='lat' dir='ltr'><strong>episcopos</strong></span> <span class='ocrx_word' id='word_1_37' title='bbox 1050 1233 1199 1307; x_wconf 78' lang='lat' dir='ltr'><strong>Aegyptios</strong></span> 
     </span>
     <span class='ocr_line' id='line_1_6' title="bbox 177 1315 1201 1392; baseline -0.004 -16"><span class='ocrx_word' id='word_1_38' title='bbox 177 1320 314 1376; x_wconf 82' lang='lat' dir='ltr'><strong>recenseri</strong></span> <span class='ocrx_word' id='word_1_39' title='bbox 336 1320 471 1392; x_wconf 91' lang='lat' dir='ltr'><strong>potuerit,</strong></span> <span class='ocrx_word' id='word_1_40' title='bbox 499 1319 560 1391; x_wconf 84' lang='lat' dir='ltr'><strong>quis</strong></span> <span class='ocrx_word' id='word_1_41' title='bbox 583 1318 678 1373; x_wconf 90' lang='lat' dir='ltr'><strong>lalsum</strong></span> <span class='ocrx_word' id='word_1_42' title='bbox 702 1315 826 1375; x_wconf 78' lang='lat' dir='ltr'><strong>enncat‘l</strong></span> <span class='ocrx_word' id='word_1_43' title='bbox 868 1318 1004 1375; x_wconf 84' lang='lat' dir='ltr'><strong>Phoenice</strong></span> <span class='ocrx_word' id='word_1_44' title='bbox 1027 1317 1090 1373; x_wconf 91' lang='lat' dir='ltr'><strong>olim</strong></span> <span class='ocrx_word' id='word_1_45' title='bbox 1114 1316 1201 1374; x_wconf 83' lang='lat' dir='ltr'><strong>Pelo·</strong></span> 
     </span>
     <span class='ocr_line' id='line_1_7' title="bbox 176 1402 1200 1478; baseline -0.001 -18"><span class='ocrx_word' id='word_1_46' title='bbox 176 1405 247 1461; x_wconf 91' lang='lat' dir='ltr'><strong>sium</strong></span> <span class='ocrx_word' id='word_1_47' title='bbox 276 1420 363 1477; x_wconf 88' lang='lat' dir='ltr'><strong>nsque</strong></span> <span class='ocrx_word' id='word_1_48' title='bbox 386 1402 590 1460; x_wconf 76' lang='lat' dir='ltr'><strong>extendebatur.</strong></span> <span class='ocrx_word' id='word_1_49' title='bbox 633 1404 748 1478; x_wconf 76' lang='lat' dir='ltr'><strong>Aegypti</strong></span> <span class='ocrx_word' id='word_1_50' title='bbox 770 1420 869 1459; x_wconf 89' lang='lat' dir='ltr'><strong>nemen</strong></span> <span class='ocrx_word' id='word_1_51' title='bbox 892 1404 955 1459; x_wconf 92' lang='lat' dir='ltr'><strong>olim</strong></span> <span class='ocrx_word' id='word_1_52' title='bbox 978 1402 1063 1459; x_wconf 90' lang='lat' dir='ltr'><strong>multo</strong></span> <span class='ocrx_word' id='word_1_53' title='bbox 1086 1403 1200 1459; x_wconf 80' lang='lat' dir='ltr'><strong>latiores</strong></span> 
     </span>
     <span class='ocr_line' id='line_1_8' title="bbox 177 1488 670 1561; baseline -0.006 -15"><span class='ocrx_word' id='word_1_54' title='bbox 177 1488 246 1546; x_wconf 86' lang='lat' dir='ltr'><strong>fines</strong></span> <span class='ocrx_word' id='word_1_55' title='bbox 269 1488 404 1544; x_wconf 90' lang='lat' dir='ltr'><strong>interdum</strong></span> <span class='ocrx_word' id='word_1_56' title='bbox 427 1489 597 1561; x_wconf 88' lang='lat' dir='ltr'><strong>complexum</strong></span> <span class='ocrx_word' id='word_1_57' title='bbox 620 1497 670 1544; x_wconf 90' lang='lat' dir='ltr'><strong>est.</strong></span> 
     </span>
    </p>

    <p class='ocr_par' dir='ltr' id='par_1_3' title="bbox 177 1570 1204 3091">
     <span class='ocr_line' id='line_1_9' title="bbox 264 1570 1201 1646; baseline 0 -19"><span class='ocrx_word' id='word_1_58' title='bbox 264 1574 363 1629; x_wconf 83' lang='lat' dir='ltr'><strong>Verum</strong></span> <span class='ocrx_word' id='word_1_59' title='bbox 384 1590 440 1630; x_wconf 92' lang='lat' dir='ltr'><strong>non</strong></span> <span class='ocrx_word' id='word_1_60' title='bbox 462 1582 504 1629; x_wconf 89' lang='lat' dir='ltr'><strong>est</strong></span> <span class='ocrx_word' id='word_1_61' title='bbox 526 1573 607 1629; x_wconf 91' lang='lat' dir='ltr'><strong>huius</strong></span> <span class='ocrx_word' id='word_1_62' title='bbox 629 1573 682 1629; x_wconf 85' lang='lat' dir='ltr'><strong>loci</strong></span> <span class='ocrx_word' id='word_1_63' title='bbox 704 1573 856 1629; x_wconf 86' lang='lat' dir='ltr'><strong>consectari</strong></span> <span class='ocrx_word' id='word_1_64' title='bbox 879 1571 966 1646; x_wconf 84' lang='lat' dir='ltr'><strong>plora,</strong></span> <span class='ocrx_word' id='word_1_65' title='bbox 990 1589 1069 1645; x_wconf 85' lang='lat' dir='ltr'><strong>qnae,</strong></span> <span class='ocrx_word' id='word_1_66' title='bbox 1092 1570 1201 1628; x_wconf 87' lang='lat' dir='ltr'><strong>descri-</strong></span> 
     </span>
     <span class='ocr_line' id='line_1_10' title="bbox 177 1656 1199 1733; baseline -0.003 -17"><span class='ocrx_word' id='word_1_67' title='bbox 177 1669 239 1733; x_wconf 92' lang='lat' dir='ltr'><strong>ptas</strong></span> <span class='ocrx_word' id='word_1_68' title='bbox 261 1658 399 1732; x_wconf 86' lang='lat' dir='ltr'><strong>epistolas,</strong></span> <span class='ocrx_word' id='word_1_69' title='bbox 422 1675 476 1714; x_wconf 91' lang='lat' dir='ltr'><strong>non</strong></span> <span class='ocrx_word' id='word_1_70' title='bbox 499 1674 578 1714; x_wconf 87' lang='lat' dir='ltr'><strong>secus</strong></span> <span class='ocrx_word' id='word_1_71' title='bbox 601 1674 632 1713; x_wconf 89' lang='lat' dir='ltr'><strong>ac</strong></span> <span class='ocrx_word' id='word_1_72' title='bbox 654 1657 725 1714; x_wconf 90' lang='lat' dir='ltr'><strong>illam</strong></span> <span class='ocrx_word' id='word_1_73' title='bbox 741 1658 891 1731; x_wconf 84' lang='lat' dir='ltr'><strong>Epiphanii,</strong></span> <span class='ocrx_word' id='word_1_74' title='bbox 914 1656 1061 1713; x_wconf 83' lang='lat' dir='ltr'><strong>Diodorum</strong></span> <span class='ocrx_word' id='word_1_75' title='bbox 1077 1656 1199 1730; x_wconf 80' lang='lat' dir='ltr'><strong>Tyrium,</strong></span> 
     </span>
     <span class='ocr_line' id='line_1_11' title="bbox 178 1742 1201 1808; baseline -0.004 -7"><span class='ocrx_word' id='word_1_76' title='bbox 178 1762 233 1801; x_wconf 90' lang='lat' dir='ltr'><strong>non</strong></span> <span class='ocrx_word' id='word_1_77' title='bbox 256 1753 356 1807; x_wconf 88' lang='lat' dir='ltr'><strong>antem,</strong></span> <span class='ocrx_word' id='word_1_78' title='bbox 380 1752 410 1799; x_wconf 90' lang='lat' dir='ltr'><strong>ut</strong></span> <span class='ocrx_word' id='word_1_79' title='bbox 433 1743 512 1799; x_wconf 79' lang='lat' dir='ltr'><strong>tradit</strong></span> <span class='ocrx_word' id='word_1_80' title='bbox 536 1743 686 1808; x_wconf 80' lang='lat' dir='ltr'><strong>Facundus,</strong></span> <span class='ocrx_word' id='word_1_81' title='bbox 711 1742 857 1799; x_wconf 84' lang='lat' dir='ltr'><strong>Diodorum</strong></span> <span class='ocrx_word' id='word_1_82' title='bbox 874 1743 1033 1798; x_wconf 80' lang='lat' dir='ltr'><strong>Tarsensem</strong></span> <span class='ocrx_word' id='word_1_83' title='bbox 1056 1758 1201 1799; x_wconf 91' lang='lat' dir='ltr'><strong>commen-</strong></span> 
     </span>
     <span class='ocr_line' id='line_1_12' title="bbox 179 1818 1200 1902; baseline -0.002 -17"><span class='ocrx_word' id='word_1_84' title='bbox 179 1831 258 1895; x_wconf 88' lang='lat' dir='ltr'><strong>dare,</strong></span> <span class='ocrx_word' id='word_1_85' title='bbox 287 1828 464 1890; x_wconf 82' lang='lat' dir='ltr'><strong>confirmant.</strong></span> <span class='ocrx_word' id='word_1_86' title='bbox 494 1844 555 1883; x_wconf 89' lang='lat' dir='ltr'><strong>eum</strong></span> <span class='ocrx_word' id='word_1_87' title='bbox 583 1829 610 1883; x_wconf 91' lang='lat' dir='ltr'><strong>id</strong></span> <span class='ocrx_word' id='word_1_88' title='bbox 638 1828 717 1902; x_wconf 88' lang='lat' dir='ltr'><strong>plane</strong></span> <span class='ocrx_word' id='word_1_89' title='bbox 746 1818 884 1884; x_wconf 84' lang='lat' dir='ltr'><strong>evidenter</strong></span> <span class='ocrx_word' id='word_1_90' title='bbox 906 1845 937 1884; x_wconf 86' lang='lat' dir='ltr'><strong>ea</strong></span> <span class='ocrx_word' id='word_1_91' title='bbox 959 1844 1029 1900; x_wconf 88' lang='lat' dir='ltr'><strong>qnae</strong></span> <span class='ocrx_word' id='word_1_92' title='bbox 1051 1826 1200 1883; x_wconf 84' lang='lat' dir='ltr'><strong>adtulimus</strong></span> 
     </span>
     <span class='ocr_line' id='line_1_13' title="bbox 179 1911 1200 1988; baseline -0.002 -19"><span class='ocrx_word' id='word_1_93' title='bbox 179 1914 305 1988; x_wconf 89' lang='lat' dir='ltr'><strong>probent.</strong></span> <span class='ocrx_word' id='word_1_94' title='bbox 336 1914 425 1983; x_wconf 80' lang='lat' dir='ltr'><strong>Quare</strong></span> <span class='ocrx_word' id='word_1_95' title='bbox 447 1913 595 1978; x_wconf 87' lang='lat' dir='ltr'><strong>studiosos,</strong></span> <span class='ocrx_word' id='word_1_96' title='bbox 618 1914 664 1988; x_wconf 90' lang='lat' dir='ltr'><strong>qni</strong></span> <span class='ocrx_word' id='word_1_97' title='bbox 687 1914 757 1969; x_wconf 89' lang='lat' dir='ltr'><strong>lorte</strong></span> <span class='ocrx_word' id='word_1_98' title='bbox 780 1913 856 1986; x_wconf 89' lang='lat' dir='ltr'><strong>plura</strong></span> <span class='ocrx_word' id='word_1_99' title='bbox 872 1913 963 1975; x_wconf 88' lang='lat' dir='ltr'><strong>velint,</strong></span> <span class='ocrx_word' id='word_1_100' title='bbox 986 1913 1020 1967; x_wconf 84' lang='lat' dir='ltr'><strong>nd</strong></span> <span class='ocrx_word' id='word_1_101' title='bbox 1035 1911 1200 1969; x_wconf 87' lang='lat' dir='ltr'><strong>Tillemontii</strong></span> 
     </span>
     <span class='ocr_line' id='line_1_14' title="bbox 178 1997 1203 2071; baseline 0 -19"><span class='ocrx_word' id='word_1_102' title='bbox 178 1999 312 2055; x_wconf 80' lang='lat' dir='ltr'><strong>solumina</strong></span> <span class='ocrx_word' id='word_1_103' title='bbox 335 1999 500 2071; x_wconf 87' lang='lat' dir='ltr'><strong>delegamus.</strong></span> <span class='ocrx_word' id='word_1_104' title='bbox 531 1998 625 2054; x_wconf 89' lang='lat' dir='ltr'><strong>Utrum</strong></span> <span class='ocrx_word' id='word_1_105' title='bbox 649 2008 739 2054; x_wconf 90' lang='lat' dir='ltr'><strong>autem</strong></span> <span class='ocrx_word' id='word_1_106' title='bbox 762 1998 816 2054; x_wconf 90' lang='lat' dir='ltr'><strong>doli</strong></span> <span class='ocrx_word' id='word_1_107' title='bbox 839 1999 963 2054; x_wconf 79' lang='lat' dir='ltr'><strong>inventor</strong></span> <span class='ocrx_word' id='word_1_108' title='bbox 985 1997 1128 2053; x_wconf 82' lang='lat' dir='ltr'><strong>Facundus</strong></span> <span class='ocrx_word' id='word_1_109' title='bbox 1151 2013 1203 2052; x_wconf 82' lang='lat' dir='ltr'><strong>ex-</strong></span> 
     </span>
     <span class='ocr_line' id='line_1_15' title="bbox 179 2082 1202 2156; baseline -0.002 -17"><span class='ocrx_word' id='word_1_110' title='bbox 179 2084 273 2148; x_wconf 90' lang='lat' dir='ltr'><strong>titerit,</strong></span> <span class='ocrx_word' id='word_1_111' title='bbox 311 2100 344 2138; x_wconf 87' lang='lat' dir='ltr'><strong>an</strong></span> <span class='ocrx_word' id='word_1_112' title='bbox 368 2084 458 2156; x_wconf 90' lang='lat' dir='ltr'><strong>potins</strong></span> <span class='ocrx_word' id='word_1_113' title='bbox 480 2084 538 2156; x_wconf 91' lang='lat' dir='ltr'><strong>ipse</strong></span> <span class='ocrx_word' id='word_1_114' title='bbox 560 2083 648 2156; x_wconf 87' lang='lat' dir='ltr'><strong>primo</strong></span> <span class='ocrx_word' id='word_1_115' title='bbox 671 2083 762 2138; x_wconf 90' lang='lat' dir='ltr'><strong>dolum</strong></span> <span class='ocrx_word' id='word_1_116' title='bbox 784 2082 954 2147; x_wconf 81' lang='lat' dir='ltr'><strong>combiberit,</strong></span> <span class='ocrx_word' id='word_1_117' title='bbox 978 2091 1006 2138; x_wconf 89' lang='lat' dir='ltr'><strong>et</strong></span> <span class='ocrx_word' id='word_1_118' title='bbox 1029 2091 1124 2155; x_wconf 82' lang='lat' dir='ltr'><strong>postea</strong></span> <span class='ocrx_word' id='word_1_119' title='bbox 1146 2082 1202 2137; x_wconf 92' lang='lat' dir='ltr'><strong>im-</strong></span> 
     </span>
     <span class='ocr_line' id='line_1_16' title="bbox 179 2166 1200 2242; baseline -0.003 -17"><span class='ocrx_word' id='word_1_120' title='bbox 179 2170 300 2242; x_wconf 90' lang='lat' dir='ltr'><strong>prudens</strong></span> <span class='ocrx_word' id='word_1_121' title='bbox 322 2166 401 2223; x_wconf 90' lang='lat' dir='ltr'><strong>nobis</strong></span> <span class='ocrx_word' id='word_1_122' title='bbox 423 2168 620 2241; x_wconf 81' lang='lat' dir='ltr'><strong>propinaverit,</strong></span> <span class='ocrx_word' id='word_1_123' title='bbox 649 2167 764 2223; x_wconf 79' lang='lat' dir='ltr'><strong>arduum</strong></span> <span class='ocrx_word' id='word_1_124' title='bbox 787 2176 829 2224; x_wconf 88' lang='lat' dir='ltr'><strong>cst</strong></span> <span class='ocrx_word' id='word_1_125' title='bbox 851 2167 1010 2231; x_wconf 83' lang='lat' dir='ltr'><strong>diiudicare,</strong></span> <span class='ocrx_word' id='word_1_126' title='bbox 1034 2182 1200 2241; x_wconf 86' lang='lat' dir='ltr'><strong>quanquam,</strong></span> 
     </span>
     <span class='ocr_line' id='line_1_17' title="bbox 178 2251 1201 2327; baseline 0 -18"><span class='ocrx_word' id='word_1_127' title='bbox 178 2270 234 2327; x_wconf 79' lang='lat' dir='ltr'><strong>qno</strong></span> <span class='ocrx_word' id='word_1_128' title='bbox 257 2270 300 2309; x_wconf 89' lang='lat' dir='ltr'><strong>mc</strong></span> <span class='ocrx_word' id='word_1_129' title='bbox 322 2253 478 2309; x_wconf 85' lang='lat' dir='ltr'><strong>coniectura</strong></span> <span class='ocrx_word' id='word_1_130' title='bbox 500 2252 595 2315; x_wconf 87' lang='lat' dir='ltr'><strong>ducat,</strong></span> <span class='ocrx_word' id='word_1_131' title='bbox 627 2251 724 2308; x_wconf 90' lang='lat' dir='ltr'><strong>habeo.</strong></span> <span class='ocrx_word' id='word_1_132' title='bbox 770 2253 861 2309; x_wconf 82' lang='lat' dir='ltr'><strong>Refert</strong></span> <span class='ocrx_word' id='word_1_133' title='bbox 889 2252 933 2309; x_wconf 90' lang='lat' dir='ltr'><strong>ille</strong></span> <span class='ocrx_word' id='word_1_134' title='bbox 955 2251 1069 2308; x_wconf 78' lang='lat' dir='ltr'><strong>lihl&#39;lll</strong></span> <span class='ocrx_word' id='word_1_135' title='bbox 1092 2268 1152 2325; x_wconf 90' lang='lat' dir='ltr'><strong>cap.</strong></span> <span class='ocrx_word' id='word_1_136' title='bbox 1171 2254 1201 2317; x_wconf 81' lang='lat'><strong>5,</strong></span> 
     </span>
     <span class='ocr_line' id='line_1_18' title="bbox 178 2336 1202 2412; baseline -0.003 -17"><span class='ocrx_word' id='word_1_137' title='bbox 178 2337 333 2412; x_wconf 78' lang='lat' dir='ltr'><strong>synodicum</strong></span> <span class='ocrx_word' id='word_1_138' title='bbox 350 2337 445 2394; x_wconf 85' lang='lat' dir='ltr'><strong>boroni</strong></span> <span class='ocrx_word' id='word_1_139' title='bbox 466 2336 628 2394; x_wconf 79' lang='lat' dir='ltr'><strong>Antiocheni</strong></span> <span class='ocrx_word' id='word_1_140' title='bbox 651 2336 807 2410; x_wconf 87' lang='lat' dir='ltr'><strong>epistolam,</strong></span> <span class='ocrx_word' id='word_1_141' title='bbox 835 2354 888 2410; x_wconf 89' lang='lat' dir='ltr'><strong>qua</strong></span> <span class='ocrx_word' id='word_1_142' title='bbox 910 2338 1025 2411; x_wconf 90' lang='lat' dir='ltr'><strong>primum</strong></span> <span class='ocrx_word' id='word_1_143' title='bbox 1049 2336 1202 2410; x_wconf 75' lang='lat' dir='ltr'><strong>Eutychem</strong></span> 
     </span>
     <span class='ocr_line' id='line_1_19' title="bbox 179 2421 1201 2497; baseline 0.002 -21"><span class='ocrx_word' id='word_1_144' title='bbox 179 2432 365 2497; x_wconf 88' lang='lat' dir='ltr'><strong>oppugnatum</strong></span> <span class='ocrx_word' id='word_1_145' title='bbox 388 2423 471 2478; x_wconf 86' lang='lat' dir='ltr'><strong>luisse</strong></span> <span class='ocrx_word' id='word_1_146' title='bbox 495 2422 574 2479; x_wconf 89' lang='lat' dir='ltr'><strong>tradit</strong></span> <span class='ocrx_word' id='word_1_147' title='bbox 596 2422 642 2477; x_wconf 90' lang='lat' dir='ltr'><strong>lih.</strong></span> <span class='ocrx_word' id='word_1_148' title='bbox 660 2423 719 2486; x_wconf 84' lang='lat' dir='ltr'><strong>Xll,</strong></span> <span class='ocrx_word' id='word_1_149' title='bbox 747 2421 797 2478; x_wconf 91' lang='lat' dir='ltr'><strong>sub</strong></span> <span class='ocrx_word' id='word_1_150' title='bbox 821 2423 898 2479; x_wconf 84' lang='lat' dir='ltr'><strong>cuius</strong></span> <span class='ocrx_word' id='word_1_151' title='bbox 921 2422 1001 2478; x_wconf 89' lang='lat' dir='ltr'><strong>hnem</strong></span> <span class='ocrx_word' id='word_1_152' title='bbox 1024 2421 1057 2477; x_wconf 94' lang='lat' dir='ltr'><strong>de</strong></span> <span class='ocrx_word' id='word_1_153' title='bbox 1080 2421 1201 2479; x_wconf 85' lang='lat' dir='ltr'><strong>Diodoro</strong></span> 
     </span>
     <span class='ocr_line' id='line_1_20' title="bbox 180 2506 1201 2582; baseline -0.001 -18"><span class='ocrx_word' id='word_1_154' title='bbox 180 2509 305 2564; x_wconf 85' lang='lat' dir='ltr'><strong>Tarsensi</strong></span> <span class='ocrx_word' id='word_1_155' title='bbox 328 2508 419 2582; x_wconf 88' lang='lat' dir='ltr'><strong>agitur</strong></span> <span class='ocrx_word' id='word_1_156' title='bbox 439 2507 481 2563; x_wconf 89' lang='lat' dir='ltr'><strong>his</strong></span> <span class='ocrx_word' id='word_1_157' title='bbox 504 2507 608 2563; x_wconf 86' lang='lat' dir='ltr'><strong>verbis:</strong></span> <span class='ocrx_word' id='word_1_158' title='bbox 635 2506 672 2563; x_wconf 79' lang='lat' dir='ltr'><strong>Et</strong></span> <span class='ocrx_word' id='word_1_159' title='bbox 693 2509 904 2563; x_wconf 72' lang='lat' dir='ltr'><strong>sacratissimis</strong></span> <span class='ocrx_word' id='word_1_160' title='bbox 926 2509 1035 2579; x_wconf 83' lang='lat' dir='ltr'><strong>quidem</strong></span> <span class='ocrx_word' id='word_1_161' title='bbox 1058 2506 1201 2563; x_wconf 80' lang='lat' dir='ltr'><strong>Diodorus</strong></span> 
     </span>
     <span class='ocr_line' id='line_1_21' title="bbox 179 2592 1202 2664; baseline -0.002 -15"><span class='ocrx_word' id='word_1_162' title='bbox 179 2610 240 2649; x_wconf 85' lang='lat' dir='ltr'><strong>oum</strong></span> <span class='ocrx_word' id='word_1_163' title='bbox 255 2592 411 2649; x_wconf 62' lang='lat' dir='ltr'><strong>Monunio</strong></span> <span class='ocrx_word' id='word_1_164' title='bbox 432 2609 543 2664; x_wconf 76' lang='lat' dir='ltr'><strong>niagno,</strong></span> <span class='ocrx_word' id='word_1_165' title='bbox 567 2603 592 2648; x_wconf 88' lang='lat' dir='ltr'><strong>et</strong></span> <span class='ocrx_word' id='word_1_166' title='bbox 608 2593 699 2657; x_wconf 86' lang='lat' dir='ltr'><strong>Petro,</strong></span> <span class='ocrx_word' id='word_1_167' title='bbox 724 2602 750 2647; x_wconf 85' lang='lat' dir='ltr'><strong>et</strong></span> <span class='ocrx_word' id='word_1_168' title='bbox 768 2592 908 2647; x_wconf 83' lang='lat' dir='ltr'><strong>Timotheo</strong></span> <span class='ocrx_word' id='word_1_169' title='bbox 924 2593 1078 2663; x_wconf 71' lang='lat' dir='ltr'><strong>confloruit.</strong></span> <span class='ocrx_word' id='word_1_170' title='bbox 1112 2592 1202 2647; x_wconf 83' lang='lat' dir='ltr'><strong>Theo·</strong></span> 
     </span>
     <span class='ocr_line' id='line_1_22' title="bbox 179 2677 1203 2751; baseline -0.003 -16"><span class='ocrx_word' id='word_1_171' title='bbox 179 2682 265 2735; x_wconf 83' lang='lat' dir='ltr'><strong>dorus</strong></span> <span class='ocrx_word' id='word_1_172' title='bbox 288 2688 380 2735; x_wconf 84' lang='lat' dir='ltr'><strong>autem</strong></span> <span class='ocrx_word' id='word_1_173' title='bbox 402 2695 464 2733; x_wconf 80' lang='lat' dir='ltr'><strong>curu</strong></span> <span class='ocrx_word' id='word_1_174' title='bbox 488 2677 649 2751; x_wconf 83' lang='lat' dir='ltr'><strong>Theophilo,</strong></span> <span class='ocrx_word' id='word_1_175' title='bbox 672 2678 742 2733; x_wconf 82' lang='lat' dir='ltr'><strong>ciris</strong></span> <span class='ocrx_word' id='word_1_176' title='bbox 764 2679 824 2732; x_wconf 83' lang='lat' dir='ltr'><strong>eice</strong></span> <span class='ocrx_word' id='word_1_177' title='bbox 846 2679 1026 2733; x_wconf 71' lang='lat' dir='ltr'><strong>lurcium-ium</strong></span> <span class='ocrx_word' id='word_1_178' title='bbox 1048 2678 1144 2731; x_wconf 89' lang='lat' dir='ltr'><strong>orbem</strong></span> <span class='ocrx_word' id='word_1_179' title='bbox 1166 2678 1203 2733; x_wconf 85' lang='lat' dir='ltr'><strong>il·</strong></span> 
     </span>
     <span class='ocr_line' id='line_1_23' title="bbox 179 2762 1203 2834; baseline -0.001 -16"><span class='ocrx_word' id='word_1_180' title='bbox 179 2765 373 2828; x_wconf 75' lang='lat' dir='ltr'><strong>lustrantibus,</strong></span> <span class='ocrx_word' id='word_1_181' title='bbox 395 2772 421 2818; x_wconf 83' lang='lat' dir='ltr'><strong>et</strong></span> <span class='ocrx_word' id='word_1_182' title='bbox 443 2765 491 2834; x_wconf 82' lang='lat' dir='ltr'><strong>qui</strong></span> <span class='ocrx_word' id='word_1_183' title='bbox 512 2766 604 2817; x_wconf 84' lang='lat' dir='ltr'><strong>sedem</strong></span> <span class='ocrx_word' id='word_1_184' title='bbox 626 2762 818 2819; x_wconf 71' lang='lat' dir='ltr'><strong>tessandriae</strong></span> <span class='ocrx_word' id='word_1_185' title='bbox 840 2770 1020 2818; x_wconf 78' lang='lat' dir='ltr'><strong>ornaverunt.</strong></span> <span class='ocrx_word' id='word_1_186' title='bbox 1059 2762 1115 2819; x_wconf 84' lang='lat' dir='ltr'><strong>Sed</strong></span> <span class='ocrx_word' id='word_1_187' title='bbox 1138 2763 1203 2817; x_wconf 81' lang='lat' dir='ltr'><strong>lou·</strong></span> 
     </span>
     <span class='ocr_line' id='line_1_24' title="bbox 180 2842 1203 2920; baseline -0.002 -17"><span class='ocrx_word' id='word_1_188' title='bbox 180 2851 293 2903; x_wconf 85' lang='lat' dir='ltr'><strong>dotores</strong></span> <span class='ocrx_word' id='word_1_189' title='bbox 321 2850 432 2919; x_wconf 80' lang='lat' dir='ltr'><strong>quidem</strong></span> <span class='ocrx_word' id='word_1_190' title='bbox 459 2848 559 2902; x_wconf 87' lang='lat' dir='ltr'><strong>horum</strong></span> <span class='ocrx_word' id='word_1_191' title='bbox 586 2849 630 2904; x_wconf 87' lang='lat' dir='ltr'><strong>illi</strong></span> <span class='ocrx_word' id='word_1_192' title='bbox 659 2850 689 2902; x_wconf 84' lang='lat' dir='ltr'><strong>in</strong></span> <span class='ocrx_word' id='word_1_193' title='bbox 711 2850 787 2903; x_wconf 82' lang='lat' dir='ltr'><strong>omni</strong></span> <span class='ocrx_word' id='word_1_194' title='bbox 807 2849 867 2903; x_wconf 82' lang='lat' dir='ltr'><strong>citu</strong></span> <span class='ocrx_word' id='word_1_195' title='bbox 889 2848 1012 2920; x_wconf 68' lang='lat' dir='ltr'><strong>[uerunt.</strong></span> <span class='ocrx_word' id='word_1_196' title='bbox 1057 2842 1203 2904; x_wconf 76' lang='lat' dir='ltr'><strong>h&#39;otastinl</strong></span> 
     </span>
     <span class='ocr_line' id='line_1_25' title="bbox 181 2931 1204 3005; baseline 0 -18"><span class='ocrx_word' id='word_1_197' title='bbox 181 2932 229 2988; x_wconf 83' lang='lat' dir='ltr'><strong>Cui</strong></span> <span class='ocrx_word' id='word_1_198' title='bbox 252 2948 306 2987; x_wconf 92' lang='lat' dir='ltr'><strong>non</strong></span> <span class='ocrx_word' id='word_1_199' title='bbox 329 2940 469 2987; x_wconf 87' lang='lat' dir='ltr'><strong>succurrat</strong></span> <span class='ocrx_word' id='word_1_200' title='bbox 492 2932 559 2987; x_wconf 90' lang='lat' dir='ltr'><strong>haec</strong></span> <span class='ocrx_word' id='word_1_201' title='bbox 581 2931 661 2987; x_wconf 83' lang='lat' dir='ltr'><strong>verba</strong></span> <span class='ocrx_word' id='word_1_202' title='bbox 684 2932 801 3005; x_wconf 89' lang='lat' dir='ltr'><strong>legenti:</strong></span> <span class='ocrx_word' id='word_1_203' title='bbox 826 2932 883 2989; x_wconf 89' lang='lat' dir='ltr'><strong>Sed</strong></span> <span class='ocrx_word' id='word_1_204' title='bbox 904 2934 1067 2988; x_wconf 78' lang='lat' dir='ltr'><strong>laudatores</strong></span> <span class='ocrx_word' id='word_1_205' title='bbox 1090 2932 1204 3004; x_wconf 79' lang='lat' dir='ltr'><strong>quidem</strong></span> 
     </span>
     <span class='ocr_line' id='line_1_26' title="bbox 180 3016 1203 3091; baseline 0.002 -20"><span class='ocrx_word' id='word_1_206' title='bbox 180 3016 279 3071; x_wconf 82' lang='lat' dir='ltr'><strong>horum</strong></span> <span class='ocrx_word' id='word_1_207' title='bbox 300 3018 345 3072; x_wconf 87' lang='lat' dir='ltr'><strong>illi</strong></span> <span class='ocrx_word' id='word_1_208' title='bbox 364 3017 396 3070; x_wconf 83' lang='lat' dir='ltr'><strong>iu</strong></span> <span class='ocrx_word' id='word_1_209' title='bbox 418 3016 493 3070; x_wconf 86' lang='lat' dir='ltr'><strong>omui</strong></span> <span class='ocrx_word' id='word_1_210' title='bbox 513 3017 574 3071; x_wconf 82' lang='lat' dir='ltr'><strong>nito</strong></span> <span class='ocrx_word' id='word_1_211' title='bbox 595 3016 718 3088; x_wconf 72' lang='lat' dir='ltr'><strong>suerunt,</strong></span> <span class='ocrx_word' id='word_1_212' title='bbox 743 3018 879 3091; x_wconf 87' lang='lat' dir='ltr'><strong>respicere</strong></span> <span class='ocrx_word' id='word_1_213' title='bbox 901 3035 933 3073; x_wconf 88' lang='lat' dir='ltr'><strong>ea</strong></span> <span class='ocrx_word' id='word_1_214' title='bbox 955 3016 988 3071; x_wconf 90' lang='lat' dir='ltr'><strong>ad</strong></span> <span class='ocrx_word' id='word_1_215' title='bbox 1003 3018 1075 3090; x_wconf 84' lang='lat' dir='ltr'><strong>ipsas</strong></span> <span class='ocrx_word' id='word_1_216' title='bbox 1091 3016 1203 3091; x_wconf 81' lang='lat' dir='ltr'><strong>quidem</strong></span> 
     </span>
    </p>

    <p class='ocr_par' dir='ltr' id='par_1_4' title="bbox 111 3098 1205 3670">
     <span class='ocr_line' id='line_1_27' title="bbox 111 3098 1205 3176; baseline 0 -19"><span class='ocrx_word' id='word_1_217' title='bbox 111 3114 170 3157; x_wconf 75' lang='lat' dir='ltr'><strong>xxxi</strong></span> <span class='ocrx_word' id='word_1_218' title='bbox 180 3101 326 3165; x_wconf 75' lang='lat' dir='ltr'><strong>Athanasii,</strong></span> <span class='ocrx_word' id='word_1_219' title='bbox 349 3100 422 3156; x_wconf 87' lang='lat' dir='ltr'><strong>Petri</strong></span> <span class='ocrx_word' id='word_1_220' title='bbox 438 3110 465 3156; x_wconf 87' lang='lat' dir='ltr'><strong>et</strong></span> <span class='ocrx_word' id='word_1_221' title='bbox 480 3099 614 3157; x_wconf 79' lang='lat' dir='ltr'><strong>Timothei</strong></span> <span class='ocrx_word' id='word_1_222' title='bbox 630 3101 768 3175; x_wconf 85' lang='lat' dir='ltr'><strong>epistolas,</strong></span> <span class='ocrx_word' id='word_1_223' title='bbox 791 3118 858 3176; x_wconf 87' lang='lat' dir='ltr'><strong>quas</strong></span> <span class='ocrx_word' id='word_1_224' title='bbox 873 3098 1086 3175; x_wconf 76' lang='lat' dir='ltr'><strong>descripsimus?</strong></span> <span class='ocrx_word' id='word_1_225' title='bbox 1108 3101 1205 3157; x_wconf 86' lang='lat' dir='ltr'><strong>Enim·</strong></span> 
     </span>
     <span class='ocr_line' id='line_1_28' title="bbox 180 3185 1204 3259; baseline 0.003 -20"><span class='ocrx_word' id='word_1_226' title='bbox 180 3202 243 3243; x_wconf 84' lang='lat' dir='ltr'><strong>sero</strong></span> <span class='ocrx_word' id='word_1_227' title='bbox 267 3187 346 3243; x_wconf 92' lang='lat' dir='ltr'><strong>etiam</strong></span> <span class='ocrx_word' id='word_1_228' title='bbox 370 3194 427 3241; x_wconf 88' lang='lat' dir='ltr'><strong>tum</strong></span> <span class='ocrx_word' id='word_1_229' title='bbox 450 3201 512 3241; x_wconf 89' lang='lat' dir='ltr'><strong>cum</strong></span> <span class='ocrx_word' id='word_1_230' title='bbox 534 3185 621 3242; x_wconf 78' lang='lat' dir='ltr'><strong>libnl</strong></span> <span class='ocrx_word' id='word_1_231' title='bbox 646 3204 704 3259; x_wconf 86' lang='lat' dir='ltr'><strong>cap.</strong></span> <span class='ocrx_word' id='word_1_232' title='bbox 724 3191 751 3244; x_wconf 86' lang='lat' dir='ltr'><strong>l.</strong></span> <span class='ocrx_word' id='word_1_233' title='bbox 775 3187 898 3259; x_wconf 81' lang='lat' dir='ltr'><strong>Gregorii</strong></span> <span class='ocrx_word' id='word_1_234' title='bbox 914 3187 1072 3243; x_wconf 86' lang='lat' dir='ltr'><strong>Nazianzeni</strong></span> <span class='ocrx_word' id='word_1_235' title='bbox 1095 3187 1204 3259; x_wconf 89' lang='lat' dir='ltr'><strong>episto-</strong></span> 
     </span>
     <span class='ocr_line' id='line_1_29' title="bbox 179 3270 1205 3346; baseline -0.003 -17"><span class='ocrx_word' id='word_1_236' title='bbox 179 3270 241 3336; x_wconf 75' lang='lat' dir='ltr'><strong>tem,</strong></span> <span class='ocrx_word' id='word_1_237' title='bbox 265 3288 355 3344; x_wconf 89' lang='lat' dir='ltr'><strong>qnam,</strong></span> <span class='ocrx_word' id='word_1_238' title='bbox 378 3287 440 3326; x_wconf 91' lang='lat' dir='ltr'><strong>cum</strong></span> <span class='ocrx_word' id='word_1_239' title='bbox 463 3281 536 3327; x_wconf 86' lang='lat' dir='ltr'><strong>esset</strong></span> <span class='ocrx_word' id='word_1_240' title='bbox 558 3271 702 3327; x_wconf 85' lang='lat' dir='ltr'><strong>Theodoro</strong></span> <span class='ocrx_word' id='word_1_241' title='bbox 724 3272 863 3346; x_wconf 90' lang='lat' dir='ltr'><strong>inscripta,</strong></span> <span class='ocrx_word' id='word_1_242' title='bbox 887 3272 919 3328; x_wconf 90' lang='lat' dir='ltr'><strong>ad</strong></span> <span class='ocrx_word' id='word_1_243' title='bbox 943 3270 1116 3327; x_wconf 82' lang='lat' dir='ltr'><strong>Theodorum</strong></span> <span class='ocrx_word' id='word_1_244' title='bbox 1142 3270 1205 3326; x_wconf 87' lang='lat' dir='ltr'><strong>llo·</strong></span> 
     </span>
     <span class='ocr_line' id='line_1_30' title="bbox 180 3355 1205 3430; baseline 0.002 -19"><span class='ocrx_word' id='word_1_245' title='bbox 180 3365 356 3430; x_wconf 89' lang='lat' dir='ltr'><strong>psuestenum</strong></span> <span class='ocrx_word' id='word_1_246' title='bbox 380 3355 481 3420; x_wconf 89' lang='lat' dir='ltr'><strong>retulit,</strong></span> <span class='ocrx_word' id='word_1_247' title='bbox 505 3372 566 3412; x_wconf 90' lang='lat' dir='ltr'><strong>eum</strong></span> <span class='ocrx_word' id='word_1_248' title='bbox 588 3357 621 3411; x_wconf 91' lang='lat' dir='ltr'><strong>ad</strong></span> <span class='ocrx_word' id='word_1_249' title='bbox 637 3355 804 3430; x_wconf 82' lang='lat' dir='ltr'><strong>Fynnensem</strong></span> <span class='ocrx_word' id='word_1_250' title='bbox 820 3357 961 3413; x_wconf 88' lang='lat' dir='ltr'><strong>relerenda</strong></span> <span class='ocrx_word' id='word_1_251' title='bbox 975 3357 1054 3420; x_wconf 88' lang='lat' dir='ltr'><strong>leret,</strong></span> <span class='ocrx_word' id='word_1_252' title='bbox 1079 3373 1205 3413; x_wconf 88' lang='lat' dir='ltr'><strong>errorem</strong></span> 
     </span>
     <span class='ocr_line' id='line_1_31' title="bbox 179 3439 1204 3506; baseline 0.001 -11"><span class='ocrx_word' id='word_1_253' title='bbox 179 3456 242 3496; x_wconf 90' lang='lat' dir='ltr'><strong>cnm</strong></span> <span class='ocrx_word' id='word_1_254' title='bbox 270 3439 329 3496; x_wconf 87' lang='lat' dir='ltr'><strong>aliis</strong></span> <span class='ocrx_word' id='word_1_255' title='bbox 358 3457 528 3497; x_wconf 86' lang='lat' dir='ltr'><strong>communem</strong></span> <span class='ocrx_word' id='word_1_256' title='bbox 550 3441 687 3506; x_wconf 80' lang='lat' dir='ltr'><strong>defendit,</strong></span> <span class='ocrx_word' id='word_1_257' title='bbox 716 3450 746 3497; x_wconf 92' lang='lat' dir='ltr'><strong>ut</strong></span> <span class='ocrx_word' id='word_1_258' title='bbox 769 3458 801 3497; x_wconf 85' lang='lat' dir='ltr'><strong>ex</strong></span> <span class='ocrx_word' id='word_1_259' title='bbox 823 3442 912 3498; x_wconf 89' lang='lat' dir='ltr'><strong>edicto</strong></span> <span class='ocrx_word' id='word_1_260' title='bbox 936 3440 1088 3505; x_wconf 86' lang='lat' dir='ltr'><strong>lustinieni,</strong></span> <span class='ocrx_word' id='word_1_261' title='bbox 1119 3449 1204 3497; x_wconf 82' lang='lat' dir='ltr'><strong>etex</strong></span> 
     </span>
     <span class='ocr_line' id='line_1_32' title="bbox 180 3524 1203 3601; baseline 0.002 -20"><span class='ocrx_word' id='word_1_262' title='bbox 180 3526 291 3599; x_wconf 85' lang='lat' dir='ltr'><strong>quintae</strong></span> <span class='ocrx_word' id='word_1_263' title='bbox 313 3526 408 3599; x_wconf 77' lang='lat' dir='ltr'><strong>synodi</strong></span> <span class='ocrx_word' id='word_1_264' title='bbox 431 3525 574 3582; x_wconf 75' lang='lat' dir='ltr'><strong>collatione</strong></span> <span class='ocrx_word' id='word_1_265' title='bbox 591 3529 619 3587; x_wconf 84' lang='lat'><strong>5.</strong></span> <span class='ocrx_word' id='word_1_266' title='bbox 642 3524 688 3581; x_wconf 91' lang='lat' dir='ltr'><strong>nbi</strong></span> <span class='ocrx_word' id='word_1_267' title='bbox 704 3527 756 3582; x_wconf 89' lang='lat' dir='ltr'><strong>iste</strong></span> <span class='ocrx_word' id='word_1_268' title='bbox 772 3543 850 3583; x_wconf 86' lang='lat' dir='ltr'><strong>error</strong></span> <span class='ocrx_word' id='word_1_269' title='bbox 864 3527 1030 3601; x_wconf 79' lang='lat' dir='ltr'><strong>coarguitur,</strong></span> <span class='ocrx_word' id='word_1_270' title='bbox 1054 3525 1203 3599; x_wconf 86' lang='lat' dir='ltr'><strong>colligitur.</strong></span> 
     </span>
     <span class='ocr_line' id='line_1_33' title="bbox 181 3609 1159 3670; baseline 0.002 -6"><span class='ocrx_word' id='word_1_271' title='bbox 181 3609 246 3667; x_wconf 85' lang='lat' dir='ltr'><strong>Vide</strong></span> <span class='ocrx_word' id='word_1_272' title='bbox 269 3611 375 3666; x_wconf 81' lang='lat' dir='ltr'><strong>Concil.</strong></span> <span class='ocrx_word' id='word_1_273' title='bbox 397 3612 489 3667; x_wconf 86' lang='lat' dir='ltr'><strong>Hurd.</strong></span> <span class='ocrx_word' id='word_1_274' title='bbox 513 3620 578 3667; x_wconf 90' lang='lat' dir='ltr'><strong>tom.</strong></span> <span class='ocrx_word' id='word_1_275' title='bbox 595 3611 628 3666; x_wconf 88' lang='grc' dir='ltr'><strong>ΙΙΙ</strong></span> <span class='ocrx_word' id='word_1_276' title='bbox 652 3611 771 3669; x_wconf 87' lang='lat' dir='ltr'><strong>rollll</strong></span> <span class='ocrx_word' id='word_1_277' title='bbox 791 3621 818 3668; x_wconf 89' lang='lat' dir='ltr'><strong>et</strong></span> <span class='ocrx_word' id='word_1_278' title='bbox 836 3614 905 3670; x_wconf 82' lang='lat'><strong>318.</strong></span> <span class='ocrx_word' id='word_1_279' title='bbox 929 3612 973 3668; x_wconf 87' lang='lat' dir='ltr'><strong>ed.</strong></span> <span class='ocrx_word' id='word_1_280' title='bbox 996 3611 1080 3667; x_wconf 82' lang='lat' dir='ltr'><strong>Paris.</strong></span> <span class='ocrx_word' id='word_1_281' title='bbox 1105 3620 1159 3667; x_wconf 87' lang='lat' dir='ltr'><strong>cte.</strong></span> 
     </span>
    </p>

    <p class='ocr_par' dir='ltr' id='par_1_5' title="bbox 179 3694 1206 4197">
     <span class='ocr_line' id='line_1_34' title="bbox 265 3694 1205 3770; baseline 0 -18"><span class='ocrx_word' id='word_1_282' title='bbox 265 3695 385 3752; x_wconf 89' lang='lat' dir='ltr'><strong>Pronum</strong></span> <span class='ocrx_word' id='word_1_283' title='bbox 408 3696 491 3769; x_wconf 90' lang='lat' dir='ltr'><strong>igitur</strong></span> <span class='ocrx_word' id='word_1_284' title='bbox 512 3706 555 3752; x_wconf 90' lang='lat' dir='ltr'><strong>est</strong></span> <span class='ocrx_word' id='word_1_285' title='bbox 575 3696 703 3759; x_wconf 87' lang='lat' dir='ltr'><strong>credere,</strong></span> <span class='ocrx_word' id='word_1_286' title='bbox 727 3696 854 3753; x_wconf 92' lang='lat' dir='ltr'><strong>Facundo</strong></span> <span class='ocrx_word' id='word_1_287' title='bbox 876 3698 1010 3762; x_wconf 86' lang='lat' dir='ltr'><strong>Graecos,</strong></span> <span class='ocrx_word' id='word_1_288' title='bbox 1037 3694 1205 3770; x_wconf 85' lang='lat' dir='ltr'><strong>quibuscum</strong></span> 
     </span>
     <span class='ocr_line' id='line_1_35' title="bbox 181 3779 1205 3856; baseline 0.001 -22"><span class='ocrx_word' id='word_1_289' title='bbox 181 3791 303 3837; x_wconf 80' lang='lat' dir='ltr'><strong>versatus</strong></span> <span class='ocrx_word' id='word_1_290' title='bbox 331 3789 373 3836; x_wconf 89' lang='lat' dir='ltr'><strong>est</strong></span> <span class='ocrx_word' id='word_1_291' title='bbox 402 3779 447 3835; x_wconf 88' lang='lat' dir='ltr'><strong>din</strong></span> <span class='ocrx_word' id='word_1_292' title='bbox 471 3780 720 3854; x_wconf 85' lang='lat' dir='ltr'><strong>Constantinopoli,</strong></span> <span class='ocrx_word' id='word_1_293' title='bbox 751 3781 832 3838; x_wconf 86' lang='lat' dir='ltr'><strong>etiam</strong></span> <span class='ocrx_word' id='word_1_294' title='bbox 854 3782 926 3855; x_wconf 89' lang='lat' dir='ltr'><strong>quod</strong></span> <span class='ocrx_word' id='word_1_295' title='bbox 948 3789 1055 3856; x_wconf 88' lang='lat' dir='ltr'><strong>spectat</strong></span> <span class='ocrx_word' id='word_1_296' title='bbox 1076 3780 1110 3836; x_wconf 94' lang='lat' dir='ltr'><strong>ad</strong></span> <span class='ocrx_word' id='word_1_297' title='bbox 1132 3780 1205 3854; x_wconf 80' lang='lat' dir='ltr'><strong>upr-</strong></span> 
     </span>
     <span class='ocr_line' id='line_1_36' title="bbox 179 3864 1204 3940; baseline 0 -19"><span class='ocrx_word' id='word_1_298' title='bbox 179 3867 269 3922; x_wconf 85' lang='lat' dir='ltr'><strong>stolos</strong></span> <span class='ocrx_word' id='word_1_299' title='bbox 291 3866 329 3921; x_wconf 89' lang='lat' dir='ltr'><strong>od</strong></span> <span class='ocrx_word' id='word_1_300' title='bbox 350 3864 519 3930; x_wconf 82' lang='lat' dir='ltr'><strong>Diodorum,</strong></span> <span class='ocrx_word' id='word_1_301' title='bbox 549 3866 728 3939; x_wconf 86' lang='lat' dir='ltr'><strong>imposuisse,</strong></span> <span class='ocrx_word' id='word_1_302' title='bbox 752 3868 895 3930; x_wconf 68' lang='lat' dir='ltr'><strong>Graecos,</strong></span> <span class='ocrx_word' id='word_1_303' title='bbox 910 3867 1036 3940; x_wconf 80' lang='lat' dir='ltr'><strong>inqiasm,</strong></span> <span class='ocrx_word' id='word_1_304' title='bbox 1060 3866 1204 3922; x_wconf 90' lang='lat' dir='ltr'><strong>hominum</strong></span> 
     </span>
     <span class='ocr_line' id='line_1_37' title="bbox 181 3950 1206 4025; baseline 0 -18"><span class='ocrx_word' id='word_1_305' title='bbox 181 3968 267 4023; x_wconf 90' lang='lat' dir='ltr'><strong>genus</strong></span> <span class='ocrx_word' id='word_1_306' title='bbox 289 3952 316 4007; x_wconf 90' lang='lat' dir='ltr'><strong>in</strong></span> <span class='ocrx_word' id='word_1_307' title='bbox 339 3950 451 4007; x_wconf 88' lang='lat' dir='ltr'><strong>historia</strong></span> <span class='ocrx_word' id='word_1_308' title='bbox 473 3950 594 4023; x_wconf 88' lang='lat' dir='ltr'><strong>apprime</strong></span> <span class='ocrx_word' id='word_1_309' title='bbox 616 3950 711 4014; x_wconf 83' lang='lat' dir='ltr'><strong>stidax,</strong></span> <span class='ocrx_word' id='word_1_310' title='bbox 734 3967 788 4023; x_wconf 86' lang='lat' dir='ltr'><strong>quo</strong></span> <span class='ocrx_word' id='word_1_311' title='bbox 812 3953 921 4009; x_wconf 90' lang='lat' dir='ltr'><strong>nomine</strong></span> <span class='ocrx_word' id='word_1_312' title='bbox 944 3952 1012 4008; x_wconf 86' lang='lat' dir='ltr'><strong>male</strong></span> <span class='ocrx_word' id='word_1_313' title='bbox 1027 3967 1138 4025; x_wconf 89' lang='lat' dir='ltr'><strong>semper</strong></span> <span class='ocrx_word' id='word_1_314' title='bbox 1151 3967 1206 4007; x_wconf 86' lang='lat' dir='ltr'><strong>au·</strong></span> 
     </span>
     <span class='ocr_line' id='line_1_38' title="bbox 181 4034 1206 4109; baseline 0.002 -19"><span class='ocrx_word' id='word_1_315' title='bbox 181 4035 238 4099; x_wconf 86' lang='lat' dir='ltr'><strong>diit,</strong></span> <span class='ocrx_word' id='word_1_316' title='bbox 262 4046 290 4093; x_wconf 92' lang='lat' dir='ltr'><strong>et</strong></span> <span class='ocrx_word' id='word_1_317' title='bbox 311 4035 411 4092; x_wconf 88' lang='lat' dir='ltr'><strong>iamdiu</strong></span> <span class='ocrx_word' id='word_1_318' title='bbox 433 4036 460 4091; x_wconf 90' lang='lat' dir='ltr'><strong>in</strong></span> <span class='ocrx_word' id='word_1_319' title='bbox 482 4034 655 4108; x_wconf 81' lang='lat' dir='ltr'><strong>prouerbium</strong></span> <span class='ocrx_word' id='word_1_320' title='bbox 678 4034 751 4091; x_wconf 90' lang='lat' dir='ltr'><strong>venit</strong></span> <span class='ocrx_word' id='word_1_321' title='bbox 766 4036 867 4093; x_wconf 88' lang='lat' dir='ltr'><strong>Graeca</strong></span> <span class='ocrx_word' id='word_1_322' title='bbox 881 4037 959 4093; x_wconf 90' lang='lat' dir='ltr'><strong>hdes.</strong></span> <span class='ocrx_word' id='word_1_323' title='bbox 989 4037 1018 4093; x_wconf 91' lang='lat' dir='ltr'><strong>Si</strong></span> <span class='ocrx_word' id='word_1_324' title='bbox 1034 4037 1094 4109; x_wconf 89' lang='lat' dir='ltr'><strong>quis</strong></span> <span class='ocrx_word' id='word_1_325' title='bbox 1110 4045 1206 4093; x_wconf 87' lang='lat' dir='ltr'><strong>autem</strong></span> 
     </span>
     <span class='ocr_line' id='line_1_39' title="bbox 182 4119 1205 4197; baseline 0.007 -25"><span class='ocrx_word' id='word_1_326' title='bbox 182 4119 254 4185; x_wconf 78' lang='lat' dir='ltr'><strong>velit,</strong></span> <span class='ocrx_word' id='word_1_327' title='bbox 276 4138 338 4178; x_wconf 87' lang='lat' dir='ltr'><strong>esse</strong></span> <span class='ocrx_word' id='word_1_328' title='bbox 359 4130 450 4178; x_wconf 76' lang='lat' dir='ltr'><strong>umen</strong></span> <span class='ocrx_word' id='word_1_329' title='bbox 473 4120 526 4177; x_wconf 89' lang='lat' dir='ltr'><strong>hoe</strong></span> <span class='ocrx_word' id='word_1_330' title='bbox 547 4119 643 4177; x_wconf 85' lang='lat' dir='ltr'><strong>saltem</strong></span> <span class='ocrx_word' id='word_1_331' title='bbox 661 4119 874 4189; x_wconf 85' lang='lat' dir='ltr'><strong>concedendurn,</strong></span> <span class='ocrx_word' id='word_1_332' title='bbox 897 4121 972 4197; x_wconf 90' lang='lat' dir='ltr'><strong>quod</strong></span> <span class='ocrx_word' id='word_1_333' title='bbox 986 4120 1130 4179; x_wconf 75' lang='lat' dir='ltr'><strong>Facundus</strong></span> <span class='ocrx_word' id='word_1_334' title='bbox 1145 4138 1205 4179; x_wconf 91' lang='lat' dir='ltr'><strong>non</strong></span> 
     </span>
    </p>
   </div>
   <div class='ocr_carea' id='block_1_3' title="bbox 0 0 1304 4822">
    <p class='ocr_par' dir='ltr' id='par_1_6' title="bbox 0 0 1304 4822">
     <span class='ocr_line' id='line_1_40' title="bbox 0 0 1304 4822; baseline 0 0"><span class='ocrx_word' id='word_1_335' title='bbox 0 0 1304 4822; x_wconf 95' lang='lat' dir='ltr'><strong> </strong></span> 
     </span>
    </p>
   </div>
  </div>
 </body>
</html>
