<?xml version="1.0" encoding="UTF-8"?>
<!DOCTYPE html PUBLIC "-//W3C//DTD XHTML 1.0 Transitional//EN"
    "http://www.w3.org/TR/xhtml1/DTD/xhtml1-transitional.dtd">
<html xmlns="http://www.w3.org/1999/xhtml" xml:lang="en" lang="en">
 <head>
  <title>
</title>
<meta http-equiv="Content-Type" content="text/html;charset=utf-8" />
  <meta name='ocr-system' content='tesseract 3.04.00' />
  <meta name='ocr-capabilities' content='ocr_page ocr_carea ocr_par ocr_line ocrx_word'/>
</head>
<body>
  <div class='ocr_page' id='page_1' title='image "./opera02dindgoog_0728.png"; bbox 0 0 2586 4822; ppageno 0'>
   <div class='ocr_carea' id='block_1_1' title="bbox 620 748 737 799">
    <p class='ocr_par' dir='ltr' id='par_1_1' title="bbox 620 748 737 799">
     <span class='ocr_line' id='line_1_1' title="bbox 620 748 737 799; baseline 0 0"><span class='ocrx_word' id='word_1_1' title='bbox 620 748 737 799; x_wconf 72' lang='lat' dir='ltr'><strong>PETthl</strong></span> 
     </span>
    </p>
   </div>
   <div class='ocr_carea' id='block_1_2' title="bbox 387 951 960 1014">
    <p class='ocr_par' dir='ltr' id='par_1_2' title="bbox 387 951 960 1014">
     <span class='ocr_line' id='line_1_2' title="bbox 387 951 960 1014; baseline -0.009 0"><span class='ocrx_word' id='word_1_2' title='bbox 387 957 430 1014; x_wconf 81' lang='grc' dir='ltr'><strong>ΑΙ)</strong></span> <span class='ocrx_word' id='word_1_3' title='bbox 453 954 619 1013; x_wconf 77' lang='lat' dir='ltr'><strong>uatnesttt</strong></span> <span class='ocrx_word' id='word_1_4' title='bbox 643 953 707 1010; x_wconf 85' lang='lat' dir='ltr'><strong>tht</strong></span> <span class='ocrx_word' id='word_1_5' title='bbox 730 951 960 1010; x_wconf 76' lang='lat' dir='ltr'><strong>hUllllNClthl.</strong></span> 
     </span>
    </p>
   </div>
   <div class='ocr_carea' id='block_1_3' title="bbox 98 1066 1187 4121">
    <p class='ocr_par' dir='ltr' id='par_1_3' title="bbox 162 1066 1187 1576">
     <span class='ocr_line' id='line_1_3' title="bbox 249 1066 1187 1150; baseline -0.01 -13"><span class='ocrx_word' id='word_1_6' title='bbox 249 1080 305 1137; x_wconf 78' lang='lat'><strong>821</strong></span> <span class='ocrx_word' id='word_1_7' title='bbox 326 1095 350 1133; x_wconf 88' lang='lat' dir='ltr'><strong>a.</strong></span> <span class='ocrx_word' id='word_1_8' title='bbox 383 1070 553 1150; x_wconf 81' lang='grc' dir='ltr'><em>φάσκοντες</em></span> <span class='ocrx_word' id='word_1_9' title='bbox 575 1066 636 1130; x_wconf 78' lang='grc' dir='ltr'><strong>ἀπὸ</strong></span> <span class='ocrx_word' id='word_1_10' title='bbox 659 1067 892 1144; x_wconf 80' lang='grc' dir='ltr'><strong>Κωνστανῐιύυ]</strong></span> <span class='ocrx_word' id='word_1_11' title='bbox 936 1072 995 1129; x_wconf 88' lang='lat' dir='ltr'><strong>lmo</strong></span> <span class='ocrx_word' id='word_1_12' title='bbox 1018 1067 1187 1129; x_wconf 79' lang='lat' dir='ltr'><strong>Ktarnanr·</strong></span> 
     </span>
     <span class='ocr_line' id='line_1_4' title="bbox 162 1152 1187 1232; baseline -0.007 -11"><span class='ocrx_word' id='word_1_13' title='bbox 162 1158 256 1221; x_wconf 76' lang='lat' dir='ltr'><strong>clauo.</strong></span> <span class='ocrx_word' id='word_1_14' title='bbox 293 1162 429 1219; x_wconf 86' lang='lat' dir='ltr'><strong>lactabant</strong></span> <span class='ocrx_word' id='word_1_15' title='bbox 452 1160 585 1217; x_wconf 79' lang='lat' dir='ltr'>Haeretici</span> <span class='ocrx_word' id='word_1_16' title='bbox 607 1175 638 1216; x_wconf 87' lang='lat' dir='ltr'><strong>ac</strong></span> <span class='ocrx_word' id='word_1_17' title='bbox 664 1152 1035 1232; x_wconf 69' lang='lat' dir='ltr'><strong>sttaoapaaaaataxucnm</strong></span> <span class='ocrx_word' id='word_1_18' title='bbox 1059 1157 1187 1215; x_wconf 80' lang='lat' dir='ltr'><strong>Nicaeam</strong></span> 
     </span>
     <span class='ocr_line' id='line_1_5' title="bbox 163 1242 1185 1317; baseline -0.005 -12"><span class='ocrx_word' id='word_1_19' title='bbox 163 1249 258 1305; x_wconf 82' lang='lat' dir='ltr'><strong>Patres</strong></span> <span class='ocrx_word' id='word_1_20' title='bbox 287 1248 313 1302; x_wconf 90' lang='lat' dir='ltr'><strong>iu</strong></span> <span class='ocrx_word' id='word_1_21' title='bbox 337 1247 506 1303; x_wconf 74' lang='lat' dir='ltr'><strong>Constantini</strong></span> <span class='ocrx_word' id='word_1_22' title='bbox 533 1245 646 1317; x_wconf 81' lang='lat' dir='ltr'><strong>gratiam</strong></span> <span class='ocrx_word' id='word_1_23' title='bbox 668 1243 816 1317; x_wconf 79' lang='lat' dir='ltr'><strong>legitimam</strong></span> <span class='ocrx_word' id='word_1_24' title='bbox 838 1242 979 1299; x_wconf 86' lang='lat' dir='ltr'><strong>Paschatis</strong></span> <span class='ocrx_word' id='word_1_25' title='bbox 1000 1242 1185 1300; x_wconf 79' lang='lat' dir='ltr'><strong>celebritatem</strong></span> 
     </span>
     <span class='ocr_line' id='line_1_6' title="bbox 163 1323 1185 1403; baseline -0.007 -12"><span class='ocrx_word' id='word_1_26' title='bbox 163 1351 232 1391; x_wconf 89' lang='lat' dir='ltr'><strong>nova</strong></span> <span class='ocrx_word' id='word_1_27' title='bbox 254 1332 394 1388; x_wconf 74' lang='lat' dir='ltr'><strong>sanctione</strong></span> <span class='ocrx_word' id='word_1_28' title='bbox 418 1330 602 1403; x_wconf 74' lang='lat' dir='ltr'><strong>perturbasse.</strong></span> <span class='ocrx_word' id='word_1_29' title='bbox 639 1329 714 1398; x_wconf 86' lang='lat' dir='ltr'><strong>Quos</strong></span> <span class='ocrx_word' id='word_1_30' title='bbox 737 1327 835 1385; x_wconf 79' lang='lat' dir='ltr'><strong>refellit</strong></span> <span class='ocrx_word' id='word_1_31' title='bbox 857 1328 986 1384; x_wconf 73' lang='lat' dir='ltr'><strong>Socrates</strong></span> <span class='ocrx_word' id='word_1_32' title='bbox 1012 1331 1043 1391; x_wconf 73' lang='lat'><strong>5,</strong></span> <span class='ocrx_word' id='word_1_33' title='bbox 1062 1331 1119 1387; x_wconf 78' lang='lat'><strong>23:</strong></span> <span class='ocrx_word' id='word_1_34' title='bbox 1140 1323 1185 1384; x_wconf 78' lang='lat' dir='ltr'><strong>aul</strong></span> 
     </span>
     <span class='ocr_line' id='line_1_7' title="bbox 163 1404 1185 1491; baseline -0.006 -17"><span class='ocrx_word' id='word_1_35' title='bbox 163 1410 221 1491; x_wconf 74' lang='grc' dir='ltr'><strong>οὐχ</strong></span> <span class='ocrx_word' id='word_1_36' title='bbox 249 1404 291 1483; x_wconf 79' lang='grc' dir='ltr'><strong>ὥς</strong></span> <span class='ocrx_word' id='word_1_37' title='bbox 319 1432 396 1482; x_wconf 82' lang='grc' dir='ltr'><em>τινες</em></span> <span class='ocrx_word' id='word_1_38' title='bbox 424 1409 657 1487; x_wconf 74' lang='grc' dir='ltr'><strong>ἐπεθρύλλησαν</strong></span> <span class='ocrx_word' id='word_1_39' title='bbox 682 1407 702 1488; x_wconf 78' lang='grc' dir='ltr'><em>ἦ</em></span> <span class='ocrx_word' id='word_1_40' title='bbox 725 1408 771 1470; x_wconf 75' lang='lat' dir='ltr'><strong>e‘nl</strong></span> <span class='ocrx_word' id='word_1_41' title='bbox 795 1408 1038 1469; x_wconf 75' lang='lat' dir='ltr'><strong>Kmrnrum&#39;rou</strong></span> <span class='ocrx_word' id='word_1_42' title='bbox 1060 1407 1185 1479; x_wconf 73' lang='grc' dir='ltr'><strong>σύνοδος</strong></span> 
     </span>
     <span class='ocr_line' id='line_1_8' title="bbox 164 1491 708 1576; baseline -0.009 -18"><span class='ocrx_word' id='word_1_43' title='bbox 164 1496 219 1576; x_wconf 76' lang='grc' dir='ltr'><strong>τὴν</strong></span> <span class='ocrx_word' id='word_1_44' title='bbox 241 1491 350 1576; x_wconf 69' lang='grc' dir='ltr'><em>ἑορτὴν</em></span> <span class='ocrx_word' id='word_1_45' title='bbox 371 1493 486 1572; x_wconf 75' lang='grc' dir='ltr'><em>ταύτην</em></span> <span class='ocrx_word' id='word_1_46' title='bbox 507 1494 708 1573; x_wconf 71' lang='grc' dir='ltr'><strong>παρέτρεψεν.</strong></span> 
     </span>
    </p>

    <p class='ocr_par' dir='ltr' id='par_1_4' title="bbox 163 1575 1181 1982">
     <span class='ocr_line' id='line_1_9' title="bbox 250 1575 1181 1659; baseline -0.004 -18"><span class='ocrx_word' id='word_1_47' title='bbox 250 1575 296 1642; x_wconf 80' lang='grc' dir='ltr'><strong>ὅτι</strong></span> <span class='ocrx_word' id='word_1_48' title='bbox 317 1576 367 1641; x_wconf 81' lang='lat' dir='ltr'><strong>liae</strong></span> <span class='ocrx_word' id='word_1_49' title='bbox 388 1579 427 1642; x_wconf 81' lang='grc' dir='ltr'><strong>τὰ</strong></span> <span class='ocrx_word' id='word_1_50' title='bbox 449 1579 604 1659; x_wconf 73' lang='lat' dir='ltr'><strong>penddlm]</strong></span> <span class='ocrx_word' id='word_1_51' title='bbox 633 1588 674 1639; x_wconf 77' lang='lat' dir='ltr'><strong>An</strong></span> <span class='ocrx_word' id='word_1_52' title='bbox 697 1583 841 1640; x_wconf 86' lang='lat' dir='ltr'><strong>nativitatis</strong></span> <span class='ocrx_word' id='word_1_53' title='bbox 857 1582 937 1644; x_wconf 77' lang='lat' dir='ltr'><strong>diens,</strong></span> <span class='ocrx_word' id='word_1_54' title='bbox 961 1599 996 1638; x_wconf 86' lang='lat' dir='ltr'><strong>an</strong></span> <span class='ocrx_word' id='word_1_55' title='bbox 1014 1583 1122 1656; x_wconf 88' lang='lat' dir='ltr'><strong>lmperii</strong></span> <span class='ocrx_word' id='word_1_56' title='bbox 1137 1600 1181 1637; x_wconf 83' lang='lat' dir='ltr'><strong>na·</strong></span> 
     </span>
     <span class='ocr_line' id='line_1_10' title="bbox 165 1667 1180 1743; baseline -0.006 -15"><span class='ocrx_word' id='word_1_57' title='bbox 165 1671 245 1728; x_wconf 82' lang='lat' dir='ltr'><strong>talem</strong></span> <span class='ocrx_word' id='word_1_58' title='bbox 268 1670 409 1742; x_wconf 82' lang='lat' dir='ltr'><strong>intelligat,</strong></span> <span class='ocrx_word' id='word_1_59' title='bbox 433 1669 549 1727; x_wconf 89' lang='lat' dir='ltr'><strong>dubitari</strong></span> <span class='ocrx_word' id='word_1_60' title='bbox 574 1678 673 1743; x_wconf 90' lang='lat' dir='ltr'><strong>potest.</strong></span> <span class='ocrx_word' id='word_1_61' title='bbox 707 1669 800 1725; x_wconf 91' lang='lat' dir='ltr'><strong>lncidit</strong></span> <span class='ocrx_word' id='word_1_62' title='bbox 823 1668 894 1723; x_wconf 88' lang='lat' dir='ltr'><strong>enim</strong></span> <span class='ocrx_word' id='word_1_63' title='bbox 916 1667 1072 1724; x_wconf 84' lang='lat' dir='ltr'><strong>Nicacnum</strong></span> <span class='ocrx_word' id='word_1_64' title='bbox 1092 1668 1180 1724; x_wconf 73' lang='lat' dir='ltr'><strong>Cond-</strong></span> 
     </span>
     <span class='ocr_line' id='line_1_11' title="bbox 163 1751 1175 1826; baseline -0.005 -15"><span class='ocrx_word' id='word_1_65' title='bbox 163 1755 227 1813; x_wconf 88' lang='lat' dir='ltr'><strong>lium</strong></span> <span class='ocrx_word' id='word_1_66' title='bbox 257 1756 283 1810; x_wconf 92' lang='lat' dir='ltr'><strong>iu</strong></span> <span class='ocrx_word' id='word_1_67' title='bbox 313 1772 376 1810; x_wconf 90' lang='lat' dir='ltr'><strong>eum</strong></span> <span class='ocrx_word' id='word_1_68' title='bbox 405 1771 520 1818; x_wconf 85' lang='lat' dir='ltr'><strong>annunt,</strong></span> <span class='ocrx_word' id='word_1_69' title='bbox 551 1772 606 1826; x_wconf 76' lang='lat' dir='ltr'><strong>aquo</strong></span> <span class='ocrx_word' id='word_1_70' title='bbox 636 1754 828 1809; x_wconf 72' lang='lat' dir='ltr'><strong>Constantinus</strong></span> <span class='ocrx_word' id='word_1_71' title='bbox 852 1753 1003 1808; x_wconf 82' lang='lat' dir='ltr'><strong>vicennalia</strong></span> <span class='ocrx_word' id='word_1_72' title='bbox 1036 1751 1175 1814; x_wconf 78' lang='lat' dir='ltr'><strong>celebravit,</strong></span> 
     </span>
     <span class='ocr_line' id='line_1_12' title="bbox 163 1838 1178 1914; baseline -0.007 -17"><span class='ocrx_word' id='word_1_73' title='bbox 163 1840 287 1914; x_wconf 86' lang='lat' dir='ltr'><strong>adeoque</strong></span> <span class='ocrx_word' id='word_1_74' title='bbox 316 1839 431 1896; x_wconf 85' lang='lat' dir='ltr'><strong>rtatalcnr</strong></span> <span class='ocrx_word' id='word_1_75' title='bbox 459 1839 564 1912; x_wconf 88' lang='lat' dir='ltr'><strong>irnperii</strong></span> <span class='ocrx_word' id='word_1_76' title='bbox 593 1839 663 1894; x_wconf 89' lang='lat' dir='ltr'><strong>diem</strong></span> <span class='ocrx_word' id='word_1_77' title='bbox 687 1838 861 1913; x_wconf 81' lang='lat' dir='ltr'><strong>exquisitiore</strong></span> <span class='ocrx_word' id='word_1_78' title='bbox 883 1855 982 1910; x_wconf 90' lang='lat' dir='ltr'><strong>pompa</strong></span> <span class='ocrx_word' id='word_1_79' title='bbox 1007 1847 1038 1893; x_wconf 86' lang='lat' dir='ltr'><strong>et</strong></span> <span class='ocrx_word' id='word_1_80' title='bbox 1061 1845 1178 1912; x_wconf 84' lang='lat' dir='ltr'><strong>apparatu</strong></span> 
     </span>
     <span class='ocr_line' id='line_1_13' title="bbox 163 1925 259 1982; baseline 0 0"><span class='ocrx_word' id='word_1_81' title='bbox 163 1925 259 1982; x_wconf 91' lang='lat' dir='ltr'><strong>coluit.</strong></span> 
     </span>
    </p>

    <p class='ocr_par' dir='ltr' id='par_1_5' title="bbox 164 2000 1181 2336">
     <span class='ocr_line' id='line_1_14' title="bbox 251 2000 1181 2082; baseline -0.004 -15"><span class='ocrx_word' id='word_1_82' title='bbox 251 2011 306 2067; x_wconf 74' lang='lat'><strong>821</strong></span> <span class='ocrx_word' id='word_1_83' title='bbox 329 2009 354 2063; x_wconf 93' lang='lat' dir='ltr'><strong>d.</strong></span> <span class='ocrx_word' id='word_1_84' title='bbox 386 2001 418 2063; x_wconf 71' lang='grc' dir='ltr'><strong>ἕν</strong></span> <span class='ocrx_word' id='word_1_85' title='bbox 440 2025 471 2063; x_wconf 78' lang='grc' dir='ltr'><strong>τε</strong></span> <span class='ocrx_word' id='word_1_86' title='bbox 489 2001 613 2082; x_wconf 73' lang='grc' dir='ltr'><strong><em>χρόνοις</em></strong></span> <span class='ocrx_word' id='word_1_87' title='bbox 629 2000 844 2081; x_wconf 68' lang='grc' dir='ltr'><strong>Ἀλεξάνδρου]</strong></span> <span class='ocrx_word' id='word_1_88' title='bbox 887 2006 1028 2075; x_wconf 82' lang='lat' dir='ltr'><strong>Quaenam</strong></span> <span class='ocrx_word' id='word_1_89' title='bbox 1053 2007 1106 2063; x_wconf 88' lang='lat' dir='ltr'><strong>suh</strong></span> <span class='ocrx_word' id='word_1_90' title='bbox 1126 2006 1181 2063; x_wconf 81' lang='lat' dir='ltr'><strong>hle·</strong></span> 
     </span>
     <span class='ocr_line' id='line_1_15' title="bbox 164 2092 1179 2166; baseline -0.004 -16"><span class='ocrx_word' id='word_1_91' title='bbox 164 2095 266 2151; x_wconf 82' lang='lat' dir='ltr'><strong>nandro</strong></span> <span class='ocrx_word' id='word_1_92' title='bbox 288 2092 463 2150; x_wconf 73' lang='lat' dir='ltr'><strong>Alexandriae</strong></span> <span class='ocrx_word' id='word_1_93' title='bbox 479 2092 613 2166; x_wconf 82' lang='lat' dir='ltr'><strong>Episcopo</strong></span> <span class='ocrx_word' id='word_1_94' title='bbox 629 2092 773 2149; x_wconf 84' lang='lat' dir='ltr'><strong>Paschules</strong></span> <span class='ocrx_word' id='word_1_95' title='bbox 788 2092 856 2147; x_wconf 84' lang='lat' dir='ltr'><strong>istac</strong></span> <span class='ocrx_word' id='word_1_96' title='bbox 872 2092 969 2148; x_wconf 88' lang='lat' dir='ltr'><strong>turhae</strong></span> <span class='ocrx_word' id='word_1_97' title='bbox 986 2093 1099 2156; x_wconf 85' lang='lat' dir='ltr'><strong>luerint,</strong></span> <span class='ocrx_word' id='word_1_98' title='bbox 1122 2109 1179 2147; x_wconf 85' lang='lat' dir='ltr'><strong>ans·</strong></span> 
     </span>
     <span class='ocr_line' id='line_1_16' title="bbox 165 2177 1178 2252; baseline -0.004 -18"><span class='ocrx_word' id='word_1_99' title='bbox 165 2196 245 2252; x_wconf 89' lang='lat' dir='ltr'><strong>quam</strong></span> <span class='ocrx_word' id='word_1_100' title='bbox 268 2195 283 2232; x_wconf 90' lang='lat' dir='ltr'><strong>a</strong></span> <span class='ocrx_word' id='word_1_101' title='bbox 305 2195 347 2232; x_wconf 90' lang='lat' dir='ltr'><strong>me</strong></span> <span class='ocrx_word' id='word_1_102' title='bbox 370 2178 480 2241; x_wconf 85' lang='lat' dir='ltr'><strong>lectum,</strong></span> <span class='ocrx_word' id='word_1_103' title='bbox 505 2178 546 2233; x_wconf 85' lang='lat' dir='ltr'><strong>tel</strong></span> <span class='ocrx_word' id='word_1_104' title='bbox 567 2177 698 2233; x_wconf 88' lang='lat' dir='ltr'><strong>auditum.</strong></span> <span class='ocrx_word' id='word_1_105' title='bbox 740 2177 793 2234; x_wconf 87' lang='lat' dir='ltr'><strong>Sed</strong></span> <span class='ocrx_word' id='word_1_106' title='bbox 816 2194 905 2251; x_wconf 91' lang='lat' dir='ltr'><strong>neque</strong></span> <span class='ocrx_word' id='word_1_107' title='bbox 927 2180 991 2251; x_wconf 85' lang='lat' dir='ltr'><strong>quis</strong></span> <span class='ocrx_word' id='word_1_108' title='bbox 1013 2177 1178 2234; x_wconf 72' lang='lat' dir='ltr'><strong>Crescentem</strong></span> 
     </span>
     <span class='ocr_line' id='line_1_17' title="bbox 164 2262 757 2336; baseline -0.007 -15"><span class='ocrx_word' id='word_1_109' title='bbox 164 2263 209 2321; x_wconf 88' lang='lat' dir='ltr'><strong>ille</strong></span> <span class='ocrx_word' id='word_1_110' title='bbox 232 2263 322 2318; x_wconf 87' lang='lat' dir='ltr'><strong>luerit.</strong></span> <span class='ocrx_word' id='word_1_111' title='bbox 353 2262 490 2331; x_wconf 76' lang='lat' dir='ltr'><strong>Quaerant</strong></span> <span class='ocrx_word' id='word_1_112' title='bbox 512 2262 627 2336; x_wconf 89' lang='lat' dir='ltr'><strong>amplius</strong></span> <span class='ocrx_word' id='word_1_113' title='bbox 649 2262 757 2321; x_wconf 89' lang='lat' dir='ltr'><strong>eruditi.</strong></span> 
     </span>
    </p>

    <p class='ocr_par' dir='ltr' id='par_1_6' title="bbox 163 2339 1180 2677">
     <span class='ocr_line' id='line_1_18' title="bbox 252 2339 1178 2417; baseline -0.006 -11"><span class='ocrx_word' id='word_1_114' title='bbox 252 2349 311 2406; x_wconf 81' lang='lat'><strong>822</strong></span> <span class='ocrx_word' id='word_1_115' title='bbox 328 2365 353 2403; x_wconf 90' lang='lat' dir='ltr'><strong>a.</strong></span> <span class='ocrx_word' id='word_1_116' title='bbox 383 2343 425 2413; x_wconf 68' lang='grc' dir='ltr'><strong>εἰς</strong></span> <span class='ocrx_word' id='word_1_117' title='bbox 447 2349 537 2403; x_wconf 85' lang='grc' dir='ltr'><strong><em>τοῦτο</em></strong></span> <span class='ocrx_word' id='word_1_118' title='bbox 560 2343 594 2403; x_wconf 74' lang='grc' dir='ltr'><strong>δὲ</strong></span> <span class='ocrx_word' id='word_1_119' title='bbox 617 2340 644 2402; x_wconf 79' lang='grc' dir='ltr'><strong>οἱ</strong></span> <span class='ocrx_word' id='word_1_120' title='bbox 668 2339 753 2403; x_wconf 81' lang='lat' dir='ltr'><strong>uairol</strong></span> <span class='ocrx_word' id='word_1_121' title='bbox 772 2339 944 2417; x_wconf 76' lang='lat' dir='ltr'><strong>Addaurot&#39;]</strong></span> <span class='ocrx_word' id='word_1_122' title='bbox 971 2345 1178 2403; x_wconf 69' lang='lat' dir='ltr'><strong>Constitutione</strong></span> 
     </span>
     <span class='ocr_line' id='line_1_19' title="bbox 163 2431 1178 2506; baseline -0.005 -15"><span class='ocrx_word' id='word_1_123' title='bbox 163 2433 334 2506; x_wconf 75' lang='lat' dir='ltr'><strong>‚lpostolicas</strong></span> <span class='ocrx_word' id='word_1_124' title='bbox 356 2433 388 2488; x_wconf 89' lang='lat' dir='ltr'><strong>ad</strong></span> <span class='ocrx_word' id='word_1_125' title='bbox 412 2433 512 2489; x_wconf 88' lang='lat' dir='ltr'><strong>erroris</strong></span> <span class='ocrx_word' id='word_1_126' title='bbox 535 2433 578 2488; x_wconf 92' lang='lat' dir='ltr'><strong>sui</strong></span> <span class='ocrx_word' id='word_1_127' title='bbox 601 2433 778 2505; x_wconf 80' lang='lat' dir='ltr'><strong>patrocinium</strong></span> <span class='ocrx_word' id='word_1_128' title='bbox 800 2431 958 2488; x_wconf 75' lang='lat' dir='ltr'><strong>adferebant</strong></span> <span class='ocrx_word' id='word_1_129' title='bbox 974 2432 1101 2487; x_wconf 79' lang='lat' dir='ltr'><strong>hudiani.</strong></span> <span class='ocrx_word' id='word_1_130' title='bbox 1130 2431 1178 2499; x_wconf 76' lang='lat' dir='ltr'><strong>nn</strong></span> 
     </span>
     <span class='ocr_line' id='line_1_20' title="bbox 164 2517 1177 2589; baseline 0.001 -14"><span class='ocrx_word' id='word_1_131' title='bbox 164 2520 193 2575; x_wconf 89' lang='lat' dir='ltr'><strong>in</strong></span> <span class='ocrx_word' id='word_1_132' title='bbox 215 2518 284 2575; x_wconf 84' lang='lat' dir='ltr'><strong>libro</strong></span> <span class='ocrx_word' id='word_1_133' title='bbox 307 2526 438 2575; x_wconf 90' lang='lat' dir='ltr'><strong>statutum</strong></span> <span class='ocrx_word' id='word_1_134' title='bbox 462 2527 520 2573; x_wconf 89' lang='lat' dir='ltr'><strong>erat</strong></span> <span class='ocrx_word' id='word_1_135' title='bbox 543 2518 581 2573; x_wconf 92' lang='lat' dir='ltr'><strong>uti</strong></span> <span class='ocrx_word' id='word_1_136' title='bbox 598 2518 699 2574; x_wconf 86' lang='lat' dir='ltr'><strong>Pascha</strong></span> <span class='ocrx_word' id='word_1_137' title='bbox 722 2518 817 2573; x_wconf 87' lang='lat' dir='ltr'><strong>eodem</strong></span> <span class='ocrx_word' id='word_1_138' title='bbox 842 2527 965 2589; x_wconf 85' lang='lat' dir='ltr'><strong>tempore</strong></span> <span class='ocrx_word' id='word_1_139' title='bbox 991 2517 1177 2576; x_wconf 79' lang='lat' dir='ltr'><strong>celebraretur.</strong></span> 
     </span>
     <span class='ocr_line' id='line_1_21' title="bbox 164 2601 1180 2677; baseline -0.002 -17"><span class='ocrx_word' id='word_1_140' title='bbox 164 2621 220 2677; x_wconf 85' lang='lat' dir='ltr'><strong>quo</strong></span> <span class='ocrx_word' id='word_1_141' title='bbox 242 2602 309 2660; x_wconf 89' lang='lat' dir='ltr'><strong>illud</strong></span> <span class='ocrx_word' id='word_1_142' title='bbox 331 2604 429 2659; x_wconf 83' lang='lat' dir='ltr'><strong>iratres</strong></span> <span class='ocrx_word' id='word_1_143' title='bbox 452 2602 568 2666; x_wconf 88' lang='lat' dir='ltr'><strong>ohirent,</strong></span> <span class='ocrx_word' id='word_1_144' title='bbox 592 2603 637 2674; x_wconf 93' lang='lat' dir='ltr'><strong>qui</strong></span> <span class='ocrx_word' id='word_1_145' title='bbox 661 2620 676 2658; x_wconf 89' lang='lat' dir='ltr'><strong>e</strong></span> <span class='ocrx_word' id='word_1_146' title='bbox 698 2602 894 2658; x_wconf 81' lang='lat' dir='ltr'><strong>circoncisione</strong></span> <span class='ocrx_word' id='word_1_147' title='bbox 916 2602 943 2656; x_wconf 91' lang='lat' dir='ltr'><strong>in</strong></span> <span class='ocrx_word' id='word_1_148' title='bbox 964 2601 1106 2658; x_wconf 83' lang='lat' dir='ltr'><strong>Christum</strong></span> <span class='ocrx_word' id='word_1_149' title='bbox 1128 2617 1180 2658; x_wconf 79' lang='lat' dir='ltr'><strong>crc-</strong></span> 
     </span>
    </p>

    <p class='ocr_par' dir='ltr' id='par_1_7' title="bbox 98 2686 1184 3525">
     <span class='ocr_line' id='line_1_22' title="bbox 98 2686 1179 2751; baseline -0.006 -6"><span class='ocrx_word' id='word_1_150' title='bbox 98 2747 101 2751; x_wconf 63' lang='grc'>,</span> <span class='ocrx_word' id='word_1_151' title='bbox 147 2689 298 2745; x_wconf 75' lang='lat' dir='ltr'><strong>-didernnt</strong></span> <span class='ocrx_word' id='word_1_152' title='bbox 329 2687 410 2744; x_wconf 90' lang='lat' dir='ltr'><strong>Cuius</strong></span> <span class='ocrx_word' id='word_1_153' title='bbox 433 2687 497 2743; x_wconf 92' lang='lat' dir='ltr'><strong>dicti</strong></span> <span class='ocrx_word' id='word_1_154' title='bbox 519 2688 682 2744; x_wconf 90' lang='lat' dir='ltr'><strong>sententiam</strong></span> <span class='ocrx_word' id='word_1_155' title='bbox 704 2687 835 2744; x_wconf 90' lang='lat' dir='ltr'><strong>eiusmodi</strong></span> <span class='ocrx_word' id='word_1_156' title='bbox 858 2704 920 2743; x_wconf 88' lang='lat' dir='ltr'><strong>esse</strong></span> <span class='ocrx_word' id='word_1_157' title='bbox 935 2686 1076 2750; x_wconf 76' lang='lat' dir='ltr'><strong>volebant,</strong></span> <span class='ocrx_word' id='word_1_158' title='bbox 1100 2695 1130 2743; x_wconf 91' lang='lat' dir='ltr'><strong>ut</strong></span> <span class='ocrx_word' id='word_1_159' title='bbox 1142 2687 1179 2740; x_wconf 91' lang='lat' dir='ltr'><strong>ln·</strong></span> 
     </span>
     <span class='ocr_line' id='line_1_23' title="bbox 164 2771 1178 2836; baseline -0.004 -4"><span class='ocrx_word' id='word_1_160' title='bbox 164 2774 240 2832; x_wconf 87' lang='lat' dir='ltr'><strong>dnico</strong></span> <span class='ocrx_word' id='word_1_161' title='bbox 264 2775 327 2836; x_wconf 86' lang='lat' dir='ltr'><strong>ritu,</strong></span> <span class='ocrx_word' id='word_1_162' title='bbox 353 2774 404 2829; x_wconf 92' lang='lat' dir='ltr'><strong>hoc</strong></span> <span class='ocrx_word' id='word_1_163' title='bbox 427 2782 469 2828; x_wconf 89' lang='lat' dir='ltr'><strong>est</strong></span> <span class='ocrx_word' id='word_1_164' title='bbox 496 2775 531 2830; x_wconf 85' lang='grc'><strong>14</strong></span> <span class='ocrx_word' id='word_1_165' title='bbox 555 2772 638 2836; x_wconf 85' lang='lat' dir='ltr'><strong>tuna,</strong></span> <span class='ocrx_word' id='word_1_166' title='bbox 663 2772 806 2828; x_wconf 87' lang='lat' dir='ltr'><strong>Christiani</strong></span> <span class='ocrx_word' id='word_1_167' title='bbox 829 2772 930 2829; x_wconf 86' lang='lat' dir='ltr'><strong>Pascha</strong></span> <span class='ocrx_word' id='word_1_168' title='bbox 952 2771 1090 2828; x_wconf 83' lang='lat' dir='ltr'><strong>lacerent.</strong></span> <span class='ocrx_word' id='word_1_169' title='bbox 1118 2771 1178 2828; x_wconf 87' lang='lat' dir='ltr'><strong>Con-</strong></span> 
     </span>
     <span class='ocr_line' id='line_1_24' title="bbox 164 2856 1179 2934; baseline -0.004 -19"><span class='ocrx_word' id='word_1_170' title='bbox 164 2869 205 2915; x_wconf 87' lang='lat' dir='ltr'><strong>tra</strong></span> <span class='ocrx_word' id='word_1_171' title='bbox 228 2876 298 2934; x_wconf 89' lang='lat' dir='ltr'><strong>quos</strong></span> <span class='ocrx_word' id='word_1_172' title='bbox 317 2858 482 2931; x_wconf 79' lang='lat' dir='ltr'><strong>Epiphanius</strong></span> <span class='ocrx_word' id='word_1_173' title='bbox 504 2856 582 2913; x_wconf 87' lang='lat' dir='ltr'><strong>aliter</strong></span> <span class='ocrx_word' id='word_1_174' title='bbox 604 2857 742 2913; x_wconf 90' lang='lat' dir='ltr'><strong>decretum</strong></span> <span class='ocrx_word' id='word_1_175' title='bbox 765 2857 889 2931; x_wconf 80' lang='lat' dir='ltr'><strong>exponit:</strong></span> <span class='ocrx_word' id='word_1_176' title='bbox 913 2856 1044 2912; x_wconf 88' lang='lat' dir='ltr'><strong>nimirum</strong></span> <span class='ocrx_word' id='word_1_177' title='bbox 1069 2857 1140 2931; x_wconf 85' lang='lat' dir='ltr'><strong>paris</strong></span> <span class='ocrx_word' id='word_1_178' title='bbox 1156 2863 1179 2910; x_wconf 85' lang='lat' dir='ltr'><strong>et</strong></span> 
     </span>
     <span class='ocr_line' id='line_1_25' title="bbox 164 2935 1181 3016; baseline -0.003 -16"><span class='ocrx_word' id='word_1_179' title='bbox 164 2943 325 3000; x_wconf 85' lang='lat' dir='ltr'><strong>concordiae</strong></span> <span class='ocrx_word' id='word_1_180' title='bbox 347 2943 438 2999; x_wconf 90' lang='lat' dir='ltr'><strong>studio</strong></span> <span class='ocrx_word' id='word_1_181' title='bbox 461 2943 639 2999; x_wconf 90' lang='lat' dir='ltr'><strong>constitutum</strong></span> <span class='ocrx_word' id='word_1_182' title='bbox 663 2941 696 2998; x_wconf 90' lang='lat' dir='ltr'><strong>ah</strong></span> <span class='ocrx_word' id='word_1_183' title='bbox 714 2943 861 3016; x_wconf 75' lang='lat' dir='ltr'><strong>Apostolisu</strong></span> <span class='ocrx_word' id='word_1_184' title='bbox 886 2951 916 2998; x_wconf 92' lang='lat' dir='ltr'><strong>ut</strong></span> <span class='ocrx_word' id='word_1_185' title='bbox 937 2941 1063 3014; x_wconf 87' lang='lat' dir='ltr'><strong>qnandiu</strong></span> <span class='ocrx_word' id='word_1_186' title='bbox 1087 2935 1117 2998; x_wconf 81' lang='lat' dir='ltr'><strong>oi</strong></span> <span class='ocrx_word' id='word_1_187' title='bbox 1136 2937 1181 3012; x_wconf 81' lang='lat' dir='ltr'><strong>lp·</strong></span> 
     </span>
     <span class='ocr_line' id='line_1_26' title="bbox 163 3024 1182 3102; baseline 0.001 -20"><span class='ocrx_word' id='word_1_188' title='bbox 163 3024 321 3102; x_wconf 78' lang='lat' dir='ltr'><strong>nepr&#39;nopoa</strong></span> <span class='ocrx_word' id='word_1_189' title='bbox 338 3027 481 3084; x_wconf 84' lang='lat' dir='ltr'><strong>Christiani</strong></span> <span class='ocrx_word' id='word_1_190' title='bbox 497 3026 691 3100; x_wconf 83' lang='lat' dir='ltr'><strong>Hierosolymis</strong></span> <span class='ocrx_word' id='word_1_191' title='bbox 714 3028 899 3101; x_wconf 79' lang='lat' dir='ltr'><strong>praesiderent</strong></span> <span class='ocrx_word' id='word_1_192' title='bbox 921 3026 1009 3100; x_wconf 78' lang='lat' dir='ltr'><strong>(qnod</strong></span> <span class='ocrx_word' id='word_1_193' title='bbox 1031 3028 1068 3083; x_wconf 88' lang='lat' dir='ltr'><strong>ad</strong></span> <span class='ocrx_word' id='word_1_194' title='bbox 1084 3024 1182 3083; x_wconf 80' lang='lat' dir='ltr'><strong>hdriani</strong></span> 
     </span>
     <span class='ocr_line' id='line_1_27' title="bbox 163 3111 1182 3186; baseline -0.001 -20"><span class='ocrx_word' id='word_1_195' title='bbox 163 3129 252 3184; x_wconf 89' lang='lat' dir='ltr'><strong>usque</strong></span> <span class='ocrx_word' id='word_1_196' title='bbox 281 3122 403 3185; x_wconf 88' lang='lat' dir='ltr'><strong>tcurpora</strong></span> <span class='ocrx_word' id='word_1_197' title='bbox 427 3113 618 3185; x_wconf 84' lang='lat' dir='ltr'><strong>perseveravit)</strong></span> <span class='ocrx_word' id='word_1_198' title='bbox 647 3111 679 3167; x_wconf 91' lang='lat' dir='ltr'><strong>ah</strong></span> <span class='ocrx_word' id='word_1_199' title='bbox 703 3112 735 3167; x_wconf 89' lang='lat' dir='ltr'><strong>iis</strong></span> <span class='ocrx_word' id='word_1_200' title='bbox 758 3130 792 3168; x_wconf 89' lang='lat' dir='ltr'><strong>ne</strong></span> <span class='ocrx_word' id='word_1_201' title='bbox 814 3112 992 3168; x_wconf 84' lang='lat' dir='ltr'><strong>dissentirent</strong></span> <span class='ocrx_word' id='word_1_202' title='bbox 1015 3112 1132 3186; x_wconf 82' lang='lat' dir='ltr'><strong>reliqui.</strong></span> <span class='ocrx_word' id='word_1_203' title='bbox 1157 3126 1182 3166; x_wconf 82' lang='lat' dir='ltr'><strong>ac</strong></span> 
     </span>
     <span class='ocr_line' id='line_1_28' title="bbox 165 3195 1182 3272; baseline 0.001 -23"><span class='ocrx_word' id='word_1_204' title='bbox 165 3196 206 3251; x_wconf 76' lang='lat' dir='ltr'><strong>sel</strong></span> <span class='ocrx_word' id='word_1_205' title='bbox 235 3195 394 3252; x_wconf 88' lang='lat' dir='ltr'><strong>aberrantes</strong></span> <span class='ocrx_word' id='word_1_206' title='bbox 426 3207 608 3268; x_wconf 86' lang='lat' dir='ltr'><strong>sequerentur</strong></span> <span class='ocrx_word' id='word_1_207' title='bbox 633 3197 723 3269; x_wconf 89' lang='lat' dir='ltr'><strong>potius</strong></span> <span class='ocrx_word' id='word_1_208' title='bbox 751 3213 831 3272; x_wconf 90' lang='lat' dir='ltr'><strong>qnam</strong></span> <span class='ocrx_word' id='word_1_209' title='bbox 855 3196 991 3253; x_wconf 75' lang='lat' dir='ltr'><strong>Ecclesiae</strong></span> <span class='ocrx_word' id='word_1_210' title='bbox 1014 3197 1182 3254; x_wconf 82' lang='lat' dir='ltr'><strong>concordiam</strong></span> 
     </span>
     <span class='ocr_line' id='line_1_29' title="bbox 163 3279 1182 3354; baseline 0.007 -19"><span class='ocrx_word' id='word_1_211' title='bbox 163 3279 310 3335; x_wconf 82' lang='lat' dir='ltr'><strong>solverent.</strong></span> <span class='ocrx_word' id='word_1_212' title='bbox 340 3279 419 3336; x_wconf 80' lang='lat' dir='ltr'><strong>nutu</strong></span> <span class='ocrx_word' id='word_1_213' title='bbox 441 3290 469 3336; x_wconf 86' lang='lat' dir='ltr'><strong>et</strong></span> <span class='ocrx_word' id='word_1_214' title='bbox 485 3280 535 3336; x_wconf 83' lang='lat' dir='ltr'><strong>alin</strong></span> <span class='ocrx_word' id='word_1_215' title='bbox 551 3281 682 3354; x_wconf 84' lang='lat' dir='ltr'><strong>quaedam</strong></span> <span class='ocrx_word' id='word_1_216' title='bbox 698 3299 730 3339; x_wconf 83' lang='lat' dir='ltr'><strong>ex</strong></span> <span class='ocrx_word' id='word_1_217' title='bbox 745 3282 839 3339; x_wconf 88' lang='lat' dir='ltr'><strong>eodem</strong></span> <span class='ocrx_word' id='word_1_218' title='bbox 856 3282 1095 3338; x_wconf 88' lang='lat' dir='ltr'><strong>Constitutiounm</strong></span> <span class='ocrx_word' id='word_1_219' title='bbox 1112 3280 1182 3342; x_wconf 69' lang='lat' dir='ltr'><strong>lihto-</strong></span> 
     </span>
     <span class='ocr_line' id='line_1_30' title="bbox 163 3364 1184 3440; baseline 0.003 -21"><span class='ocrx_word' id='word_1_220' title='bbox 163 3381 233 3436; x_wconf 88' lang='lat' dir='ltr'><strong>quae</strong></span> <span class='ocrx_word' id='word_1_221' title='bbox 255 3364 336 3437; x_wconf 86' lang='lat' dir='ltr'><strong>paulo</strong></span> <span class='ocrx_word' id='word_1_222' title='bbox 359 3374 421 3436; x_wconf 86' lang='lat' dir='ltr'><strong>post</strong></span> <span class='ocrx_word' id='word_1_223' title='bbox 443 3366 611 3422; x_wconf 77' lang='lat' dir='ltr'><strong>viderimus·</strong></span> <span class='ocrx_word' id='word_1_224' title='bbox 628 3367 665 3422; x_wconf 88' lang='lat' dir='ltr'><strong>lte</strong></span> <span class='ocrx_word' id='word_1_225' title='bbox 681 3367 842 3440; x_wconf 66' lang='lat' dir='ltr'><strong>apostolicis</strong></span> <span class='ocrx_word' id='word_1_226' title='bbox 857 3366 922 3423; x_wconf 85' lang='lat' dir='ltr'><strong>iiscc</strong></span> <span class='ocrx_word' id='word_1_227' title='bbox 938 3366 1184 3424; x_wconf 82' lang='lat' dir='ltr'><strong>Constitutionihnt</strong></span> 
     </span>
     <span class='ocr_line' id='line_1_31' title="bbox 164 3448 1184 3525; baseline 0.001 -21"><span class='ocrx_word' id='word_1_228' title='bbox 164 3448 316 3505; x_wconf 88' lang='lat' dir='ltr'><strong>dubitatum</strong></span> <span class='ocrx_word' id='word_1_229' title='bbox 339 3466 354 3504; x_wconf 87' lang='lat' dir='ltr'><strong>a</strong></span> <span class='ocrx_word' id='word_1_230' title='bbox 376 3450 513 3506; x_wconf 86' lang='lat' dir='ltr'><strong>nonnullis</strong></span> <span class='ocrx_word' id='word_1_231' title='bbox 530 3452 668 3524; x_wconf 78' lang='lat' dir='ltr'><strong>praefatur</strong></span> <span class='ocrx_word' id='word_1_232' title='bbox 683 3451 858 3525; x_wconf 84' lang='lat' dir='ltr'><strong>Epiphanius.</strong></span> <span class='ocrx_word' id='word_1_233' title='bbox 888 3453 948 3520; x_wconf 76' lang='lat' dir='ltr'><strong>Quo</strong></span> <span class='ocrx_word' id='word_1_234' title='bbox 962 3452 1063 3508; x_wconf 86' lang='lat' dir='ltr'><strong>eodem</strong></span> <span class='ocrx_word' id='word_1_235' title='bbox 1080 3451 1184 3508; x_wconf 84' lang='lat' dir='ltr'><strong>nomiae</strong></span> 
     </span>
    </p>

    <p class='ocr_par' dir='ltr' id='par_1_8' title="bbox 110 3534 1184 3696">
     <span class='ocr_line' id='line_1_32' title="bbox 110 3534 1183 3611; baseline 0.004 -26"><span class='ocrx_word' id='word_1_236' title='bbox 110 3578 114 3585; x_wconf 81' lang='lat'><em>.</em></span> <span class='ocrx_word' id='word_1_237' title='bbox 164 3534 384 3591; x_wconf 84' lang='lat' dir='ltr'><strong>circunleruntur</strong></span> <span class='ocrx_word' id='word_1_238' title='bbox 405 3534 484 3590; x_wconf 89' lang='lat' dir='ltr'><strong>hodie</strong></span> <span class='ocrx_word' id='word_1_239' title='bbox 507 3535 534 3591; x_wconf 93' lang='lat' dir='ltr'><strong>in</strong></span> <span class='ocrx_word' id='word_1_240' title='bbox 557 3544 620 3593; x_wconf 92' lang='lat' dir='ltr'><strong>octo</strong></span> <span class='ocrx_word' id='word_1_241' title='bbox 641 3536 725 3592; x_wconf 90' lang='lat' dir='ltr'><strong>libros</strong></span> <span class='ocrx_word' id='word_1_242' title='bbox 748 3536 900 3600; x_wconf 84' lang='lat' dir='ltr'><strong>distinctae,</strong></span> <span class='ocrx_word' id='word_1_243' title='bbox 922 3552 995 3611; x_wconf 85' lang='lat' dir='ltr'><strong>qnae</strong></span> <span class='ocrx_word' id='word_1_244' title='bbox 1017 3536 1183 3610; x_wconf 86' lang='lat' dir='ltr'><strong>apriorihns</strong></span> 
     </span>
     <span class='ocr_line' id='line_1_33' title="bbox 163 3618 1184 3696; baseline 0.004 -23"><span class='ocrx_word' id='word_1_245' title='bbox 163 3618 224 3683; x_wconf 87' lang='lat' dir='ltr'><strong>illis,</strong></span> <span class='ocrx_word' id='word_1_246' title='bbox 248 3635 279 3674; x_wconf 91' lang='lat' dir='ltr'><strong>ac</strong></span> <span class='ocrx_word' id='word_1_247' title='bbox 302 3619 477 3675; x_wconf 90' lang='lat' dir='ltr'><strong>nihilominus</strong></span> <span class='ocrx_word' id='word_1_248' title='bbox 498 3618 597 3684; x_wconf 86' lang='lat' dir='ltr'><strong>dubiis,</strong></span> <span class='ocrx_word' id='word_1_249' title='bbox 621 3639 736 3696; x_wconf 90' lang='lat' dir='ltr'><strong>quarum</strong></span> <span class='ocrx_word' id='word_1_250' title='bbox 759 3622 881 3678; x_wconf 90' lang='lat' dir='ltr'><strong>meminit</strong></span> <span class='ocrx_word' id='word_1_251' title='bbox 896 3619 1078 3694; x_wconf 78' lang='lat' dir='ltr'><strong>Epiphanius,</strong></span> <span class='ocrx_word' id='word_1_252' title='bbox 1100 3621 1184 3677; x_wconf 79' lang='lat' dir='ltr'><strong>diuer-</strong></span> 
     </span>
    </p>

    <p class='ocr_par' dir='ltr' id='par_1_9' title="bbox 112 3702 1184 4121">
     <span class='ocr_line' id='line_1_34' title="bbox 112 3702 1184 3779; baseline 0.004 -21"><span class='ocrx_word' id='word_1_253' title='bbox 112 3714 209 3768; x_wconf 67' lang='lat' dir='ltr'><strong>meae</strong></span> <span class='ocrx_word' id='word_1_254' title='bbox 239 3702 371 3759; x_wconf 83' lang='lat' dir='ltr'><strong>videntur.</strong></span> <span class='ocrx_word' id='word_1_255' title='bbox 417 3704 520 3760; x_wconf 88' lang='lat' dir='ltr'><strong>Etenim</strong></span> <span class='ocrx_word' id='word_1_256' title='bbox 550 3706 670 3779; x_wconf 88' lang='lat' dir='ltr'><strong>quinque</strong></span> <span class='ocrx_word' id='word_1_257' title='bbox 699 3723 730 3762; x_wconf 86' lang='lat' dir='ltr'><strong>ex</strong></span> <span class='ocrx_word' id='word_1_258' title='bbox 760 3707 811 3763; x_wconf 92' lang='lat' dir='ltr'><strong>illis</strong></span> <span class='ocrx_word' id='word_1_259' title='bbox 840 3706 992 3763; x_wconf 76' lang='lat' dir='ltr'><strong>sentcntiae</strong></span> <span class='ocrx_word' id='word_1_260' title='bbox 1016 3707 1071 3763; x_wconf 89' lang='lat' dir='ltr'><strong>hoc</strong></span> <span class='ocrx_word' id='word_1_261' title='bbox 1094 3714 1123 3762; x_wconf 88' lang='lat' dir='ltr'><strong>et</strong></span> <span class='ocrx_word' id='word_1_262' title='bbox 1142 3719 1184 3762; x_wconf 76' lang='lat' dir='ltr'><strong>se·</strong></span> 
     </span>
     <span class='ocr_line' id='line_1_35' title="bbox 163 3788 1182 3865; baseline 0.011 -24"><span class='ocrx_word' id='word_1_263' title='bbox 163 3788 258 3860; x_wconf 80' lang='lat' dir='ltr'><strong>quenti</strong></span> <span class='ocrx_word' id='word_1_264' title='bbox 286 3790 374 3861; x_wconf 90' lang='lat' dir='ltr'><strong>capite</strong></span> <span class='ocrx_word' id='word_1_265' title='bbox 401 3790 535 3852; x_wconf 87' lang='lat' dir='ltr'><strong>citantur,</strong></span> <span class='ocrx_word' id='word_1_266' title='bbox 565 3806 635 3863; x_wconf 89' lang='lat' dir='ltr'><strong>quae</strong></span> <span class='ocrx_word' id='word_1_267' title='bbox 658 3791 684 3848; x_wconf 92' lang='lat' dir='ltr'><strong>in</strong></span> <span class='ocrx_word' id='word_1_268' title='bbox 707 3791 821 3865; x_wconf 79' lang='lat' dir='ltr'><strong>vulgatis</strong></span> <span class='ocrx_word' id='word_1_269' title='bbox 844 3807 977 3864; x_wconf 86' lang='lat' dir='ltr'><strong>nusquam</strong></span> <span class='ocrx_word' id='word_1_270' title='bbox 999 3789 1182 3864; x_wconf 72' lang='lat' dir='ltr'><strong>reperiuntur.</strong></span> 
     </span>
     <span class='ocr_line' id='line_1_36' title="bbox 163 3872 1181 3951; baseline 0.004 -25"><span class='ocrx_word' id='word_1_271' title='bbox 163 3872 217 3927; x_wconf 90' lang='lat' dir='ltr'><strong>imo</strong></span> <span class='ocrx_word' id='word_1_272' title='bbox 246 3888 309 3927; x_wconf 88' lang='lat' dir='ltr'><strong>vero</strong></span> <span class='ocrx_word' id='word_1_273' title='bbox 338 3875 472 3930; x_wconf 90' lang='lat' dir='ltr'><strong>contraria</strong></span> <span class='ocrx_word' id='word_1_274' title='bbox 500 3875 632 3949; x_wconf 90' lang='lat' dir='ltr'><strong>quaedam</strong></span> <span class='ocrx_word' id='word_1_275' title='bbox 661 3877 687 3931; x_wconf 93' lang='lat' dir='ltr'><strong>in</strong></span> <span class='ocrx_word' id='word_1_276' title='bbox 716 3876 748 3931; x_wconf 90' lang='lat' dir='ltr'><strong>iis</strong></span> <span class='ocrx_word' id='word_1_277' title='bbox 776 3876 915 3951; x_wconf 77' lang='lat' dir='ltr'><strong>leguntur.</strong></span> <span class='ocrx_word' id='word_1_278' title='bbox 959 3875 1027 3932; x_wconf 86' lang='lat' dir='ltr'><strong>Nam</strong></span> <span class='ocrx_word' id='word_1_279' title='bbox 1052 3879 1132 3940; x_wconf 66' lang='lat' dir='ltr'><strong>etc</strong></span> <span class='ocrx_word' id='word_1_280' title='bbox 1152 3873 1181 3930; x_wconf 85' lang='lat' dir='ltr'><strong>dt</strong></span> 
     </span>
     <span class='ocr_line' id='line_1_37' title="bbox 162 3957 1183 4035; baseline 0 -22"><span class='ocrx_word' id='word_1_281' title='bbox 162 3957 302 4017; x_wconf 85' lang='lat' dir='ltr'><strong>Paschatis</strong></span> <span class='ocrx_word' id='word_1_282' title='bbox 330 3957 487 4016; x_wconf 83' lang='lat' dir='ltr'><strong>celebritate</strong></span> <span class='ocrx_word' id='word_1_283' title='bbox 510 3960 677 4017; x_wconf 87' lang='lat' dir='ltr'><strong>Catholicunr</strong></span> <span class='ocrx_word' id='word_1_284' title='bbox 703 3961 800 4034; x_wconf 78' lang='lat' dir='ltr'><strong>dogma</strong></span> <span class='ocrx_word' id='word_1_285' title='bbox 824 3961 962 4035; x_wconf 63' lang='lat' dir='ltr'><strong>propmm</strong></span> <span class='ocrx_word' id='word_1_286' title='bbox 985 3960 1121 4026; x_wconf 82' lang='lat' dir='ltr'><strong>edicitur,</strong></span> <span class='ocrx_word' id='word_1_287' title='bbox 1148 3959 1183 4015; x_wconf 89' lang='lat' dir='ltr'><strong>uti</strong></span> 
     </span>
     <span class='ocr_line' id='line_1_38' title="bbox 162 4041 1182 4121; baseline -0.001 -23"><span class='ocrx_word' id='word_1_288' title='bbox 162 4051 226 4114; x_wconf 88' lang='lat' dir='ltr'><strong>post</strong></span> <span class='ocrx_word' id='word_1_289' title='bbox 246 4041 454 4118; x_wconf 80' lang='lat' dir='ltr'><strong>Aequinoctium</strong></span> <span class='ocrx_word' id='word_1_290' title='bbox 483 4045 660 4102; x_wconf 90' lang='lat' dir='ltr'><strong>instauretur.</strong></span> <span class='ocrx_word' id='word_1_291' title='bbox 705 4046 772 4102; x_wconf 82' lang='lat' dir='ltr'><strong>Turn</strong></span> <span class='ocrx_word' id='word_1_292' title='bbox 802 4065 837 4104; x_wconf 92' lang='lat' dir='ltr'><strong>ne</strong></span> <span class='ocrx_word' id='word_1_293' title='bbox 865 4063 927 4103; x_wconf 90' lang='lat' dir='ltr'><strong>cum</strong></span> <span class='ocrx_word' id='word_1_294' title='bbox 950 4046 1057 4102; x_wconf 85' lang='lat' dir='ltr'><strong>ludaeis</strong></span> <span class='ocrx_word' id='word_1_295' title='bbox 1080 4053 1182 4121; x_wconf 75' lang='lat' dir='ltr'><strong>agatur.</strong></span> 
     </span>
    </p>
   </div>
   <div class='ocr_carea' id='block_1_4' title="bbox 0 0 1302 4822">
    <p class='ocr_par' dir='ltr' id='par_1_10' title="bbox 0 0 1302 4822">
     <span class='ocr_line' id='line_1_39' title="bbox 0 0 1302 4822; baseline 0 0"><span class='ocrx_word' id='word_1_296' title='bbox 0 0 1302 4822; x_wconf 95' lang='lat' dir='ltr'><strong> </strong></span> 
     </span>
    </p>
   </div>
  </div>
 </body>
</html>
