2586 4822
215 775 263 828 111.
297 778 362 827 ιιι
379 778 455 827 ιιισ
472 777 544 827 σοι
559 779 718 829 κνιετον
732 780 950 832 mmmm.
1052 770 1091 833 33

10 924 248 1012 Μιλπιχείοις.
290 923 394 994 θεῖ’
376 954 395 1013 η
419 928 567 1014 θυγάτηρ
592 928 717 1013 Φαραὼ
740 924 971 996 λοῦσασθαι’
952 955 1094 1016 απερχο-

78 1029 154 1111 μένη
186 1014 259 1109 εὗρε
289 1026 436 1110 λαβοῦσα
463 1024 520 1090 τὸν
543 1029 703 1114 Μωυσῆν.
751 1023 770 1112 ἡ
800 1028 836 1093 δὲ
863 1031 921 1093 τοῦ
943 1034 1092 1113 Χριστοῦ

80 1118 239 1202 ἓκκλησία,
262 1120 317 1188 καὶ
339 1122 486 1208 θυγάτηρ
508 1123 734 1206 βαπτίζεσθαι
757 1124 916 1207 λαμβάνει
937 1127 1092 1210 Χριστόν,

80 1215 132 1284 οῦκ
157 1214 227 1285 άπὸ
249 1220 357 1309 θηβης
385 1230 592 1307 τριμηνιαίον
621 1215 665 1298 ιῦς
688 1224 847 1309 Μωυσῆν,
886 1217 954 1287 ἀλλ’
980 1222 1014 1289 ἐκ
1035 1227 1093 1290 τοῦ

80 1315 186 1403 τάφου
209 1318 383 1404 τριήμερον
407 1313 632 1402 άντὶίλίωυσῆ.
671 1317 736 1384 ἐκεῖ
749 1322 896 1397 τυπικῶς
916 1323 969 1386 καὶ
984 1341 1117 1390 κόκκυ-5

82 1418 175 1497 ρινιῦς
198 1415 237 1479 τὸ
260 1415 372 1497 πάσχα
395 1411 412 1479 ό
433 1410 559 1500 Ἰσραὴλ
574 1416 737 1500 ἐποίησεν,
763 1415 908 1482 ἐνταῦθα
924 1423 1094 1503 φωτεινῶς

81 1536 110 1577 τε
132 1515 186 1577 καί
210 1507 371 1600 ἦμερινιῦς
393 1513 431 1577 τὸ
447 1514 559 1595 πάσχα
575 1512 779 1596 ἑορτάζομεν,
808 1512 873 1580 ε’κεῖ
895 1514 980 1599 πρὸς
995 1516 1095 1583 ἑσπέ-

80 1633 135 1690 ραν
158 1612 225 1675 τεῦν
248 1610 371 1694 χρόνων
393 1614 451 1675 τοῦ
475 1612 603 1688 αἰῶνος,
636 1610 701 1677 ἐκεῖ
723 1610 758 1675 αί
780 1614 845 1675 τιῦν
868 1615 975 1697 φλοῦν
991 1613 1096 1697 θάραι

76 1710 122 1791 τῷ
147 1707 264 1790 αίματι
287 1705 442 1791 ἐχρίοντο.
487 1710 633 1774 ἐνταῦθα
656 1709 690 1774 αί
712 1711 777 1772 τῶν
805 1712 934 1774 πιστῶν
964 1714 1096 1795 καρδίαι

52 1807 126 1919 ρτηῖ
149 1807 209 1869 τοῦ
233 1809 382 1889 Χριστοῦ
406 1808 642 1892 σφραγίζοντοι
670 1831 795 1887 αιματι.
840 1805 905 1871 ἐκεῖ
932 1833 1095 1896 νυκτερινη
1106 1825 1134 1877 10

66 1925 114 1984 ιν
138 1909 255 1980 θυσία,
278 1929 333 1967 και
356 1906 443 1968 νυκτὶ
467 1900 486 1990 ἦ
508 1907 566 1989 τῆς
582 1903 726 1986 ἐρυθρᾶς
741 1902 915 1988 θαλάσσης
931 1904 1094 1988 διάβασις.

61 1995 225 2064 ἐνταῦθα
249 2008 394 2082 σωτηρία
416 2005 469 2066 καὶ
494 2025 637 2087 φωτεινη
666 2028 684 2086 η
707 2024 766 2085 της
788 1999 932 2084 ἐρυθρᾶς
955 2005 1012 2067 τοῦ
1034 2011 1096 2086 βα-

58 2103 264 2179 πτίσματος
286 2096 445 2163 θάλασσα
466 2101 518 2164 καὶ
543 2099 742 2183 ποριζοόσης
764 2095 802 2162 τὸ
824 2100 891 2180 πῦρ
914 2102 972 2165 τοῦ
996 2101 1104 2166 πνεό-·

56 2213 196 2272 ματος·
230 2194 264 2260 ίν
287 2184 314 2279 ᾦ
328 2198 380 2261 καί
399 2200 528 2277 πνεῦμα
543 2199 626 2262 θεοῦ
644 2190 783 2284 άληθῶς
799 2198 996 2284 ἐπιφέρεται
1011 2194 1094 2281 όμοῦ

58 2294 131 2356 καί
155 2291 379 2377 ἐπιφαίνεται,
403 2296 455 2359 καὶ
480 2294 537 2359 ἐπὶ
559 2298 617 2359 τοῦ
640 2290 741 2360 αὐτοῦ
759 2292 888 2372 ὕδατος,
912 2294 945 2360 ἐν
969 2284 995 2379 ᾦ
1019 2319 1095 2362 συν·
1106 2310 1133 2362 15

59 2385 273 2475 τρίβεται(
255 2417 265 2452 ι
303 2391 426 2476 κεφαλὴ
461 2394 518 2456 τοῦ
553 2391 728 2474 δράκοντος
763 2396 815 2458 καὶ
846 2389 1002 2474 ἄρχοντος
1029 2397 1095 2460 τῶν

64 2480 266 2565 δρακόντων
281 2492 347 2553 τῶν
363 2489 562 2571 δαιμονικιῦν
577 2492 635 2552 τοῦ
658 2489 814 2571 διαβόλου
830 2490 927 2553 λαῶν.
958 2488 1074 2555 ἐκεῖ
1038 2514 1095 2557 τον

63 2569 203 2671 ίσραηλ
233 2589 406 2670 νυκτερινοῦ
429 2589 579 2670 Μωυσῆς
600 2587 754 2668 βαπτίζει
774 2593 997 2671 βαπτίσματι
1031 2585 1096 2654 ι’κεί

52 2682 247 2767 Ωκεφίλη
213 2707 271 2747 τον
287 2684 366 2749 λαόν
382 2689 506 2760 σκέπει,
530 2683 587 2748 τὸν
611 2684 646 2749 δὲ
663 2686 812 2767 ,Χριστοῦ
828 2679 941 2749 λαὸν(
922 2710 941 2768 η
959 2682 1096 2766 όόναμις

76 2781 139 2842 τοῦ
167 2775 313 2856 ὑψίστου
342 2779 536 2860 ἐπισκιάζει.
587 2780 652 2846 ε’κεῖ
679 2784 738 2847 τοῦ
768 2782 848 2845 λαοῦ
878 2785 1047 2859 σωθέντος
1061 2777 1134 2896 ’ἤια

82 2874 255 2954 Μωυσέως
271 2878 419 2962 Μαρία’
406 2879 583 2962 εχόρευσευ.
618 2878 765 2944 ενταῦθα
788 2879 823 2943 δὲ
845 2880 904 2942 τοῦ
928 2878 1007 2942 λαοῦ
1030 2881 1095 2944 τῶν

86 2966 188 3039 εθνιῦν
213 2976 313 3058 σωζοι
314 2972 440 3062 ιίνουὴ
424 2980 523 3041 ντοῦ
543 2980 692 3061 λριστοῦ
716 2975 866 3061 ἐκκλησία
889 2974 947 3040 σὺν
970 2974 1096 3054 πάσαις

10 3108 14 3131 .·
90 3061 179 3156 αῦιης
200 3084 275 3151 ταῖς
298 3013 481 3159 ἕκκλησίόιις
504 3071 665 3156 εορτάζει·
704 3072 769 3139 ε’·κεῖ
791 3075 848 3159 τῆς
878 3078 1014 3150 κτίσεως
1035 3077 1097 3138 πέ-

94 3185 146 3251 τρᾳ
165 3171 367 3257 προσφεόχει
389 3174 555 3257 Μωυσης
590 3171 736 3237 ἐνταῦθα
757 3195 816 3255 της
831 3176 1096 3256 πίστεωςπέτρᾳ
1167 3190 1177 3201 ’

98 3267 284 3354 προυφεόχει
307 3264 325 3332 ό
348 3269 435 3346 λαός.
474 3270 540 3335 ε’κεῖ
562 3268 596 3333 αἱ
620 3266 742 3345 πλάκες
764 3268 798 3333 αἱ
820 3270 950 3350 νομικοὶ
967 3274 1135 3352 συντρί-λῑ

100 3360 209 3443 ίλθνται,
244 3365 303 3451 τὴν
331 3369 389 3431 τοῦ
412 3366 513 3449 νόμου
538 3363 691 3449 διάβασιν
720 3363 903 3450 μηνόουσαι
932 3360 1014 3447 ὁμοῦ
1042 3367 1095 3431 καί

102 3459 278 3529 παλαίωσιν.
326 3463 472 3530 ἐνταῦθα
508 3465 543 3529 δὲ
572 3463 603 3528 οί
633 3468 726 3528 θεῖοι
760 3461 856 3543 νόμοι
884 3456 1098 3548 άδιάρρηκτοι

104 3551 250 3633 σώζονται.
290 3562 356 3628 ἐκεῖ
377 3561 499 3645 μόσχος
523 3560 696 3642 ίχωνεόετο
721 3560 767 3637 είς
789 3558 846 3647 τὴν
868 3562 926 3624 τοῦ
951 3561 1031 3624 λαοῦ
1046 3585 1097 3625 τι·

104 3664 215 3736 μωρίαν.
254 3659 402 3725 ἐνταῦθα
425 3660 460 3724 δὲ
483 3657 500 3722 ό
524 3653 626 3740 άμνὸς
647 3661 706 3723 τοῦ
730 3660 813 3723 θεοῦ
835 3657 955 3723 θόεται
978 3657 1024 3735 είς
1039 3655 1096 3744 τὴν

105 3749 149 3809 ²⁰³3
168 3754 243 3821 λαοῦ
267 3764 440 3842 σωτηρίαν
488 3755 553 3822 ἐκεῖ
576 3755 686 3840 ῥάβδῳ
710 3760 815 3837 πέτρα
836 3752 1012 3868 τόπτεται,
1047 3753 1097 3819 ἐν·
1105 3772 1136 3825 κο

88 3846 193 3951 λλξαῦθα
208 3854 244 3920 δε
258 3852 406 3938 Χριστός
428 3881 446 3941 η
471 3859 577 3936 πέτρα
599 3852 655 3940 τὴν
678 3850 872 3934 πλευρὰν
839 3870 1003 3918 νυττεται·
1032 3849 1098 3916 εκεῖ

107 3927 207 4052 λλλωρ’
193 3977 227 4018 εκ
247 3977 306 4040 της
328 3951 487 4035 πίτρας’
474 3954 651 4035 εξέρχειαι·
682 3950 827 4017 ενταῦθα
842 3946 925 4033 αἷμα
939 3972 994 4014 και
986 3944 1097 4032 ῦόωρ

108 4029 133 4097 λλ
150 4041 306 4120 ζωοποιοῦ
330 4050 475 4132 πλευρᾶς
496 4048 685 4135 πηχάζεται.
720 4042 869 4115 ἐκεῖνοι
855 4044 1097 4133 ορτυχομήτροιν

146 4139 276 4200 Είὶρίιιοίυε.
297 4151 359 4199 IV..
340 4153 351 4177 θ
931 4149 945 4198 3
