2586 4822
480 839 770 891 auruunreusrouas.
965 860 969 869 ·
1096 823 1137 885 55

108 992 181 1052 nibil
209 1009 292 1066 supra
319 993 503 1049 coniecturam
526 1010 556 1050 ae
579 993 746 1069 probabilem
769 995 925 1069 opinionem
947 993 1056 1051 babeat.
1100 993 1134 1050 Et

109 1077 223 1152 quidem
252 1094 314 1134 eum
342 1077 391 1134 tria
414 1079 486 1151 apud
507 1079 621 1136 ludaeos
643 1089 706 1136 ante
729 1080 866 1137 Christum
888 1088 1024 1135 sectarum
1046 1079 1133 1152 capita

111 1163 229 1227 luerint,
259 1163 482 1227 Pharisaeorum,
512 1164 730 1221 Sadducaeorum
754 1175 782 1222 et
802 1166 982 1229 bissenorum,
1011 1172 1135 1220 caeterae
1214 1176 1227 1196 ·

111 1265 219 1311 omnes,
243 1264 312 1320 quae
334 1246 367 1303 ab
390 1248 556 1322 Epiphanio,
583 1252 624 1306 vel
647 1250 705 1306 aliis
727 1259 921 1313 memorantur,
945 1248 1078 1305 Haereses
1101 1249 1136 1304 ad

112 1333 221 1389 illarum
243 1333 395 1407 quampiam
417 1335 515 1390 merito
538 1344 709 1399 revocantur,
732 1354 746 1390 a
769 1353 822 1408 qua
844 1335 920 1390 initio
936 1334 1133 1407 profluxerunt.

112 1419 274 1490 Quanquam
303 1418 430 1491 paulatim
460 1421 535 1475 noris
558 1421 591 1475 ad
614 1421 767 1476 institutum
791 1419 887 1475 ritibus
910 1435 941 1474 ac
963 1418 1135 1492 dogmatibus

111 1503 286 1566 adliciendis,
316 1512 363 1559 aut
391 1513 486 1560 eontra
514 1505 650 1561 veteribus
674 1505 840 1570 rejiciendis,
870 1504 984 1559 multum
1007 1521 1021 1559 a
1045 1505 1136 1576 priore

113 1589 202 1645 ferma
231 1587 397 1644 dellexerint.
444 1590 624 1658 Quamobrem
654 1590 688 1646 ab
711 1591 820 1647 bissenis
844 1590 962 1644 tlssenos
988 1589 1054 1644 istos
1078 1605 1137 1643 ma-

112 1691 196 1729 nasse
219 1672 347 1729 credibile
371 1682 427 1740 est;
452 1678 558 1730 tametsi
581 1677 695 1749 plurima
719 1676 770 1731 illis
793 1675 926 1731 contraria
942 1674 1067 1747 dogmata
1084 1675 1136 1728 tls-

112 1759 173 1814 seni
199 1760 372 1831 postmodum
396 1760 586 1824 adstruxerim,
610 1761 683 1833 quod
706 1778 737 1815 eu
760 1760 856 1833 Epipb.
880 1767 1005 1815 constare
1029 1768 1129 1832 potest.

204 1871 282 1925 iba.
314 1858 471 1943 ὥρμηνται
495 1863 528 1924 tl
550 1850 648 1944 οὗτοι]
686 1870 761 1925 todo
790 1877 817 1925 et
845 1869 982 1943 Sampsaei
1012 1869 1135 1942 proiecti.

114 1954 167 2025 Qui
191 1954 258 2009 meri
282 1963 346 2008 suot
369 1954 473 2018 Osseoi,
498 1956 550 2010 nisi
572 1955 644 2030 quod
668 1956 700 2009 ad
717 1972 892 2032 communem
915 1954 1136 2027 superstitionem

116 2048 268 2112 utcumque
291 2039 434 2094 Christiani
458 2041 574 2095 nominis
599 2041 796 2112 professionem
818 2040 1004 2095 adiunxerant.
1035 2038 1137 2093 llorum

115 2125 201 2198 igitur
230 2124 392 2180 domicilium
416 2125 442 2179 in
466 2124 565 2181 Peraea
589 2126 653 2189 luit,
684 2134 713 2181 ut
736 2125 846 2180 llaeresi
871 2124 908 2185 53
932 2125 1062 2196 seriptum
1086 2132 1137 2187 est,

116 2204 216 2285 πέραν
236 2211 290 2283 τῆς
311 2201 441 2279 divers,
469 2201 536 2284 ἤτοι
562 2212 668 2285 νεκρᾶς
689 2204 878 2284 καλουμένης
899 2201 1078 2282 θαλάσσης,
1107 2203 1139 2263 ἓν

117 2296 154 2373 τῇ
178 2289 361 2365 Μωαβίτιδι
380 2289 470 2376 χώρᾳ
492 2292 559 2371 rrepl
584 2289 637 2350 τὸν
653 2288 843 2371 χειμάῤῥοιιν
859 2288 975 2369 'liguria
996 2294 1046 2350 καὶ
1069 2287 1138 2349 εἠἕ-

116 2398 217 2449 aratro,
248 2374 279 2435 ἓν
305 2381 343 2457 τῇ
363 2372 498 2460 'laevet-‘p
527 2375 576 2435 καὶ
602 2377 784 2451 Νιιβαττίὸι.
829 2380 866 2435 Er
894 2380 993 2452 quibus
1016 2378 1138 2435 fortassis

117 2464 286 2522 emendanda
310 2482 358 2519 vex
382 2467 435 2539 τῆς
453 2457 663 2541 Ἀρηΐλίιιιὶὀς,
688 2482 756 2537 qnae
780 2466 832 2520 boc
854 2465 914 2520 loeo
938 2464 1045 2537 legitur,
1069 2479 1138 2535 quae

118 2566 253 2623 nimquam
277 2550 427 2623 reperitur,
452 2567 556 2625 proque
580 2567 610 2605 ea
633 2549 853 2604 substituendum
874 2541 1089 2626 Ἁριοηρίτιδος
1105 2546 1138 2601 ab

119 2637 213 2698 breem
232 2652 301 2708 quac
319 2644 346 2691 ct
360 2637 397 2689 Ar
413 2644 533 2695 vocatur.
550 2634 726 2690 Moabitarum
743 2633 811 2689 urbe
826 2633 1052 2705 frequentissima,
1070 2647 1139 2705 quae

119 2720 229 2776 Graecis
253 2711 484 2794 est'ftpednobg,
508 2720 539 2773 ad
563 2728 712 2775 torrentem
729 2723 830 2781 Arnon,
855 2727 884 2773 ut
906 2718 938 2772 atl
961 2735 983 2773 c.
1001 2720 1037 2774 12
1061 2717 1139 2772 losue

119 2803 219 2860 blasius
242 2804 376 2861 observat.
406 2805 556 2860 Possumus
579 2813 606 2860 et
622 2795 835 2880 Ἀρνιονιίιδος
856 2802 1015 2858 atorrentis
1032 2802 1140 2857 nornine

117 2890 251 2964 suspicari
273 2890 414 2963 scriptum.

206 3008 296 3065 τοῦτο
327 3003 360 3064 δὲ
387 3001 421 3065 τὸ
443 3002 528 3084 γένος
550 3008 611 3064 τῶν
631 2999 800 3081 Ὀσσηνῶν]
834 3006 915 3075 Quasi
938 3023 952 3061 a
975 3003 1057 3062 verbo
1080 3015 1140 3077 ιω

119 3094 274 3168 proiectum
298 3094 341 3158 sit,
366 3095 439 3169 quod
461 3095 489 3149 in
511 3097 639 3150 Ararrraea
662 3092 753 3166 lingua
774 3093 876 3164 sortem
898 3108 972 3156 care,
996 3089 1037 3147 vel
1059 3091 1142 3146 robo-

118 3197 188 3234 rurc
212 3180 353 3253 siguificat.
377 3179 420 3234 alii
443 3180 476 3234 ab
500 3179 624 3234 llebraeo
642 3192 689 3237 tta⁹
705 3177 853 3233 deducunt.
884 3176 1004 3251 Scaliger
1020 3192 1074 3230 nen
1090 3175 1143 3229 du-

120 3263 190 3322 bitat
213 3265 278 3338 quin
300 3255 446 3338 Ὀσσηνὸς
468 3274 497 3320 ut
519 3254 661 3338 Ἑσσηνὸς
676 3253 754 3319 κατὰ
770 3254 955 3339 παραγωγὴν
979 3269 1141 3334 conceptum
1220 3304 1223 3311 .

121 3351 157 3406 sit
179 3339 242 3405 ἀπὸ
265 3351 320 3405 τοῦ
342 3362 436 3413 oraora,
461 3359 490 3404 ut
513 3349 584 3404 idem
606 3350 641 3404 sit
660 3341 805 3413 Ὀσσαΐος
827 3356 853 3402 et
876 3337 1030 3420 Ὀσσηνός.
1075 3345 1185 3404 b'amae

121 3434 255 3490 eiusmodi
278 3434 481 3507 Patronymicae
508 3434 666 3489 iulleaiones
695 3434 721 3488 iu
747 3423 818 3507 ηνὸς
840 3431 956 3487 Arabum
980 3439 1007 3486 et
1028 3431 1144 3487 Asiano-
1172 3450 1178 3459 ·
1202 3406 1267 3487 '2²‘

121 3537 183 3576 rum
205 3520 332 3593 propriae
355 3530 427 3583 sunt,
457 3528 485 3574 ut
508 3519 578 3574 idem
601 3535 632 3573 ex
655 3518 794 3592 Stephano
816 3517 844 3572 iu
861 3507 1031 3590 Ἀβασηνός
1053 3516 1142 3581 docet,
1166 3506 1169 3513 ’
1216 3496 1234 3533 ⁸
1257 3516 1260 3521 '

121 3621 185 3661 curn
208 3603 343 3677 Europaei
366 3605 443 3661 aliter
465 3605 592 3659 forment.

208 3705 357 3792 ουνήφθη
385 3707 418 3768 δι’
447 3705 566 3780 τούτοις
586 3705 757 3785 μετέπειτα]
796 3712 833 3767 lle
855 3711 926 3767 Elxai
949 3709 1085 3775 meamne,
1114 3719 1146 3766 ut

116 3799 226 3856 dictatur
249 3809 300 3865 est,
323 3801 350 3856 in
366 3800 573 3871 Sampsaeorum
589 3797 709 3854 llaeresi.
740 3798 817 3866 Quod
839 3805 929 3852 sectae
950 3813 1050 3853 nomen
1074 3813 1144 3859 esse,

125 3884 329 3947 arnhemium,
352 3884 491 3957 proprium
515 3884 645 3939 ariolator
660 3883 788 3956 Scaliger.
818 3882 923 3937 Etenim
945 3881 1076 3937 Arabicus
1099 3898 1140 3936 ar·

124 3970 225 4026 ticulus
254 3966 296 4029 brt
323 3985 384 4024 curn
413 3968 594 4042 appellatione
623 3978 730 4031 sectae,
761 3969 814 4022 boe
836 3975 878 4022 est
900 3977 982 4026 aaron
1003 3958 1145 4030 Ἐσσαῖος

126 4071 224 4111 nornen
247 4054 313 4111 illud
335 4054 441 4126 peperit
455 4051 601 4112 *nombre
616 4046 760 4121 Ἐλξιιῖσς,
782 4042 961 4116 ὅἜσσαῖος.
991 4051 1048 4119 Qua
1064 4049 1145 4104 ctiam

127 4141 231 4196 ratione
253 4140 374 4196 eiusdem
395 4138 479 4195 irater
498 4131 622 4206 Ἰεξοῖος
643 4156 692 4212 pro
714 4128 831 4204 Ἐξαΐος
852 4136 885 4192 ab
901 4134 1050 4209 Epiphanio
1072 4150 1147 4193 nuu-
