2586 4822
154 796 195 858 60
507 807 553 859 εἰ.
590 811 673 858 συντ
691 810 809 858 mm.

155 954 343 1037 ἀθανασίας
366 960 486 1026 ίλπίδα
508 961 747 1027 δελεασθεῖσιν.
778 959 833 1025 διὰ
848 962 946 1024 τοῦτο
963 966 1170 1044 παρεγένετο,

155 1053 193 1121 ού
216 1060 366 1143 σκῆπτρα
387 1062 439 1123 καὶ
464 1057 647 1144 σάλπιγγας
668 1056 880 1142 ἐπαγόμενος,
906 1052 989 1123 ἀλλὰ
1005 1065 1171 1139 πτωχείαν

154 1153 290 1240 ἐσχάτην
314 1154 569 1238 ἐνδεικνύμενος·
608 1151 644 1220 ού
669 1157 747 1242 ξίφη
769 1158 824 1221 καὶ
847 1151 936 1220 όπλα
958 1158 1010 1220 καί
1036 1155 1170 1237 δόρατα,

155 1247 238 1318 ἀλλὰ
250 1261 452 1318 ταπείνωσιν
468 1252 568 1336 άκραν
584 1252 779 1340 φερόμενος·
803 1248 859 1335 ούχ
876 1248 1100 1338 ὁπλοφόρους,
1115 1247 1173 1318 ούκ

130 1344 300 1426 οάσπίδας
320 1351 598 1437 χρυσοκολλήτους
625 1354 677 1415 καί
707 1352 858 1434 θυρεούς,
894 1353 947 1416 καί
970 1351 1089 1434 κράνος
1118 1354 1170 1416 καί

153 1447 301 1530 θώρακα,
338 1445 421 1513 ἀλλὰ
443 1450 614 1569 πραότητα
643 1447 742 1531 ἄκραν
771 1450 823 1513 καί
854 1443 988 1513 άκακίαν
1017 1446 1171 1530 άμετρον,
1206 1464 1234 1517 '1

153 1549 207 1611 καὶ
228 1545 485 1630 μετριότητα
453 1572 510 1632 την
539 1542 621 1628 ύπὲρ
644 1553 762 1629 μέτρον
792 1541 942 1662 όκύριος
962 1545 1123 1628 Χριστὸς,
1154 1542 1172 1611 6

153 1642 235 1720 θεὸς
250 1642 323 1708 ίν
295 1642 391 1708 πιών.
415 1669 467 1709 και
486 1645 631 1729 ἐσείσθη
650 1643 741 1730 φησί,
759 1646 853 1709 πᾶσα
854 1670 886 1760 η
876 1638 1002 1720 (πόλις
1018 1644 1171 1728 λέγουσα,

153 1740 240 1818 τίς)
226 1764 315 1806 εστιν
338 1731 451 1822 οὗτοςς
481 1765 512 1806 οι
504 1742 561 1808 (δὲ
578 1739 669 1823 ὄχλοι
685 1741 803 1862 ε’λεγογ,
828 1729 924 1818 οὗτός
940 1740 1177 1824 ἐστιΧριστός

115 1833 171 1908 1οό
188 1837 387 1923 υίδςΔαγίίδ.
422 1841 475 1905 καὶ
497 1838 711 1906 είσελθῶν’
683 1863 729 1915 εις
750 1836 788 1902 τό
812 1839 900 1921 ἱερὸν
923 1834 940 1902 6
964 1835 1068 1916 όντως
1092 1837 1181 1918 ναός

152 1936 207 2001 καὶ
230 1936 310 2013 θεὸς
334 1932 350 1999 6
374 1937 544 2019 ἱερώτερος
565 1940 617 2003 καὶ
642 1939 699 2000 τοῦ
724 1936 821 2019 ἱεροῦ,
849 1934 992 2021 ἐξήνεγκε
1013 1936 1069 2001 καὶ
1093 1937 1179 2014 τοὺς

152 2033 291 2117 μιαρούς
311 2034 408 2116 ίερεῖς
424 2034 500 2112 τούς
515 2034 728 2118 παρανόμους
749 2036 802 2099 καί
820 2032 1054 2115 κακοτρόπους.
1086 2035 1120 2099 οἱ
1138 2035 1184 2100 δὲ·

153 2132 272 2208 παῖδες
295 2131 503 2214 ἱεροπρεπῶς
526 2126 544 2220 ή
567 2134 770 2215 θεοπρεπῶς
793 2133 826 2198 ἕν
841 2134 886 2216 τῷ
911 2131 987 2216 ίερῶ
1009 2135 1068 2195 τοῦ
1086 2136 1185 2198 θεοῦ

153 2229 292 2305 ἑστῶτες
315 2223 445 2293 ῶσαννά
473 2232 519 2314 τῷ
542 2234 612 2315 θεῷ
638 2234 692 2294 τού
717 2230 805 2312 ίεροῦ
830 2232 965 2313 Χριστῷ
997 2233 1045 2315 τηῖ
1065 2224 1189 2315 Ἰησοῐῐ

115 2321 340 2410 15ἇνέκραζον·
379 2321 510 2392 ῶσαννὰ
531 2331 577 2412 τῷ
601 2328 797 2413 υίηῖΛαβίδ,
822 2329 1016 2413 δωρουμένῳ
1041 2327 1193 2413 εἰρήνην
1218 2336 1234 2388 Ξ

153 2423 187 2491 ἒν
209 2419 336 2508 ούρανῶ
358 2427 410 2488 καὶ
435 2423 532 2503 δόξαν
556 2425 588 2491 ἓν
607 2421 770 2506 ύιγίστσις.
799 2426 959 2507 μακάριαι
975 2428 1041 2489 τῶν
1059 2423 1194 2512 ἔκκλη-

152 2524 233 2587 σιῶν
257 2521 289 2586 αί
313 2521 520 2604 προσδοκίαι,
555 2520 713 2606 μακάριαι
735 2525 801 2588 τῶν
823 2526 1035 2605 Χριστιανῶν
1059 2523 1095 2588 ai
1120 2522 1192 2589 66-

151 2622 256 2696 πίδες,
279 2621 325 2704 τῷ
349 2619 525 2706 είρηνάρχῳ
550 2620 769 2698 πιστεύοντες,
793 2613 814 2706 ἢ
834 2619 892 2703 τήν
915 2620 1042 2705 εἰρήνην
1064 2622 1191 2685 πλου-

149 2717 306 2802 τήσαντες
328 2713 506 2800 ἅνθρωποι
530 2713 672 2802 ἀγγέλων
696 2718 899 2799 συμπολῖται
921 2718 1091 2802 γεγόνασι·
1131 2717 1186 2783 τὰ

112 2814 219 2885 υοάνω
242 2816 294 2878 καὶ
316 2814 404 2879 κάτω
427 2815 547 2897 ἀναμίξ
561 2815 707 2898 Χριστὸς
730 2821 907 2901 πεποίηκε·
935 2826 1006 2893 τοῖς
1030 2809 1180 2899 ἀσωμά-

151 2934 221 2988 τοις
249 2910 325 2987 τούς
351 2912 480 2992 χοϊκούς
507 2910 629 2999 ήνωσε·
664 2920 794 2997 χαίρετε
822 2912 854 2978 ίν
879 2916 1030 2999 Χριστῷ·
1065 2914 1176 2979 πάλιν

151 3008 214 3092 ίρῶ
235 3016 372 3091 χαίρετε.
409 3020 502 3092 χοῖρε
525 3010 656 3096 σφόδρα
679 3010 821 3094 θύγατερ
837 3011 924 3076 Σιών
948 3007 964 3098 ή
984 3016 1041 3076 νέα
1052 3006 1172 3094 Ἰερου-

151 3106 257 3191 σαλήμ
282 3103 299 3190 ή
322 3110 379 3170 τοῦ
402 3111 484 3173 θεοῦ
508 3106 674 3195 ίκκληρία·
713 3108 880 3193 σκόπησον
910 3107 951 3173 τὰ
972 3111 1030 3193 τῆς
1054 3108 1171 3192 ἑορτῆς

151 3227 211 3270 σου
239 3205 472 3288 μυστικώτερα.
518 3205 620 3287 δράιιε
648 3209 712 3270 τῶν
742 3201 914 3288 όρωιιένων
950 3201 1166 3325 ὑψηλότερον,

112 3302 206 3375 κείνα
220 3326 303 3418 γνιρς
318 3297 526 3386 δναγωγικῶς
547 3307 600 3368 καί
616 3303 657 3369 τὰ
672 3303 843 3389 αἰσθητῶς
857 3303 1044 3384 τελούμενα.
1077 3303 1188 3383 τίνοςΒ

147 3399 242 3482 χάριν
272 3394 289 3463 6
318 3397 425 3485 πάντη
454 3401 641 3484 πεζοπόρος
660 3397 781 3487 Ἰησοῦς
809 3405 864 3466 νῦν
898 3405 950 3467 καὶ
978 3401 1081 3483 μόνον
1111 3402 1167 3468 {a}

150 3497 233 3578 ζώου
257 3496 421 3575 ἐκάθισεν,
447 3493 545 3575 αύτός
574 3495 767 3582 ύφούμενος,
802 3503 856 3564 καί
884 3498 942 3583 τήν
971 3498 1003 3565 ἒν
1034 3503 1166 3586 σταυρῷ

149 3590 282 3676 ύψωσιν
311 3594 415 3679 ἑαυτῷ
445 3595 686 3678 αίνιττόμενος,·
729 3604 780 3673 τίς
808 3592 825 3681 ή
855 3603 1024 3663 κατέναντι
1056 3597 1168 3682 κώμη·

149 3693 283 3769 πάντιος
305 3688 323 3775 ή
347 3688 521 3769 άντίθετος
549 3698 601 3758 καὶ
626 3693 756 3758 ε’ναντία
779 3697 825 3779 τῷ
848 3694 959 3780 κόσμῳ
982 3693 1105 3780 γνώμη,
1129 3692 1168 3784 ήν

110 3789 305 3874 ηοίκτήσατο
329 3784 346 3853 ό
370 3795 539 3854 κατέναντι
570 3793 627 3855 τοῦ
657 3792 862 3873 παραδείσου
887 3793 1085 3871 ἕξοικισθείς
1110 3791 1169 3859 ἅν·

148 3893 299 3970 θρωπος,
323 3886 408 3970 πρὸς
431 3884 467 3950 ὃν
490 3881 682 3955 ἀπέστειλεν
706 3886 723 3953 6
746 3889 894 3973 Χριστός
922 3888 978 3954 δύο
1008 3892 1074 3953 τῶν
1104 3916 1171 3972 μα-

149 3986 278 4069 θητῶν,
313 3978 383 4048 οίον
413 3984 574 4071 διαθήκην
603 3982 703 4050 αὐτοῦ
732 3986 879 4052 παλαιὰν
908 3988 961 4052 καί
986 3991 1076 4061 νέαν,
1110 3987 1171 4065 τὰς

151 4082 208 4147 δύο
232 4080 403 4166 διαθήκας.
441 4087 492 4158 τίς
513 4078 640 4164 ήδνος,·
674 4079 837 4168 ήπαλαιά
859 4084 993 4162 πάντως
1013 4087 1066 4150 καί
1090 4109 1172 4168 μοι·
