2586 4822
385 848 594 907 ιιιιιιιιιιι
611 850 866 910 ιιιοιοιιιιιιε.
995 845 999 849 ’
1067 837 1137 909 stoa

112 1003 150 1067 ab
170 1003 331 1069 lime
350 1004 514 1069 amomi
532 1014 651 1072 mactet,
674 1005 822 1072 οοιιιιιιιι,
834 1008 1040 1071 sieedtcunsiat
1039 1025 1137 1065 aereus

112 1089 181 1154 tait,
210 1089 266 1151 uti
278 1106 331 1152 ιιι
357 1091 509 1157 canusso,
534 1089 657 1164 ιιιιιιιιλιιι
676 1092 789 1187 ιιιιιὼιιι
805 1091 918 1154 theto
936 1110 1031 1154 arses
1036 1094 1137 1155 entitur»

114 1183 197 1237 me
215 1173 315 1249 amus
335 1176 407 1237 enim
431 1184 489 1237 tara
504 1193 602 1249 grates
623 1177 728 1239 nunni
744 1178 822 1240 aerei
841 1179 902 1243 nasi
919 1178 1051 1238 witta.
1079 1177 1135 1238 Sed

115 1259 239 1316 decussis
266 1275 364 1324 aereus
381 1251 549 1335 ἄθροισμα
570 1261 741 1326 luitaaaium
755 1276 905 1324 ttcrsoman
929 1264 1040 1327 domn.
1069 1280 1137 1323 aon*

115 1344 208 1410 tussis,
233 1354 351 1401 centum.
383 1346 513 1401 llenarius
529 1363 602 1411 vero,
620 1356 766 1419 argenteus
782 1365 908 1404 nummus
925 1349 1018 1405 decern
1033 1348 1135 1403 assium

118 1445 259 1486 aereorum
281 1429 344 1487 olim
367 1431 465 1503 pretio,
489 1448 544 1486 non
567 1430 696 1504 pondere,
721 1442 834 1489 taxatus.

199 1504 304 1592 μάρὴς
324 1509 437 1590 μέτρον
458 1510 540 1589 ἐστι’]
571 1515 692 1573 Meminit
714 1519 794 1573 huius
817 1534 959 1576 mensurae
974 1516 1135 1574 Aristoteles

121 1597 197 1658 lib.8
221 1599 255 1657 de
278 1599 346 1656 llist.
368 1600 456 1656 Anim.
480 1603 539 1659 c.9
563 1593 625 1658 ἔστι
649 1595 683 1656 δὲ
704 1593 720 1658 ὁ
742 1594 836 1678 μάρις
855 1592 889 1670 (ἐξ
911 1593 1044 1658 κοτύλαι.
1081 1602 1136 1658 Co·

124 1683 188 1757 tylae
209 1685 266 1741 sive
288 1684 412 1742 heminae
434 1686 461 1741 in
484 1686 601 1742 sextario
624 1685 692 1742 duae
707 1696 780 1742 saint.
811 1686 896 1759 Igitur
910 1686 998 1752 llaris,
1022 1686 1062 1743 vel
1077 1687 1135 1742 lla-

125 1783 163 1824 rcs
183 1770 315 1826 sextarios
338 1769 407 1826 duos
429 1771 510 1844 capit.
550 1771 636 1840 Porro
659 1771 751 1845 hydria
774 1771 843 1826 idem
866 1780 947 1845 atque
970 1789 1037 1828 urna
1060 1772 1136 1828 vide·

128 1861 173 1908 tur.
216 1855 292 1923 Quae
320 1855 433 1928 congios
460 1865 579 1929 quatuor
607 1856 738 1913 continet.
783 1856 900 1929 Congius
923 1856 1054 1912 sextarios
1076 1875 1133 1913 sex.

67 2008 76 2019 ..
128 1935 201 1995 Ιιιιι
230 1957 297 2013 ergo
326 1939 455 1996 Ponticus
483 1940 656 1998 Macedonico
684 1950 713 1997 et
739 1941 901 1997 Aristotelen
935 1942 1021 1998 multo
1049 1943 1136 1998 maior

67 2030 72 2099 ᾖ
131 2031 171 2078 aa
211 2023 277 2080 Nam
306 2024 415 2098 hydrias
443 2025 572 2082 Ponticus
602 2026 668 2081 duas
691 2026 894 2100 complectitur,
924 2027 1017 2100 hydria
1040 2027 1133 2082 decent

67 2140 70 2196 ἱ
131 2109 258 2166 marios.
287 2112 322 2167 At
336 2109 489 2184 Polyaenus
510 2111 528 2167 l.
546 2114 575 2168 4.
605 2110 687 2166 llarin
711 2110 811 2168 habere
833 2111 927 2167 scribit
948 2111 1061 2186 congios
1084 2113 1135 2169 da-

67 2224 69 2257 ;
131 2205 176 2247 oen
195 2195 314 2259 Atticos.
336 2195 460 2268 adeoque
483 2195 613 2252 sextarios
636 2196 782 2269 sexaginta.
827 2195 905 2252 Vides
928 2213 1008 2270 quam
1032 2198 1132 2253 varium

67 2304 70 2311 ·
132 2277 297 2335 etincertum
319 2280 355 2335 sit
377 2297 565 2337 mensurarum
588 2280 738 2337 istiusmodi
760 2281 910 2379 pegotium.

200 2351 279 2420 ὥστε
307 2353 382 2419 error
411 2357 465 2421 τὸν
492 2355 620 2441 κύπρον]
665 2365 721 2421 lmo
751 2354 828 2422 ὥστε
850 2356 979 2420 εἶναι
947 2383 1001 2421 τον
1020 2358 1133 2440 μοίρην.

130 2442 180 2502 dam
213 2448 240 2504 id
273 2450 443 2506 ratiocinatio
475 2449 604 2523 postulat.
649 2449 677 2506 st
706 2450 792 2506 llares
823 2450 929 2524 hydrias
957 2450 1029 2522 capit
1056 2450 1132 2514 duas,

130 2530 209 2604 hydria
232 2534 363 2590 sextarios
386 2534 488 2599 decem,
512 2533 665 2591 necessario
688 2522 774 2591 llares
797 2535 927 2591 sextarios
950 2534 1043 2590 decem
1064 2550 1134 2589 con·

129 2616 192 2674 tinet.

199 2695 332 2779 Κύπρος
352 2695 437 2780 παρὰ
459 2705 523 2772 τοῖς
545 2721 650 2771 αοτοις
663 2700 841 2778 Ποντικοῖς]
871 2694 1003 2779 Κύπρου
1019 2714 1046 2760 et
1061 2696 1133 2778 ἡμι-

125 2778 234 2865 ιιέιιρου
261 2788 364 2888 meptio
389 2797 432 2845 est
454 2790 526 2862 apud
547 2789 684 2845 Pollucem
709 2793 737 2853 4,
755 2790 803 2846 24.
832 2787 983 2861 llesychius
1006 2781 1134 2883 Κύπρος

67 2882 69 2893 ·
121 2865 228 2949 μέτρον
249 2862 401 2948 σιτήριον,
422 2864 441 2948 ἢ
463 2865 630 2950 κεφάλαιον
651 2866 801 2948 ἀριθμοῦ.
840 2875 936 2928 heram
959 2890 1025 2946 ergo
1048 2872 1133 2945 signi-

121 2955 177 3013 teat
199 2966 351 3030 praeterea.
382 2958 437 3015 Sed
450 2958 627 3032 Epiphaniani
649 2959 743 3015 calculi
765 2975 890 3032 perversa
913 2957 1057 3014 subductio
1080 2967 1131 3014 est.

117 3039 215 3097 Scribit
237 3041 308 3097 enim
332 3042 448 3117 Cyprum
464 3043 605 3100 Ponticum
629 3061 659 3100 ex
682 3044 778 3101 modiis
800 3042 907 3099 duobus
930 3043 1035 3106 confici,
1060 3042 1131 3115 quod

116 3126 202 3198 ipsura
231 3126 407 3184 choenicibus
438 3129 558 3202 quinque
584 3127 813 3185 circunscrihitur.
857 3127 995 3183 Ambosne
1017 3128 1131 3193 modios,
1183 3179 1186 3182 .

114 3227 146 3266 an
170 3211 295 3285 singulos
310 3211 439 3269 Ponticos
463 3213 573 3269 totidem
597 3224 722 3270 constare
744 3206 920 3269 choenicihus
943 3221 1053 3276 statuat,
1077 3230 1132 3268 non

114 3297 181 3352 satis
203 3296 331 3353 declarat.
376 3298 430 3354 Sed
453 3308 600 3373 utcumque
623 3308 747 3363 censeat,
771 3299 839 3354 ratio
862 3298 971 3354 minime
993 3298 1131 3354 cohaeret.

112 3380 201 3437 Sunto
235 3382 316 3438 modii
348 3383 403 3439 duo
431 3384 576 3456 quinorum
604 3384 774 3439 choenicum.
820 3385 885 3438 Cum
915 3383 997 3455 igitur
1018 3383 1132 3439 choenix

111 3466 185 3541 apud
208 3467 336 3523 Ponticos
358 3468 489 3524 sextarios
511 3468 598 3540 capiat
619 3468 754 3541 quinque,
778 3477 859 3523 eruut
881 3468 908 3523 iu
931 3467 1019 3541 Cypro
1042 3477 1133 3524 sexta-

111 3552 144 3607 rii
167 3551 292 3625 quinque
313 3561 341 3608 et
362 3552 470 3627 viginti,
499 3569 553 3608 non
576 3552 677 3626 viginti.
722 3553 826 3622 Quare,
849 3553 888 3607 uti
913 3569 1042 3608 numerus
1064 3570 1133 3608 con-

110 3644 178 3699 stet,
202 3637 317 3693 choenix
333 3638 510 3693 sextariorum
526 3646 644 3712 quatuor
657 3637 864 3694 constituendus
879 3645 945 3700 erat,
969 3645 1037 3712 quot
1051 3637 1131 3692 etiarn

111 3720 236 3777 Fannius
262 3723 391 3796 assignat.
436 3723 492 3778 Etsi
520 3723 622 3778 diversa
651 3723 684 3779 de
713 3723 850 3779 choenicis
876 3721 955 3778 modo
984 3722 1131 3794 scriptores

109 3806 154 3861 alii
185 3805 314 3862 sentiant.
358 3808 430 3881 Lego
460 3808 550 3880 itaque
573 3804 672 3892 χοῖνιξ
700 3798 771 3885 παρ’
795 3801 900 3874 αὐτοῖς
927 3804 1040 3876 §tortor
1067 3800 1130 3863 ἔστι

109 3885 281 3964 τεσσάρων.

201 3968 372 4032 Κόλλαθόν
399 3971 461 4032 ἔστι
491 3971 576 4050 παρὰ
606 3979 670 4045 τοῖς
696 3969 822 4050 Σύροις]
868 3977 961 4032 Satum
995 3975 1132 4031 aridorum

109 4075 269 4116 mensuram
291 4076 352 4116 esse
373 4062 548 4119 consentiunt
569 4079 674 4118 omnes.
711 4063 799 4131 Quare
821 4061 955 4118 notandus
978 4060 1021 4116 hic
1043 4061 1130 4127 locus,

110 4146 158 4218 tyni
180 4137 276 4222 ὑγρὸν
297 4146 378 4202 etiam
400 4156 487 4204 satum
510 4157 712 4205 commemorat.
