2586 4822
127 792 168 862 88
411 806 547 866 mutu
568 811 848 865 tutunut'enstortes

123 970 247 1027 aristeas
269 970 339 1043 apud
363 970 462 1027 lluseb.
485 969 539 1030 1.8
563 985 760 1046 προπαρασκ.
783 979 811 1026 et
832 970 966 1044 losepltus
983 971 1066 1035 lm.
1095 971 1148 1040 Qui

122 1055 303 1129 respondisse
314 1055 478 1112 Demetrium
491 1056 594 1119 volunt,
612 1053 728 1109 ducenta
743 1055 793 1110 iam
810 1071 824 1109 a
840 1073 870 1110 se
885 1055 967 1111 millia
982 1064 1147 1130 comparata,

128 1140 182 1197 ltoc
209 1147 251 1196 est
278 1132 371 1198 eilroor
392 1135 563 1215 μυριάδας,
591 1154 758 1214 sperareque
780 1158 810 1196 so
832 1141 990 1214 propediem
1011 1141 1043 1196 ad
1066 1141 1150 1214 quia-

122 1234 209 1299 ·geuta
230 1225 310 1281 millia
332 1235 526 1299 perventurum
551 1240 613 1282 esse
635 1240 789 1281 numerum.

167 1334 169 1341 ·
219 1314 275 1368 166
292 1311 318 1366 d.
347 1303 432 1385 παρὰ
457 1304 621 1384 Ῥωμαίοις
647 1329 679 1366 τε
708 1307 758 1366 καὶ
790 1306 975 1383 Χαλδαίοις]
1011 1311 1146 1376 Nondum,

121 1397 235 1470 opinor,
259 1396 370 1451 llomuni
400 1413 449 1469 per
475 1395 520 1452 illa
542 1405 664 1469 tempora
687 1396 851 1469 scriptorum
874 1396 950 1470 copia
973 1405 1001 1452 et
1023 1397 1148 1453 authori-

127 1488 184 1538 tate
205 1480 353 1544 llorebant,
377 1497 448 1536 anno
471 1481 527 1537 iere
549 1498 564 1536 a
586 1480 694 1536 condita
716 1480 785 1537 urbe
808 1483 879 1538 470.
915 1481 1069 1554 Olympiade
1092 1482 1148 1537 sci-

121 1566 191 1623 licet
217 1567 284 1622 124.
326 1565 419 1638 Neque
446 1566 589 1640 quicquam
612 1566 756 1623 admodum
778 1574 888 1640 praeter
914 1568 949 1623 12
985 1565 1146 1622 Tabularum

127 1650 213 1725 leges,
236 1660 282 1705 aut
301 1650 461 1706 Pontificum
479 1651 604 1716 Annales,
627 1661 709 1724 atque
731 1650 758 1706 id
780 1668 868 1724 genus
883 1651 998 1707 obscura
1014 1652 1146 1726 quaedam

127 1750 213 1810 penes
236 1751 265 1790 se
288 1733 433 1791 habebant.
464 1737 553 1804 Quare
574 1753 624 1794 vox
636 1729 800 1808 Ῥωμαίοις
820 1752 915 1809 parum
931 1746 1086 1809 opportune
1103 1737 1147 1792 hic

123 1822 241 1884 intrusa,
265 1821 423 1894 praesertim
446 1820 534 1878 alieno
556 1821 626 1886 loco,
650 1821 721 1877 iuter
743 1820 892 1878 Chaldaeos
915 1830 943 1876 et
965 1821 1125 1877 Phoenicas.

214 1896 301 1961 οὔπω
318 1899 482 1978 Ῥωμαίοις
503 1901 712 1980 καλουμένοις]
740 1905 811 1961 llaec
826 1907 982 1979 parenthesi
998 1907 1146 1962 claudenda

121 1991 292 2054 censuimus,
316 2007 385 2063 quae
407 2009 461 2046 non
478 2009 509 2047 ex
526 2008 641 2066 persona
657 1991 785 2047 Demetrii
800 1991 979 2065 llpiplranium
995 2001 1061 2064 puto
1077 1994 1148 2047 scri-

127 2076 229 2150 psisse:
254 2076 332 2131 nimis
355 2076 425 2130 enim
448 2075 565 2132 absurda
586 2094 630 2133 res
654 2085 741 2141 esset,
766 2076 814 2132 sed
836 2077 923 2148 ipsum
946 2075 1096 2132 inculcasse
1119 2087 1148 2133 et

127 2160 160 2217 ad
183 2160 310 2216 Demetrii
333 2160 482 2216 orationem
506 2162 668 2218 adteruisse.
699 2161 856 2234 Quanquam
873 2177 927 2217 nou
942 2162 1032 2216 minus
1047 2160 1149 2217 atsur-

127 2245 191 2301 dum
215 2253 272 2308 est,
296 2245 412 2300 Graecos
435 2245 525 2303 dicere
547 2247 623 2320 prius
645 2246 754 2302 Latinos
777 2245 926 2319 appellatos
949 2263 1024 2310 esse,
1049 2247 1147 2303 deiude

128 2331 272 2386 llomanos.
309 2330 373 2385 llam
398 2330 508 2386 llomani
530 2332 625 2387 Graeci
645 2331 754 2405 quidem
777 2331 862 2387 vocati
885 2340 949 2386 stunt
971 2341 1033 2404 post
1055 2341 1149 2387 trans-

125 2416 211 2472 lttum
234 2415 259 2470 in
284 2415 421 2471 Orientem
444 2416 596 2489 imperium,
621 2415 692 2472 unde
713 2407 882 2490 ἡῬωμαιά
905 2426 931 2471 et
947 2417 1083 2472 Romanus
1099 2433 1149 2472 or-

125 2499 178 2564 itis,
202 2501 249 2555 sed
272 2500 357 2556 Latini
380 2518 517 2574 uunquam
538 2501 664 2576 appellati
685 2510 759 2565 sunt,
784 2518 872 2574 neque
895 2502 987 2557 Graeci
1010 2503 1071 2574 ipsi,
1096 2519 1149 2558 ne·

127 2602 181 2660 qne
203 2585 260 2642 ltali
277 2586 404 2641 Graeciae
422 2602 535 2659 magnae
550 2586 653 2660 populi.
683 2585 815 2660 Suspicor
829 2586 912 2659 igitur
926 2587 978 2642 lnoc
994 2585 1146 2642 membrum

126 2670 192 2727 sete
214 2688 262 2725 sua
286 2671 404 2726 luxatum
428 2690 489 2726 esse
512 2680 539 2728 et
561 2680 624 2745 post
634 2664 798 2744 Ῥωμαίοις
819 2670 1016 2731 collocandum.
1039 2682 1086 2727 aut
1102 2672 1148 2728 illa

120 2755 218 2831 potius
246 2748 331 2827 παρὰ
356 2748 519 2828 Ῥωμαίοις
543 2774 576 2813 τε
602 2765 666 2830 post
693 2751 725 2812 ἓν
752 2759 791 2834 τῇ
819 2749 945 2811 Ἑλλάδι
979 2757 1146 2828 reponenda.

126 2838 202 2903 Nem,
225 2840 264 2894 uti
288 2840 388 2895 dietum
412 2850 462 2904 est,
486 2842 573 2898 alieno
596 2840 656 2897 loco
679 2841 751 2897 inter
773 2841 921 2897 Chaldaeos
945 2849 971 2896 et
995 2841 1147 2898 Phoenices

119 2923 239 2980 domani
261 2924 341 2996 positi
365 2923 497 2979 videntur.

216 3010 271 3064 tot
289 3025 312 3062 a.
347 3002 497 3075 Βασιλεύς
510 3005 717 3082 Πτολεμαῖος]
747 3008 832 3065 Aliter
849 3010 979 3083 epistolae
994 3010 1063 3066 istae
1078 3027 1148 3067 con-

126 3093 264 3167 cipiuntur
286 3092 319 3148 alt
335 3093 438 3148 nrtsrea
462 3102 489 3150 et
512 3111 544 3150 ex
566 3094 661 3150 eodem
684 3094 754 3168 apud
776 3094 922 3168 losephum
946 3104 974 3151 et
989 3095 1145 3160 Eusebium,

12 3202 19 3255 p
126 3194 195 3254 quos
220 3186 247 3233 tu
271 3178 392 3234 consule.
424 3177 487 3234 llam
511 3180 582 3253 apud
604 3179 673 3236 istos
687 3195 742 3234 non
758 3179 863 3235 ludaeis
878 3179 1074 3245 inscribuntur,
1098 3183 1147 3238 sed

125 3262 253 3318 Eleazaro
276 3262 408 3319 Pontifici.

214 3350 271 3405 tot
288 3364 312 3403 e.
344 3338 431 3404 urire>
454 3343 488 3404 de*
503 3339 667 3421 δεξάμενοι
690 3344 740 3404 καὶ
765 3342 820 3422 τὴν
841 3343 1016 3424 ἐπιστολήν]
1040 3350 1148 3407 Gratis·

119 3431 219 3488 *minem
235 3432 365 3488 accidisse
380 3432 503 3488 Pontifici
521 3433 678 3506 ludaeis-que
693 3432 840 3489 Ptolemaei
856 3434 1067 3507 postulationem
1083 3453 1145 3491 eum

119 3516 221 3591 'reliquii
245 3534 355 3581 omnes,
386 3528 442 3574 tum
466 3518 544 3574 Philo
566 3527 593 3574 et
616 3518 763 3591 loseplms,
792 3519 882 3574 ludaei
904 3519 969 3594 ipsi,
998 3527 1144 3576 testantur.

118 3603 160 3659 'nt
182 3602 301 3673 Seanger
324 3603 349 3658 iu
372 3603 494 3659 Animad.
519 3611 545 3658 et
568 3603 594 3658 in
618 3603 723 3675 lsagop.
748 3602 812 3658 Cau.
836 3603 931 3658 lalsum
955 3614 982 3660 et
1004 3622 1147 3660 commen-

119 3684 214 3743 'titium
237 3688 308 3742 istud
333 3704 393 3743 esse
416 3698 501 3761 putat,
526 3705 556 3743 ac
578 3697 682 3743 tantuna
706 3687 801 3743 altesse
823 3697 854 3742 ut
877 3705 907 3743 ea
930 3707 1066 3746 sacrarum
1083 3690 1147 3746 lite-

124 3786 216 3828 rarum
245 3773 431 3845 interpretatio
454 3772 584 3845 voluptati
608 3773 659 3829 illis
682 3773 777 3836 literit,
812 3782 842 3828 ut
864 3784 1009 3845 propterea
1031 3775 1145 3831 solenne

117 3856 254 3913 ieiunium
277 3857 416 3913 decretum
439 3859 474 3913 sit
495 3857 599 3913 'l'cltetlt
613 3860 642 3924 8,
666 3866 695 3913 ut
718 3874 749 3912 en
773 3857 933 3913 llalendario
954 3859 1049 3934 liquet
1086 3861 1146 3916 lau

116 3942 196 4005 'enim
227 3959 258 3998 en
286 3941 333 3998 illo
360 3943 506 4015 praecipue
536 3952 658 4015 tempore
679 3952 841 4016 perpetuum
865 3943 937 3999 inter
957 3943 1095 4000 llebraeos
1119 3953 1147 4001 et

125 4022 287 4084 Hellenistas
310 4027 423 4084 ludaeos
446 4026 594 4082 dissidium.
625 4026 678 4082 Sed
702 4027 751 4083 hac
774 4028 802 4083 iu
824 4044 864 4091 re,
888 4029 927 4084 uti
951 4030 1065 4086 caeteris
1087 4030 1145 4085 lere

119 4108 267 4178 ¹otrruilrus,
297 4112 424 4171 iudieiurn
456 4112 482 4167 in
504 4111 643 4186 Scaligero
667 4127 698 4168 ac
719 4111 890 4187 prudentium
913 4115 1032 4187 requiro.
1079 4115 1145 4183 Quis
