2586 4822
485 847 774 899 sniusovcosmncs.
905 804 913 817 ⁸
1099 834 1139 899 53

118 1017 251 1077 crepare,
282 1002 353 1067 sive,
382 1010 412 1058 nt
441 1003 493 1059 hoe
526 1002 587 1059 loco
616 1004 738 1076 scripsit,
762 1021 776 1059 a
798 1003 899 1060 Scribis
928 1013 956 1061 et
977 1004 1139 1065 Pharisaeis.

119 1085 201 1155 Quod
229 1086 257 1142 si'
275 1103 445 1145 communem
468 1105 529 1144 curn
552 1087 715 1145 Saddueacis
738 1087 911 1163 negationem
933 1090 1140 1151 resurrectionis

119 1172 275 1235 habuerint,
298 1173 403 1245 aliaque
425 1173 566 1246 dogmata,
590 1172 689 1248 quibus
712 1173 757 1229 isti
779 1191 793 1229 a
816 1174 965 1231 pharisaeis
989 1184 1016 1230 et
1039 1172 1140 1235 Scribis

120 1267 265 1329 tantopere
287 1258 479 1316 abhorrebant.
504 1269 533 1313 nt
556 1259 588 1313 ad
612 1258 794 1314 samaritanos
817 1261 985 1322 accederent,
1009 1259 1141 1332 quemad.

118 1344 232 1398 modum
260 1342 287 1398 in
315 1342 422 1398 illorum
452 1343 610 1399 declaranda
639 1343 749 1399 llaeresi
779 1352 894 1400 testatus
925 1354 981 1409 est,
1017 1344 1140 1417 prolecto

119 1428 237 1483 multum
259 1444 320 1483 enm
343 1446 356 1483 a
378 1428 489 1500 reliquis
506 1429 664 1484 ludaeorum
692 1428 863 1493 lectionibus,
888 1437 944 1484 tum
960 1446 974 1484 a
990 1429 1140 1489 Pharisaeis
1155 1444 1180 1487 1³:

119 1530 150 1568 ac
174 1511 277 1568 Scribis
293 1512 543 1585 hemerobaptistae
566 1514 682 1586 separati
706 1522 778 1568 sunt.
810 1513 883 1582 Quae
906 1531 949 1569 me
971 1513 1040 1569 ratio
1063 1531 1141 1570 eom-

120 1606 211 1653 moset
234 1607 265 1652 ut
286 1597 364 1653 aliter
388 1597 528 1670 Epiphanii
551 1598 631 1654 verba
654 1598 855 1671 interpretanda
871 1599 994 1663 iudicem,
1018 1600 1141 1672 adeoque

120 1683 257 1739 contrario
281 1699 361 1737 sensu
387 1699 416 1737 ae
439 1683 514 1754 prior
534 1683 580 1738 illc
603 1693 653 1747 est,
679 1700 759 1757 quem
782 1684 809 1739 in
827 1684 918 1739 Latina
941 1683 1064 1740 versione
1087 1702 1140 1756 po-

119 1768 170 1824 sui.
220 1757 267 1823 Οὐ
289 1761 352 1840 μὴν
374 1763 495 1839 terroe-p
514 1786 564 1839 νη,
589 1769 684 1841 inqitit,
711 1771 775 1834 τοῖς
796 1764 1031 1835 Σαδδουκαίοις.
1077 1768 1140 1825 Non

119 1861 213 1908 tomen
235 1869 296 1907 eum
312 1851 486 1908 Sadducaeis
509 1870 673 1924 congruens.
697 1854 749 1910 boc
772 1871 826 1909 uno
850 1855 944 1925 capite.
970 1854 1042 1931 ipuod
1064 1870 1141 1910 mor·

120 1948 230 1993 tuorum
253 1937 480 1993 resurrectionem
504 1955 568 2001 non,
593 1949 623 1994 ut
646 1939 696 1994 illis
720 1939 805 1994 risum
826 1940 879 2003 est,
903 1937 1140 2013 abnegetrquan-

120 2040 200 2096 quam
224 2023 326 2096 reliqna
348 2024 376 2078 in
399 2023 519 2096 pertidia,
544 2032 571 2079 et
593 2023 721 2079 adsersus
746 2023 880 2080 Christum
906 2023 1049 2096 praecipue
1072 2040 1140 2079 con-

120 2107 251 2169 tumacia.
276 2108 494 2165 Sadducaeorum
517 2126 548 2164 ae
571 2118 738 2165 caeterarum
762 2108 886 2164 Iudaismi
909 2108 1065 2165 llaereseon
1088 2125 1139 2182 ge-

121 2197 190 2248 mina
213 2193 258 2247 sit.

323 2414 364 2467 Ab
389 2412 554 2469 llellESlN
576 2413 654 2468 xt'ttl
678 2413 935 2468 Natattlssoltt'll.

204 2531 335 2587 Nazareni
369 2533 475 2605 ‹pirinmn
507 2533 589 2587 reteri
612 2532 637 2586 in
661 2531 720 2604 lege
745 2532 844 2586 luerint
874 2531 972 2586 nemini
996 2539 1037 2585 est
1059 2531 1140 2602 igno-

121 2626 185 2671 tum.
219 2617 273 2673 Sed
297 2617 313 2670 ii
337 2617 392 2671 lere
415 2616 447 2671 ad
471 2626 587 2689 tempus.
613 2634 665 2671 non
690 2625 822 2689 perpetuo
846 2615 896 2671 sibi
913 2615 1046 2671 delectum
1062 2613 1140 2669 cibo-

120 2719 177 2757 rum
201 2701 320 2757 indicere
336 2711 540 2757 consueverant.
572 2701 688 2756 Tametsi
712 2701 836 2774 perpetui
858 2701 965 2773 quidam
988 2707 1064 2755 eraut
1086 2699 1140 2753 Na-

121 2787 223 2843 zaraei:
247 2786 398 2842 cuiusmodi
422 2787 554 2859 Sampson
578 2787 673 2842 estitit.
721 2785 821 2841 llcimle
844 2803 898 2841 non
921 2801 1008 2858 usque
1032 2801 1064 2840 eo
1087 2783 1140 2839 im-

121 2871 228 2944 pietatis
256 2880 460 2944 processerant,
491 2881 520 2927 ut
542 2872 759 2927 Pentateuclmm
782 2870 862 2926 blosis
892 2887 922 2925 oe
944 2870 1031 2942 legem
1055 2886 1140 2941 repu-

120 2956 234 3020 diarent,
258 2957 330 3031 quod
353 2956 505 3012 Nazarenos
528 2956 596 3012 istos
620 2956 755 3012 lectitasse
777 2955 870 3011 scribit
884 2954 1058 3028 Epiphanius.
1088 2950 1141 3022 Qui

119 3059 172 3097 non
195 3040 278 3096 modo
301 3042 373 3096 iuter
388 3041 546 3096 ludaeorum
567 3048 656 3097 sectas
671 3041 823 3096 Nazarenos
839 3050 972 3104 recenset,
996 3039 1043 3095 sed
1059 3039 1140 3098 etiam

120 3126 280 3183 Christianis
303 3125 439 3181 adscribit.
470 3126 534 3181 Vide
551 3125 680 3182 llaeresin
698 3127 746 3183 29.
792 3125 916 3193 Quamvis
939 3126 991 3180 boe
1014 3124 1137 3187 interest,

120 3211 192 3286 quod
216 3211 338 3267 ludoieos
363 3212 428 3265 istos
453 3207 664 3285 Naoopei'orc,
688 3210 855 3266 Christianos
871 3203 1074 3283 Nolorpar‘occ
1088 3224 1141 3281 ap-

120 3296 211 3368 pellet.
257 3295 327 3351 Sane
351 3296 516 3351 Christianos
539 3296 628 3352 ludaei
653 3310 756 3356 :tarta
779 3295 934 3359 nominant,
963 3303 993 3349 ut
1018 3292 1088 3350 Elios
1112 3292 1140 3349 iu
1184 3360 1187 3365 Ι

120 3380 211 3437 Thisbi
236 3380 330 3442 docet,
354 3398 367 3434 a
390 3380 539 3437 Nazaretbo
564 3381 695 3437 Galilaeae
719 3380 834 3454 oppido;
860 3379 983 3436 Christus
1003 3378 1062 3451 ipse
1084 3376 1140 3433 Na·

119 3482 234 3521 zarcnns
256 3465 406 3538 appellatus
430 3474 480 3528 est.
505 3475 532 3522 et
553 3466 720 3530 Nazaraeos,
744 3474 796 3521 tarn
820 3479 911 3528 Ἣ),
935 3480 1015 3537 (luam
1038 3473 1138 3526 ”tm
1184 3508 1190 3521 .

117 3560 148 3606 ut
163 3549 346 3623 Hieronymus
370 3549 466 3605 indicat
489 3552 514 3604 in
538 3569 562 3606 c.
578 3554 594 3608 3
611 3551 672 3607 blot.
689 3550 814 3605 Nazaraei
838 3558 942 3605 veteres
957 3562 1055 3608 ww:
1071 3563 1138 3620 pro-

108 3636 176 3708 prie
199 3635 295 3700 vocati,
319 3635 395 3707 quasi
416 3636 510 3690 sancti
532 3644 559 3691 et
580 3637 717 3707 reparati.
758 3635 811 3691 Sed
827 3652 887 3690 eum
902 3632 1067 3706 Epiphanius
1083 3631 1139 3687 duo

108 3720 160 3775 illa
183 3735 285 3794 genera
308 3719 451 3784 discernat,
477 3721 602 3793 suspicor
624 3721 738 3793 priores,
762 3729 790 3776 ct
811 3719 934 3775 lodaieos
956 3733 1055 3778 nauita
1076 3715 1139 3772 Na·

112 3822 248 3869 aomos,
273 3805 449 3878 posteriores.
473 3805 519 3876 qui
542 3806 567 3860 in
593 3806 729 3861 Christum
752 3804 930 3864 crediderant.
953 3813 1059 3863 tutavit
1076 3800 1140 3857 Na·

112 3906 240 3946 :urceos
268 3890 410 3946 nominari.
458 3889 520 3945 Vide
549 3889 659 3946 lliemn.
683 3891 710 3945 in
733 3894 802 3946 c.ll
830 3889 931 3946 Esaiae.
976 3886 1139 3945 Philastriuo

109 3970 314 4031 Nazaraeorum
336 3975 462 4031 haeresin
485 3976 556 4030 inter
577 3976 698 4031 ludoieas
720 3984 807 4031 sectas
823 3984 961 4030 numerat:
985 3971 1033 4029 sed
1047 3972 1139 4042 legem

114 4068 145 4115 et
170 4060 324 4134 Prophetas
347 4060 472 4132 amplecti
495 4059 596 4124 scribit,
620 4075 710 4132 neque
725 4060 868 4132 quiequam
884 4060 915 4114 iis
930 4058 1000 4115 aliud
1016 4052 1139 4113 attribuit

114 4160 198 4216 quam
226 4145 301 4220 quod
327 4144 452 4202 Nazaraei
474 4155 579 4202 veteres
601 4145 746 4201 ohservare
769 4142 901 4200 solebant.
946 4144 1005 4211 Quo
1027 4140 1139 4197 uomina
