2586 4822
110 767 151 833 00
397 781 528 835 reram
547 781 833 868 101110101010000

113 939 162 1005 12,
186 947 216 993 ut
238 954 270 993 en
292 937 349 994 Vct.
366 938 490 1012 luseript.
513 947 634 995 constat:
658 936 780 1013 adeoque
801 937 864 993 Per.
879 936 928 993 lul.
944 935 1039 1007 4017,
1062 933 1131 991 uio·

111 1025 238 1098 nysiauac
260 1038 338 1080 aerae
362 1024 433 1081 204.
464 1023 552 1093 Quare
575 1024 609 1079 ad
630 1040 730 1078 annum
754 1025 813 1082 304
823 1060 835 1088 ,1
854 1039 909 1095 quo
931 1039 962 1078 se
983 1019 1132 1077 lliocletia-

111 1125 164 1167 nus
193 1117 220 1164 et
240 1107 414 1165 Maximianus
437 1107 610 1173 abdicarunt,
640 1108 702 1163 anni
725 1117 789 1165 sunt
815 1111 882 1165 101.
927 1106 964 1162 00
986 1122 1041 1180 quo
1064 1106 1131 1161 satis

112 1202 232 1267 apparet,
256 1193 330 1266 quod
351 1209 432 1267 saepe
447 1193 570 1256 diximus,
593 1191 702 1248 biennio
719 1193 834 1249 Annales
848 1191 1052 1257 Ecclesiasticus
1068 1207 1131 1247 esse

113 1278 284 1342 decurtatos,
314 1279 360 1352 qui
391 1295 447 1333 non
476 1278 567 1350 plures
589 1294 670 1350 quam
694 1280 732 1336 90
756 1277 919 1334 Consulatus
941 1278 1130 1349 interponunt.

112 1361 187 1420 Unde
216 1373 243 1418 et
264 1363 364 1419 lrustra
386 1362 508 1419 Zosimus
530 1362 584 1418 illic
606 1363 707 1419 erroris
729 1363 859 1436 arguitur.
904 1361 1024 1418 Indidem
1045 1376 1134 1434 porro

113 1446 243 1521 scaligeri
264 1464 346 1520 snpra
368 1464 383 1503 a
405 1446 484 1502 uobis
507 1446 661 1503 confutatus
683 1464 761 1504 error
783 1448 893 1504 validius
915 1445 1057 1509 refellitur,
1085 1444 1134 1517 qui

112 1532 219 1589 initium
240 1531 397 1588 Diocletiani
419 1532 513 1588 statuit
535 1549 606 1587 anno
630 1532 728 1589 Christi
752 1534 812 1592 287
835 1533 967 1591 001288.
997 1530 1074 1587 Unde
1090 1531 1131 1586 20

113 1617 173 1674 eius
195 1616 292 1673 desinit
314 1634 385 1673 auno
410 1620 467 1674 307
492 1617 533 1673 vel
557 1619 626 1681 308.
650 1617 682 1672 ad
705 1635 786 1691 quem
807 1634 907 1675 annum
930 1635 944 1672 0
971 1615 1135 1679 10801001,

113 1702 170 1759 sire
192 1701 291 1757 Christi
315 1703 390 1765 204,
420 1702 481 1757 anni
504 1711 569 1757 sunt
595 1705 651 1759 101
676 1703 716 1760 vel
743 1707 816 1769 105,
844 1720 915 1767 neu,
945 1714 975 1759 ut
997 1700 1136 1766 Zosimus,

114 1787 174 1861 ipso
197 1785 364 1887 approbante
387 1786 532 1859 Scaligcro,
560 1787 677 1860 scripsit,
706 1792 772 1846 101

199 1864 245 1947 ἐφ
270 1854 314 1927 ὧν
335 1863 480 1947 κραταιὸς
495 1867 570 1927 dato
552 1865 638 1947 γμός]
662 1873 747 1946 large
763 1873 1035 1944 00100000010100100
1052 1871 1136 1927 iidem
1157 1940 1163 1951 ι

114 1956 159 2013 bic
182 1966 322 2029 peccatum
346 1965 396 2012 001.
441 1955 546 2012 Etenim
569 1959 724 2029 persecutio
747 1958 806 2021 illa,
836 1975 942 2030 quasa
965 1957 1135 2014 Diocletiano

114 2050 143 2098 et
165 2040 321 2097 Maximiano
345 2050 440 2114 coepta
463 2050 512 2104 est,
537 2059 605 2115 quac
628 2042 737 2116 quidem
760 2036 905 2118 κραταιὸς
926 2033 1060 2117 διωγμὸς
1081 2042 1135 2099 dici

115 2136 266 2190 mereatur,
289 2142 378 2198 neque
406 2128 441 2183 12
464 2142 549 2181 anuos
572 2128 675 2191 tenuit,
699 2145 788 2203 neque
809 2127 842 2183 ab
865 2126 1078 2201 lmperatoribns
1101 2127 1136 2183 ad

114 2209 215 2267 exitum
237 2211 367 2283 perducta
390 2220 441 2266 est.
470 2210 535 2266 Nam
557 2210 621 2266 licet
643 2221 701 2268 toto
723 2212 779 2269 lere
795 2212 910 2291 >illorum
931 2211 1038 2286 lmperii
1061 2222 1136 2269 teru-

114 2311 182 2370 pore
206 2296 334 2352 saevitum
357 2297 439 2352 sitin
463 2295 644 2361 Christianos,
674 2306 705 2354 ut
728 2315 760 2353 cn
780 2298 854 2354 Actis
876 2297 1010 2354 variorum
1032 2296 1138 2370 Marty-

115 2397 176 2437 rum
199 2380 300 2453 colligit
314 2381 455 2446 Barouius,
477 2380 528 2436 luit
551 2381 618 2437 haec
640 2390 729 2439 tamen
752 2382 869 2439 volitatio
892 2382 1022 2455 quaedam
1036 2398 1071 2438 ac
1086 2398 1137 2438 ru-

115 2465 264 2523 dimentum
287 2465 463 2531 crudelitatis,
487 2483 556 2538 quae
578 2483 628 2540 per
650 2468 752 2540 aliquot
766 2467 912 2541 Martyrum
936 2484 1029 2523 necem
1052 2476 1137 2540 atquc

116 2568 149 2607 ea
170 2550 278 2607 militari
301 2551 460 2624 praesertim
483 2550 593 2616 ordine,
623 2552 655 2607 ad
678 2553 761 2608 totius
785 2551 929 2608 Christiani
951 2552 1069 2608 nominis
1092 2553 1137 2607 iu-

115 2637 300 2692 ternccionem
323 2635 456 2693 ellerhnit.
487 2635 635 2693 htrccioris
650 2654 713 2693 vcro
729 2637 926 2710 persecutionis
941 2637 1047 2693 initium
1062 2653 1139 2694 anuo

115 2720 275 2777 0100100001
302 2725 336 2778 10
365 2720 398 2777 ab
420 2720 538 2779 Eusebio
562 2721 631 2778 llist.
648 2724 676 2786 8,
695 2725 712 2780 3
736 2732 765 2777 et
787 2722 813 2776 in
837 2722 970 2778 Chronico
994 2720 1136 2786 tribuitur,

116 2807 224 2879 quando
254 2822 347 2860 mense
370 2805 464 2862 llartio
493 2807 610 2863 edictum
633 2808 802 2880 propositum
826 2816 869 2862 est
890 2806 922 2863 de
945 2806 1139 2863 subvertendis

116 2888 253 2944 Ecclesiis.
299 2889 366 2945 Tum
394 2890 466 2946 aliud
489 2901 612 2947 secutum
636 2902 678 2947 est
700 2892 732 2947 dc
755 2890 929 2947 Praesulibus
952 2893 1139 2964 comprehcn-

117 2972 212 3029 dendis
235 2982 262 3028 01
284 2972 468 3030 adldolorum
491 2975 592 3031 cultum
616 2976 741 3032 omnibus
764 2977 895 3032 machinis
917 2993 948 3032 00
970 2976 1139 3033 cruciatibus

117 3057 265 3129 adigcudis,
289 3067 370 3132 atque
393 3058 428 3114 ita
449 3059 577 3132 paulatim
600 3060 626 3115 iu
643 3061 809 3117 Christianos
831 3078 925 3118 omnes
948 3061 987 3117 vis
1009 3061 1053 3116 illa
1076 3062 1139 3117 soe-

118 3141 242 3200 dissimae
265 3143 433 3215 tempestatis
456 3143 587 3201 incubuit.
619 3144 721 3202 llorurn
743 3146 863 3202 omnium
886 3155 943 3202 crat
959 3163 990 3202 ex
1005 3145 1140 3212 Eusebio,

117 3226 352 3303 scriptoribusque
379 3230 492 3285 caeteris
521 3247 575 3287 non
604 3240 656 3286 tarn
683 3230 810 3304 impedita
833 3231 915 3295 ratio,
945 3240 1052 3287 utnon
1076 3246 1138 3287 eam

118 3311 159 3368 vel
181 3312 352 3369 mediocriter
373 3314 445 3369 acuti
467 3315 590 3371 homiues
618 3315 757 3388 pervidere
780 3325 901 3388 possent.
946 3320 980 3372 At
1002 3317 1139 3390 losephus

118 3395 239 3468 Scaliger
260 3399 388 3453 maiorem
410 3398 437 3454 in
460 3399 570 3455 modurn
593 3401 752 3473 permiscuit
766 3417 797 3456 ac
809 3400 930 3456 contudit
948 3400 1048 3466 omnia,
1073 3402 1139 3457 duat

119 3497 226 3538 errores
248 3481 388 3539 erroribus
410 3492 522 3540 necteus
543 3501 581 3540 ex·
597 3484 721 3540 absurdis
743 3485 881 3559 principiis
903 3484 1063 3542 absurdiora
1079 3486 1140 3543 col-

118 3565 186 3640 ligit.
216 3568 282 3622 Cum
306 3567 376 3623 euim
400 3568 426 3623 111
450 3567 605 3626 Diocletiani
629 3570 731 3642 epocha
755 3570 829 3626 valde
852 3569 935 3633 illum,
959 3580 988 3625 ut
1011 3570 1141 3637 vidimus,

119 3651 210 3725 opinio
233 3651 366 3716 1010110011,
390 3652 485 3726 ingens
508 3671 540 3709 ea
563 3670 596 3709 eo
619 3670 698 3727 seges
722 3655 959 3711 hallucinationum
977 3654 1006 3710 in
1022 3655 1142 3730 reliqua,

119 3752 188 3812 quae
211 3752 272 3791 cum
294 3736 338 3792 illa
361 3737 505 3794 coniuncta
526 3747 599 3802 sunt,
623 3739 760 3794 intervalla
784 3739 951 3795 redundavit.
981 3740 1062 3807 Quod
1084 3741 1138 3798 hoc

118 3819 179 3878 loco
203 3819 279 3877 100110
301 3837 316 3874 0
338 3819 416 3877 nobis
438 3821 525 3878 lector
546 3822 687 3896 intelliget.

202 3905 232 3961 ln
261 3905 317 3963 l.5
346 3904 380 3962 00
407 3906 513 3964 emend.
536 3907 629 3981 Temp.
658 3926 684 3981 p.
701 3910 760 3966 461
793 3925 851 3982 cap.
880 3910 913 3965 de
941 3908 1142 3967 Persecutionc

119 3989 285 4054 lliocletiani,
307 3990 360 4047 hoc
382 3991 455 4047 velut
472 3991 674 4048 fundamentum
695 3993 885 4066 disputationis
907 3994 1007 4066 posuit,
1031 3995 1138 4052 decimo

120 4090 192 4132 nouo
211 4075 377 4143 biocletieni,
394 4092 487 4134 mense
503 4075 1141 4144 110011011101000000100000001001000111010
