2586 4822
115 740 157 803 30
571 756 684 806 cerain

117 911 189 966 tione
211 910 244 966 ad
268 909 413 968 Christum.
445 913 473 968 ln
496 912 602 969 duobus
625 908 770 968 intervallis
792 910 930 984 prioribus
952 920 1062 968 constat
1085 929 1138 967 nu-

116 1013 222 1061 merus3
252 997 278 1051 in
303 999 383 1053 tertio
411 1000 447 1054 13
471 997 599 1054 duntaxat
621 998 708 1070 capita
731 1006 918 1052 numerantur.
962 997 1029 1052 h'am
1052 1014 1139 1070 gene

116 1082 249 1136 rationum
273 1084 382 1138 nuntiae
404 1100 534 1155 personas
556 1084 628 1155 ipsas
652 1082 801 1136 Matthaeus
825 1081 965 1154 intelligit,
997 1098 1069 1155 quae
1092 1091 1138 1138 aut

116 1167 239 1239 pignerat,
264 1177 310 1222 aut
331 1169 490 1240 gignuntur.
526 1168 614 1235 Quare
637 1183 719 1220 uniam
743 1166 850 1238 aliquod
874 1183 983 1229 nomen,
1008 1167 1065 1222 siue
1088 1184 1138 1238 pe-

116 1252 219 1307 neratio
247 1268 301 1306 una
323 1253 500 1307 desideratur.
546 1252 611 1306 Curru
635 1253 707 1306 laune
729 1251 855 1307 Matthaei
877 1251 966 1307 locum
992 1252 1136 1308 Christiani

116 1337 232 1392 amitinis
260 1337 354 1392 hostes
384 1346 509 1408 tanquam
539 1336 749 1392 inextricabilem
772 1335 936 1397 obiicerent,
965 1337 1136 1409 quaestionis

116 1418 258 1477 difficultas
287 1430 443 1476 nostrorum
474 1423 596 1477 excitavit
624 1422 745 1494 ingenim
776 1432 803 1477 et
831 1423 990 1477 innumerae
1015 1423 1135 1478 rationes

117 1506 281 1578 exreogitatae
304 1516 381 1561 sunt:
405 1523 519 1580 quantun
543 1507 609 1562 haee
632 1506 769 1579 plerisque
785 1506 1003 1562 cotuauodissima
1019 1507 1133 1571 videtur.

117 1600 146 1646 ut
167 1589 338 1646 librariorum
361 1591 440 1664 eulpa
460 1608 557 1647 nomen
579 1592 688 1664 aliquod
703 1591 840 1647 exciderit.
872 1590 1056 1660 Quamobrem
1072 1592 1136 1665 Epi-

116 1676 231 1748 phanius
261 1676 412 1732 lechoniam
441 1676 483 1731 his
513 1677 683 1732 allatthaen
713 1678 831 1748 positum
855 1677 1025 1743 ¹arbitratum
1054 1693 1133 1752 quam

116 1761 236 1817 eiusdem
259 1761 380 1816 vocabuli
404 1762 592 1834 repetitionem
616 1762 798 1833 exscriptores
820 1762 941 1816 vitiosam
969 1762 1022 1817 rati
1055 1779 1133 1835 prae-

117 1855 224 1918 postere
247 1856 432 1902 correxerunt.
471 1846 541 1920 Ergo
564 1847 599 1901 ita
622 1846 785 1901 blatthaenm
808 1847 950 1918 scripsisse
973 1856 1065 1918 putat:
1088 1847 1133 1903 lo·

115 1932 174 1986 siaa
196 1939 289 1985 eutem
309 1933 405 2002 penult
426 1931 601 1994 leobanium,
632 1940 657 1985 ct
682 1932 788 2002 scotres
811 1933 871 1986 eius
885 1933 924 1986 'ia
947 1933 1131 2002 transanim-

116 2016 190 2070 tt'one
219 2016 388 2085 Babylonis.-
419 2016 566 2070 lechonias
594 2025 688 2071 autem
711 2018 807 2087 peracit
828 2016 1009 2071 lechoniom:
1038 2017 1132 2072 leobo-

114 2102 180 2154 nias
202 2109 294 2154 autem
314 2102 411 2171 petiuit
433 2101 581 2164 salathiel,
604 2110 656 2157 etc.
688 2101 741 2156 lam
765 2104 864 2156 scimus
887 2102 948 2175 quis
965 2118 999 2156 ex
1014 2101 1132 2175 Epipha-

115 2186 151 2239 nii
174 2193 264 2240 mente
287 2186 322 2240 sit
345 2186 484 2240 leehouias
507 2186 567 2242 iste.
597 2186 675 2241 Prior
697 2187 768 2242 enim
792 2195 834 2241 est
856 2185 965 2249 laabim,
989 2187 1048 2243 sive
1062 2186 1132 2243 Elia·

115 2271 175 2334 cim,
199 2269 284 2326 losiae
307 2270 336 2326 P.
367 2270 506 2326 Posterior
527 2271 579 2327 alio
601 2272 710 2327 nomine
733 2270 858 2327 Sedeeias
880 2271 969 2327 dietus
992 2281 1046 2328 est.
1082 2270 1131 2327 Sed

115 2371 194 2427 quiam
216 2353 363 2411 absurdum
391 2355 456 2412 illud
480 2358 529 2420 sit,
560 2372 574 2412 e
597 2356 783 2429 superioribus
805 2364 920 2411 constat.
967 2355 1034 2412 Nam
1057 2358 1080 2412 si
1101 2356 1131 2411 de

114 2440 224 2496 Sedeeia
248 2441 320 2514 Rege
348 2440 491 2513 loquatur,
520 2441 593 2515 quod
623 2458 656 2496 ex
678 2442 754 2514 liegii
783 2442 930 2496 stenunatis
957 2444 1131 2498 successione

113 2525 219 2581 videtur
241 2527 323 2589 velle,
347 2527 473 2582 Sedecias
497 2541 550 2581 nou
574 2526 732 2591 lechoniae,
757 2542 845 2598 neque
867 2526 991 2590 loaltimi,
1018 2526 1068 2583 sed
1090 2528 1132 2583 lo-

54 2600 59 2609 ’
114 2611 168 2667 siae
190 2611 261 2667 salius
284 2620 335 2668 est.
366 2612 413 2667 Sin
435 2612 549 2667 alterum
566 2611 704 2667 Sedeciam
726 2610 866 2683 intelligat,
890 2611 934 2684 qui
957 2610 1133 2683 privatusri·

113 2699 164 2761 nit,
195 2706 237 2752 est
265 2697 310 2751 ille
332 2697 440 2770 apsidem
469 2696 579 2752 loahimi
607 2696 693 2758 lilius',
723 2696 770 2750 sed
794 2713 847 2750 uon
872 2695 1025 2751 lechoniae.
1070 2696 1132 2752 Nam

118 2786 142 2837 1.
160 2781 246 2837 Paral.
270 2785 374 2855 eap.3.
396 2786 441 2839 15.
488 2781 587 2837 loakim
611 2781 696 2835 losiae
718 2780 789 2836 lilius
813 2781 966 2836 lechonimu
994 2791 1025 2837 et
1048 2781 1133 2838 Sede·

114 2866 180 2922 eiam
203 2867 310 2939 perluit,
345 2867 484 2922 lechonias
507 2866 688 2922 Salathielem.
733 2868 767 2920 ht
789 2865 955 2939 Epiphanius
977 2866 1133 2922 lechoniam

114 2959 141 3007 et
163 2950 311 3015 Sedeciam,
335 2969 404 3026 quos
429 2962 481 3007 tam
504 2953 647 3024 perspicue
670 2950 810 3023 Seriptura
832 2951 987 3023 distinguit.
1012 2952 1041 3006 in
1065 2968 1135 3008 cun-

113 3035 172 3090 dem
195 3036 281 3090 virmn
303 3036 436 3092 conflavit.
467 3037 526 3090 Nou
548 3035 659 3091 dubium
683 3043 733 3099 est,
757 3036 821 3108 quin
845 3035 983 3090 lechonias
1006 3035 1063 3099 ille,
1087 3036 1136 3110 qui

113 3119 284 3175 Salathielem
307 3136 321 3175 a
344 3120 478 3176 Matthaeo
494 3120 622 3192 genitisse
638 3121 745 3184 dicitur,
770 3119 839 3174 idem
855 3121 890 3174 sit
905 3135 966 3174 eum
983 3137 1027 3183 eo,
1052 3136 1134 3194 quem
1158 3140 1164 3155 ¹

112 3203 336 3276 Paralipomenon
359 3205 439 3260 liber
467 3214 669 3261 eonunemmat.
714 3204 768 3260 Sed
795 3204 863 3259 alius
891 3205 915 3259 ei
945 3214 1025 3277 pater
1051 3222 1135 3280 quam

114 3289 253 3345 lechonias
277 3290 448 3362 ‹praeerendus
471 3299 522 3346 est.
553 3289 721 3346 llaldonatus
744 3299 838 3345 noster
853 3289 951 3343 loahim
968 3307 1017 3362 pro
1036 3291 1137 3348 iterato

113 3373 238 3428 leebouia
261 3373 416 3431 substituit:
440 3384 522 3449 atque
544 3375 579 3430 ita
601 3375 667 3448 legit
689 3375 796 3430 loorim
818 3381 910 3428 eutem
923 3376 1020 3445 petiuit
1036 3375 1137 3431 leobo-

112 3459 207 3513 aimn:
231 3458 378 3514 lechonias
401 3468 495 3514 eutem
508 3461 604 3530 pentat
619 3460 767 3516 salathiel.
799 3459 875 3528 Quod
892 3459 1050 3532 Scripturae
1066 3476 1137 3517 eon·

113 3552 273 3599 seutaneum
296 3554 346 3600 est.

199 3629 238 3685 22
255 3645 278 3683 a.
309 3619 459 3708 ἐντούτῳ
482 3628 526 3706 τῷ
542 3619 646 3706 χρόνῳ
668 3629 723 3703 τῆς
744 3623 968 3701 αἰχμαλωσίας]
991 3627 1137 3703 llultiplex

113 3727 198 3776 error,
223 3730 277 3785 quo
299 3715 339 3769 vix
362 3714 434 3770 ullus
456 3712 489 3768 ab
508 3713 656 3787 Epiphanio
679 3713 786 3786 gravior
807 3723 849 3768 est
871 3714 1042 3769 commissus.
1074 3713 1136 3772 lion

113 3797 184 3853 enim
206 3808 270 3871 post
293 3799 539 3871 Hierosolymorum
562 3798 710 3862 excidium,
733 3796 781 3854 sed
804 3807 879 3854 tanto
902 3807 979 3862 ante,
1004 3809 1069 3871 post
1096 3802 1135 3857 10

111 3881 236 3939 videlicet
258 3882 388 3939 Tribuum
410 3883 636 3956 deportationem,
660 3883 750 3939 coloni
772 3883 799 3938 in
822 3883 967 3939 Samariam
990 3882 1133 3945 submissi.

112 3967 194 4043 idque
215 3984 231 4023 a
252 3967 468 4033 Salmanassaro‚
492 3984 547 4023 non
569 3983 584 4022 a
606 3966 883 4024 Nabuchodonosore.
929 3968 993 4024 Vide
1017 3972 1046 4026 4.
1066 3969 1134 4043 ueg.

112 4069 171 4126 oap.
189 4054 239 4112 at.
268 4053 361 4130 Neque
383 4070 448 4110 vero
470 4051 545 4109 solus
567 4052 595 4108 in
618 4069 651 4108 eo
674 4069 767 4108 errore
789 4053 840 4108 suit
859 4053 1034 4127 Epiphanius.
1067 4053 1136 4111 Nam
