2586 4822
10 39 1289 320 u

437 842 728 895 antenoreastoxes
1032 834 1095 898 l'llt

157 999 237 1073 Atqui
261 1016 292 1055 ex
314 998 456 1072 Epiphauii
479 1001 583 1055 ratione
606 999 773 1073 colliguntur
794 999 857 1057 anni
879 1000 1008 1060 duntaxat
1031 1007 1092 1065 otu

68 1101 85 1142 a
110 1084 214 1141 lliluvio
236 1084 269 1140 ad
290 1083 415 1140 Abraami
438 1092 538 1140 ortum.
564 1084 719 1140 llillerentia
741 1093 784 1141 est
801 1100 934 1141 annorum
951 1089 1022 1154 230,
1046 1091 1093 1166 qui

68 1171 98 1226 in
122 1170 186 1226 Lxx
201 1169 345 1225 Seniortlm
369 1169 493 1225 Editione
517 1186 548 1225 ex
574 1172 632 1226 130
653 1169 751 1225 Cainan
775 1179 802 1225 et
825 1172 946 1227 centenis
963 1173 1094 1232 Nacborls

68 1264 250 1328 consurgunt.
282 1254 367 1327 Vulgo
391 1255 462 1310 enim
484 1253 591 1310 Nachor
618 1257 675 1311 179
699 1254 866 1320 tribuuntur,
889 1256 922 1311 ab
941 1257 1093 1331 Epiphanio

67 1357 135 1397 vero
160 1343 209 1398 79.
253 1343 373 1395 atvero
396 1340 423 1394 iu
446 1339 616 1395 Praelatione
639 1340 720 1394 buiris
743 1340 833 1412 operis
858 1350 884 1396 et
907 1343 934 1397 in
956 1346 1092 1402 Ancorato

66 1428 168 1501 p.1l8
191 1425 299 1481 easdem
322 1423 380 1480 illas
402 1418 504 1499 γενεὰς
525 1432 669 1497 pertexens
693 1424 792 1480 Cainan
815 1426 938 1482 inseruit.
970 1428 1003 1484 Ut
1025 1429 1093 1487 illud

68 1521 207 1586 appareat,
231 1510 296 1566 lxx
319 1509 463 1566 Saniorum
486 1509 631 1565 editionem
655 1511 705 1564 hac
728 1511 755 1565 in
777 1519 854 1584 parte
878 1512 975 1567 variam
999 1522 1026 1569 et
1048 1515 1093 1568 in·

67 1596 231 1671 terpolatam
254 1595 347 1651 luisse.
378 1594 443 1649 Nam
465 1594 508 1650 alii
531 1594 638 1650 codices
655 1594 753 1650 Cainan
776 1595 953 1662 asciscebant,
977 1598 1021 1654 alii
1044 1617 1093 1654 ex-

64 1681 242 1758 pungebaot,
274 1680 407 1752 siquidem
438 1679 509 1752 apud
538 1677 684 1735 Eusebium
713 1679 782 1735 Edit.
813 1679 930 1737 Graecae
958 1687 1021 1756 p.9
1059 1700 1092 1740 ex

66 1766 194 1823 Africano
217 1776 244 1821 et
266 1765 330 1820 Lllll
353 1764 561 1837 Interpretibus,
585 1780 635 1819 nec
658 1781 712 1819 nttn
736 1782 767 1820 ex
790 1765 1019 1823 Samaritanorum
1036 1767 1092 1825 lle·

64 1852 167 1909 braicis
191 1848 388 1923 exemplaribus
410 1850 437 1904 in
460 1850 541 1904 buius
557 1848 731 1922 genealogiae
747 1859 875 1906 contextu
891 1851 990 1908 Cainan
1006 1854 1092 1910 omis*

66 1956 116 1994 sus
140 1945 191 2000 est,
215 1952 266 1991 nec
288 1950 421 1990 annornm
443 1950 547 1988 summa
570 1935 631 1991 942
655 1933 760 1990 excedit
781 1933 909 1991 atliluvio
926 1937 959 1992 aa
975 1938 1091 1995 natalem

65 2022 208 2079 abraami:
239 2030 306 2095 quot
335 2019 458 2074 videlieet
486 2036 572 2074 annos
595 2019 760 2092 Epiphanius
790 2021 842 2076 hoc
871 2020 932 2078 loco
956 2032 1090 2081 numerat.

67 2110 158 2178 Quare
180 2106 326 2161 Eusebium
350 2104 393 2160 hic
416 2104 524 2177 quidem
547 2114 658 2160 secutus
681 2112 732 2159 est.

88 2252 92 2257 ,
154 2192 192 2247 lle
208 2191 325 2247 Cainano
347 2199 426 2246 vetus
449 2200 491 2246 cst
512 2190 644 2262 quaestio,
669 2206 738 2262 quae
760 2206 775 2244 a
798 2191 997 2248 recentioribus
1019 2194 1091 2250 varie

65 2262 214 2353 disceptari
243 2276 322 2332 solet.
367 2274 430 2330 llihi
459 2275 717 2347 praetermittendus
746 2276 856 2332 omnino
880 2276 998 2341 videtur,
1028 2294 1090 2334 cum

66 2382 118 2421 nec
136 2365 162 2419 in
179 2360 310 2417 llebraiea
326 2360 446 2422 veritate,
471 2377 521 2415 nec
537 2361 563 2415 in
579 2360 735 2415 Latinorum
752 2360 871 2416 editione
887 2369 959 2417 extet
974 2363 1089 2437 uspiam.

66 2449 146 2519 Quod
170 2447 240 2503 enim
262 2445 356 2501 uitium
378 2445 404 2499 in
428 2443 566 2500 llebraeos
592 2443 700 2500 codices
723 2445 865 2518 irrepsisse
888 2446 1010 2502 nonnulli
1033 2458 1093 2504 sta-

66 2543 164 2598 tuunt,
193 2531 273 2587 nimis
301 2531 353 2585 hoc
381 2530 470 2584 otiose
492 2530 611 2602 strrgitur.
657 2530 745 2585 Lucae
767 2530 917 2586 authoritas
939 2533 1090 2604 grauiorem

66 2621 131 2676 lacit
157 2615 380 2674 controversiam.
424 2615 478 2670 Sed
504 2624 532 2670 et
554 2615 616 2669 huic
639 2630 654 2668 a
677 2615 727 2688 piis
750 2623 778 2670 et
800 2615 912 2671 eruditis
936 2617 998 2671 viris
1021 2618 1142 2679 iam-223

64 2704 172 2780 pridem
202 2701 368 2757 satisfactum
399 2709 449 2755 est.
497 2699 562 2754 Cum
592 2700 663 2754 enirn
686 2700 850 2755 Graecorum
880 2702 987 2757 codices
1008 2704 1089 2776 vulgo

67 2790 215 2847 Cainanum
237 2784 405 2848 exhiberent,
429 2784 524 2849 toras,
548 2784 594 2856 qui
611 2784 719 2840 Graecis
742 2784 887 2850 scribebat,
911 2802 966 2842 non
983 2786 1091 2845 aliunde

65 2873 253 2950 genealogiam
286 2871 365 2926 istam
396 2884 476 2943 quam
506 2885 537 2924 en
560 2868 667 2924 illorum
689 2869 765 2924 libris
787 2871 944 2944 exscripsit,
974 2871 1090 2945 ideoque

65 2972 93 3018 et
116 2959 265 3016 Cainanum
288 2954 412 3017 inseruit,
436 2971 517 3027 quem
540 2954 562 3008 si
585 2953 686 3026 alioqui
708 2955 948 3027 praetermitteret,
972 2956 1090 3014 Graecos

63 3047 142 3120 ipsos
172 3041 331 3099 oll'enderet.
377 3041 466 3108 tglttare
495 3039 562 3094 nihil
584 3039 742 3094 alterutram
765 3040 791 3095 in
813 3050 918 3114 partem
942 3041 1088 3109 alllrmans,

65 3148 135 3207 quas
157 3129 184 3183 iu
202 3127 302 3183 Graeca
325 3125 443 3181 editione
465 3123 656 3199 generationes
680 3135 827 3197 repererat,
851 3126 1008 3199 simpliciter
1026 3127 1092 3183 red-

64 3215 144 3272 didit.
189 3210 421 3281 Quemadmodum
444 3209 466 3264 si
495 3210 556 3283 quis
584 3209 732 3282 Aethiopas
756 3208 920 3266 catholicam
948 3212 982 3266 ad
1009 3211 1091 3269 fldem

62 3300 218 3376 perducere
240 3296 343 3359 volens,
367 3310 462 3368 regum
477 3292 585 3349 illorsum
600 3293 802 3350 successionem
819 3311 850 3351 ex
865 3295 979 3369 vulgatis
995 3314 1091 3354 cortem

62 3382 216 3442 Annalibus
246 3388 418 3453 excerperet,
448 3379 555 3433 tametsi
584 3378 716 3452 quispiam
746 3380 868 3435 intrusus
896 3382 1091 3439 innumerum

62 3472 172 3534 luisset,
195 3484 251 3523 nou
274 3466 341 3521 haee
364 3463 494 3520 Catholici
509 3464 664 3536 scriptoris,
688 3465 737 3520 sed
759 3465 934 3522 historiarum
957 3469 1092 3524 ethone-

62 3556 131 3613 liom
161 3570 223 3610 esse
251 3550 331 3623 culpa
360 3551 526 3605 crederetur.
572 3548 629 3604 lloc
657 3565 709 3623 ego
738 3566 799 3605 cunr
830 3551 954 3607 l'errcrio
983 3563 1089 3618 nostro,
1166 3538 1175 3558 ⁴

62 3640 207 3703 lansenio,
232 3634 422 3699 Genebrardo,
446 3633 559 3706 aliisque
582 3634 669 3690 doctis
692 3643 720 3691 et
741 3636 792 3709 piis
815 3634 1000 3710 Scriptoribus
1021 3654 1091 3712 pro-

62 3726 157 3784 babile
180 3738 290 3779 censeo.

152 3811 215 3867 473
231 3824 256 3862 a.
278 3797 373 3879 Ἔβερ
403 3797 437 3859 δὲ
462 3803 551 3882 γεννᾷ
576 3797 631 3859 τὸν
655 3799 769 3876 maten]
815 3803 941 3860 blendum
968 3815 1089 3865 estnon

62 3893 218 3971 Epiphanii,
252 3890 301 3947 sed
322 3888 424 3945 librarii
447 3888 472 3943 in
496 3904 672 3944 numerorum
695 3898 768 3944 nota.
810 3889 874 3964 hag.
896 3891 995 3965 itaque·
1013 3884 1090 3967 aad,
1128 3924 1136 3935 ·

64 3992 95 4039 ut
118 3997 153 4038 ex
175 3977 302 4052 sequenti
325 3973 486 4032 collectione
507 3974 652 4046 perspicue
674 3981 790 4030 constat.
871 4001 876 4012 r

153 4066 214 4124 tta
231 4080 255 4118 e.
286 4052 365 4116 κατὰ
387 4051 420 4113 δὲ
441 4059 552 4135 ψῆφον
574 4049 676 4114 ἄλλων
697 4051 905 4136 ἀντιγράφων]
952 4059 1089 4129 Quaenam

63 4154 109 4210 illa
131 4151 187 4208 sint
211 4145 382 4220 exemplaria,
406 4160 475 4217 cquae
498 4143 531 4200 alt
554 4153 617 4200 ortu
633 4143 695 4200 Sem
718 4142 752 4199 ad
776 4145 814 4202 80
837 4143 879 4200 nel
896 4146 935 4202 90
954 4144 1089 4211 hbraami,

885 4243 893 4272 l
901 4242 915 4272 ‘l
923 4241 938 4272 t
