2586 4822
154 850 214 914 198
501 863 579 912 trouv
598 861 638 912 un
655 863 695 912 xn
716 862 828 912 ueuurs

155 1012 323 1093 h'eptalim‘).
369 1017 469 1075 Deinde
497 1034 547 1092 per
569 1018 777 1074 aemulationem
801 1017 844 1072 hia
868 1032 932 1072 vero
956 1015 1031 1072 dedit
1053 1016 1179 1073 ancillam

154 1106 210 1161 viro
233 1104 370 1177 Zelpham,
395 1121 463 1178 quae
487 1103 642 1176 concipiens
665 1102 771 1175 peperit
788 1101 859 1168 Gad;
884 1100 945 1157 dein
960 1103 1038 1157 dser.
1073 1102 1179 1158 Rursus

153 1189 250 1245 adiecit
273 1206 340 1245 uxor
355 1189 400 1243 Lia
423 1197 453 1243 nt
473 1188 643 1261 conciperet:
668 1204 737 1260 qnae
760 1188 831 1241 iuxta
856 1186 1048 1242 conscientiam
1072 1187 1180 1260 peperit

153 1274 292 1337 lssaehar,
323 1273 382 1329 exin
412 1272 542 1328 Zabulon.
593 1272 742 1342 ¹Novissime
777 1288 840 1327 vero
869 1271 902 1327 ‹le
933 1269 1051 1329 llaehele
1079 1273 1179 1345 loseph

128 1358 283 1423 anascitur,
308 1367 335 1414 et
358 1357 455 1413 deinde
477 1357 624 1413 Beniamin.
662 1357 694 1411 Et
717 1365 758 1412 est
774 1357 824 1412 ista
841 1356 1046 1430 consequentia,
1071 1356 1179 1420 huben,

151 1443 270 1507 Simeon,
295 1443 365 1506 Levi,
389 1442 477 1506 ludas,
502 1442 566 1506 ban,
592 1450 619 1496 et
641 1441 782 1514 Neptalim,
814 1440 871 1496 Gad
894 1450 921 1497 et
944 1444 1020 1506 Aser,
1044 1442 1179 1506 issachar,

153 1537 181 1585 et
197 1527 327 1591 Zabulon,
350 1527 459 1600 loseph,
484 1535 510 1581 et
525 1526 671 1581 Beniamin.
707 1525 778 1581 llaec
801 1526 910 1600 quidem
934 1525 1019 1599 prima
1043 1536 1086 1581 est
1103 1539 1217 1588 com-et

152 1612 252 1686 positio
276 1613 347 1667 ittnta
370 1612 464 1667 aetatis
488 1611 721 1685 consequentiam.

238 1697 304 1751 Cum
327 1713 390 1752 vero
413 1697 585 1769 pervenirent
608 1696 640 1751 de
657 1695 848 1768 Mesopotamia
873 1704 1028 1751 revertente
1048 1694 1129 1751 laceb
1153 1695 1181 1750 in

116 1791 253 1840 ulterram
278 1781 411 1846 Chanaau,
436 1780 553 1836 secunda
576 1780 606 1835 ht
629 1781 765 1835 divisionis
790 1781 969 1836 enumeratio.
1008 1779 1083 1835 Fecit
1109 1780 1181 1835 enim

152 1864 231 1922 laceb
253 1875 307 1920 tres
331 1863 462 1935 turmas¹l
486 1866 644 1921 discernens
674 1865 799 1938 proprios
823 1865 909 1929 lilios,
945 1873 972 1920 et
1000 1864 1095 1937 posuit
1118 1864 1182 1920 Zel-

151 1951 241 2024 phanr,
273 1960 300 2005 et
322 1949 419 2004 Ballam
444 1951 510 2005 duas
533 1950 641 2005 ancillas
667 1950 765 2005 iaciens
789 1966 868 2004 unam
894 1959 1010 2005 turruam
1034 1949 1060 2004 in
1085 1949 1179 2022 primis

151 2051 213 2091 eum
236 2043 353 2106 quatuor
375 2034 435 2089 filiis
459 2051 566 2100 earum,
595 2035 621 2089 id
652 2042 694 2089 est
717 2034 787 2098 llari,
818 2043 845 2090 ct
868 2034 1018 2107 Neptalim,
1050 2033 1123 2099 Gad,
1153 2044 1180 2090 et

152 2120 234 2182 Aser;
259 2119 285 2172 in
308 2120 425 2173 secunda
450 2135 512 2174 vero
530 2129 617 2174 turma
634 2119 765 2174 ordinavit
781 2119 854 2175 Liam
878 2136 939 2174 cum
964 2136 1009 2174 ser
1034 2117 1097 2173 liliis
1121 2120 1179 2175 eius

113 2212 207 2261 ltuou
232 2203 282 2256 iam
305 2203 454 2257 secundnm
477 2212 602 2268 aetatem,
627 2204 674 2259 scd
698 2204 847 2259 seeundum
872 2205 965 2259 matris
989 2202 1177 2268 allectionem:

152 2285 257 2351 llubeu,
282 2286 350 2351 dico,
376 2295 402 2341 et
425 2287 543 2352 Simeon,
574 2289 634 2343 Levi
659 2298 686 2343 et
709 2288 809 2352 ludam,
841 2290 965 2344 issachar
989 2297 1015 2345 et
1040 2289 1178 2345 Zabulon:

150 2372 208 2444 ipse
233 2387 294 2426 vero
318 2380 472 2444 postremus
495 2374 592 2428 mansit
619 2390 679 2428 eum
703 2373 819 2429 hachele
843 2382 870 2429 et
894 2375 990 2446 loseph
1015 2372 1091 2429 valde
1115 2391 1181 2447 par·

78 2481 83 2486 ·
151 2455 221 2511 vulo.
266 2456 402 2511 Beniamin
431 2466 520 2513 atatem
549 2459 576 2513 in
606 2458 699 2513 matris
723 2458 811 2513 adhue
840 2467 919 2513 utero
944 2457 1121 2531 portabatur;
1154 2468 1181 2514 et

152 2540 219 2595 haec
254 2542 372 2596 secunda
400 2541 526 2598 discretio
562 2543 766 2616 compositionis
804 2542 923 2598 eiusdem
961 2543 1068 2597 numeri
1104 2560 1182 2599 com·

31 2635 34 2641 '
111 2623 293 2698 prrobatur.

236 2709 342 2766 Tertius
378 2720 467 2767 antem
503 2728 633 2768 rtnvuerus
662 2720 704 2766 est
733 2711 804 2766 iusta
843 2711 920 2766 aliam
951 2711 1181 2784 compositionem

150 2794 295 2850 divisionis.
338 2796 471 2869 Incipiens
501 2797 571 2852 enim
595 2795 673 2851 lacob
704 2796 803 2850 intrare
832 2796 860 2850 in
884 2792 1081 2868 Aegyptum),
1111 2797 1182 2852 sicut

151 2894 235 2948 super
257 2895 389 2934 annerum
414 2890 463 2943 est,
488 2882 659 2953 congregatis
683 2881 709 2935 iu
733 2880 849 2953 idipsum
873 2880 936 2935 siliis
953 2880 1015 2936 hiae
1039 2880 1130 2944 simul,
1155 2891 1182 2937 et

152 2960 263 3015 ancillae
291 2963 349 3016 eius
373 2962 504 3034 Zelphae,
534 2974 750 3036 consequenter,
782 2964 854 3021 velut
885 2982 917 3019 ex
948 2964 1043 3021 eadem
1073 2966 1182 3021 (lomina

112 3045 311 3117 25progeuitis,
335 3047 371 3100 ita
395 3045 600 3103 dinumerantur
622 3049 689 3121 ipsi:
715 3048 820 3113 huben,
845 3050 970 3105 Simeon.
994 3050 1066 3114 Levi,
1091 3051 1181 3112 ludas,

150 3129 281 3191 issachar,
306 3129 441 3185 Zabulon:
466 3140 492 3186 et
516 3149 548 3188 en
564 3133 673 3206 Zelpha,
699 3135 754 3189 (lad
778 3142 804 3190 et
820 3136 898 3190 Aser.
937 3134 1039 3190 Deinde
1056 3135 1181 3192 Baebelis

151 3212 197 3269 lilii
220 3214 327 3286 loseph,
352 3223 379 3270 et
402 3214 548 3272 Beniamin.
586 3218 621 3282 li,
646 3220 692 3292 qui
715 3237 745 3275 cr
770 3220 828 3275 eius
852 3219 950 3275 ancilla
975 3229 1047 3282 sunt,
1074 3219 1131 3275 Dan
1156 3231 1182 3276 et

151 3296 293 3370 Neptalim.

238 3382 337 3450 Quarta
360 3384 452 3440 divisio
469 3395 510 3441 est
526 3387 740 3460 compositionis,
769 3398 796 3443 et
819 3388 935 3452 numeri,
962 3388 1071 3461 quaudo
1096 3388 1227 3446 bene-t:

113 3466 219 3524 audivit
242 3468 320 3524 laeob
343 3468 403 3525 liliis
426 3472 482 3526 suis
505 3489 566 3527 eum
589 3469 786 3544 moreretur³);
812 3482 922 3545 oportet
939 3473 1012 3528 enim
1028 3474 1183 3530 secundum

152 3561 268 3625 tempus,
294 3554 369 3609 etin
394 3571 522 3611 nurneros
545 3557 619 3628 ipsos
643 3566 798 3613 annectere.
830 3557 878 3612 llic
902 3574 969 3631 ergo
987 3573 1131 3621 numerus,
1157 3569 1183 3615 et

153 3636 205 3691 hoc
228 3645 334 3711 tempus
358 3640 519 3713 insequitur,
543 3641 650 3713 quando
674 3641 752 3697 lacob
776 3641 925 3706 benedixit,
949 3642 1044 3707 idest,
1074 3643 1183 3707 huben,

153 3720 249 3777 deinde
272 3721 426 3780 Simeonem
449 3742 510 3781 cum
530 3726 600 3789 Levi,
626 3735 652 3782 et
674 3727 776 3791 ludam,
801 3736 828 3783 et
844 3725 978 3792 Zabulon,
1003 3736 1030 3783 et
1046 3727 1183 3791 lssaehar,

152 3804 208 3861 Dan
231 3816 258 3863 et
282 3808 346 3871 Gad,
369 3811 438 3865 Aser
460 3818 487 3865 et
509 3809 650 3883 Neptalim,
676 3812 774 3884 loseph
798 3819 826 3867 et
849 3811 998 3867 Beniamin.

239 3933 418 4015 vicentino
432 3959 561 4008 esurum.
598 3959 863 4024 eroonxtvvmaqq.
902 3960 926 4013 at
945 3961 1003 4010 aen.
1015 3962 1093 4021 atvs,
1110 3965 1187 4027 rsqq.

150 4081 457 4095 ——-————

211 4238 216 4251 ι
236 4161 254 4216 it
272 4161 311 4209 Sie
331 4174 383 4221 ms,
402 4162 444 4210 sed
464 4162 486 4210 in
507 4162 590 4212 Graec.
610 4177 657 4212 non
678 4162 759 4212 dubito
777 4163 854 4213 luisse
874 4159 1049 4231 Νεφθαλείμ.
