2586 4822
111 785 184 827 lxxx
465 777 578 832 efitnttt
597 783 765 834 nculcatto.

111 941 184 996 niunr
207 947 235 994 et
256 937 447 994 hodiernarum
471 937 638 992 eversionem
661 937 818 1001 haeresum,
843 939 1068 1011 opportunitates
1090 940 1137 994 in·

111 1041 237 1081 numeras
261 1032 287 1078 et
309 1023 462 1078 adiumenta
484 1022 647 1095 suppeditat.
679 1023 796 1078 Primum
817 1023 890 1095 quod
908 1023 941 1078 de
957 1024 1016 1078 cius
1032 1024 1136 1079 autbo-

111 1110 200 1173 ritate,
224 1116 336 1182 propter
359 1117 385 1163 et
407 1107 547 1179 scriptoris
570 1117 730 1162 vetustatem
756 1118 783 1163 et
802 1109 934 1164 illustrem
952 1109 1023 1164 inter
1038 1108 1134 1165 Patres

112 1195 249 1267 dignitatis
277 1192 381 1254 locum,
412 1209 446 1246 ue
476 1192 525 1263 ipsi
554 1192 662 1262 quidem
686 1192 885 1248 obtrectatores
909 1194 1080 1265 antiquitatis
1100 1210 1135 1250 ac

111 1279 244 1335 bonorum
269 1279 362 1333 hostes
380 1276 499 1330 omnium
516 1275 648 1332 dubitant.
681 1277 780 1333 lleinde
796 1280 869 1350 quod
886 1280 1030 1350 praecipua
1047 1294 1135 1351 qnae-

112 1382 164 1437 que
193 1364 300 1418 decreta
330 1360 405 1423 hdci,
436 1377 505 1432 quae
532 1360 713 1432 opinosissimi
744 1363 867 1418 homines
897 1365 938 1418 his
963 1363 1134 1435 temporibus

112 1448 221 1505 inlicinri
245 1446 359 1507 audent,
389 1454 442 1499 tam
467 1445 602 1517 expressis
625 1445 657 1499 ab
681 1447 725 1502 illo
750 1448 910 1503 testimoniis
935 1447 1133 1520 approbantur,

112 1552 181 1607 quac
203 1541 292 1586 autern
316 1531 347 1586 iis
371 1530 407 1597 illi
430 1531 563 1585 contraria
587 1531 743 1596 detendunt,
770 1550 836 1587 snos
859 1533 892 1587 ad
914 1533 1056 1595 authores,
1081 1534 1133 1588 boc

113 1627 155 1673 cst
177 1617 346 1679 Haeretrcos,
370 1624 493 1670 revocata
517 1624 636 1679 veteres,
667 1627 720 1672 tam
743 1618 860 1689 graviter
882 1634 912 1672 ac
935 1616 1034 1673 crebro
1058 1616 1134 1672 relu-

111 1712 218 1769 tantur;
243 1711 273 1756 nt
295 1718 373 1773 quero
397 1700 485 1755 adhuc
507 1699 629 1756 lalsitatis
653 1701 729 1757 istius
753 1720 805 1757 rron
827 1702 935 1774 pudeat,
959 1719 1133 1758 communem

112 1797 175 1844 avite
198 1803 316 1849 sensum,
341 1802 420 1859 quam
443 1785 610 1849 modestiam,
635 1787 878 1860 verecundiamque
901 1788 1058 1859 perdiderit.

196 1872 267 1927 llaec
296 1871 328 1926 de
357 1871 506 1942 Epiphanio
535 1880 629 1926 nostro
662 1872 729 1927 adeo
761 1873 903 1943 magnilicc
936 1872 1134 1945 splendideque

112 1959 208 2014 iactata
236 1973 316 2029 quam
345 1973 406 2010 vera
435 1956 504 2019 sint,
533 1955 640 2027 planum
669 1957 697 2012 in
727 1957 841 2030 singulis
864 1957 1085 2012 lutheranorum
1105 1966 1134 2013 et

114 2044 314 2100 calvinistarum
344 2039 482 2094 erroribus
510 2040 641 2103 lacerem,
675 2043 697 2096 si
727 2042 752 2097 id
781 2052 828 2097 aut
850 2041 985 2114 Epistulae
1015 2042 1133 2098 brevitas

113 2128 224 2189 sineret,
248 2137 294 2181 aut
310 2125 400 2187 aliurn,
424 2141 504 2196 quam
521 2134 556 2187 te,
575 2124 733 2187 (cardinalis
749 2126 944 2196 illustrissime)
961 2127 1050 2182 oratio
1067 2128 1132 2182 hacc

112 2230 127 2268 a
150 2211 229 2267 nobis
252 2211 377 2265 instituta
395 2209 552 2282 respiceret.
583 2209 635 2265 Sed
658 2211 683 2265 id
707 2220 753 2266 aut
776 2211 826 2267 alio
843 2213 957 2266 sortasse
973 2211 1035 2266 loco
1052 2229 1133 2284 prae-

113 2297 259 2360 stabimus,
289 2304 335 2350 aut
362 2294 395 2349 ad
423 2304 513 2349 certos
542 2294 679 2351 hodiernis
703 2313 718 2351 e
741 2296 926 2367 Scriptoribns
949 2297 1132 2359 remittemus,

113 2383 158 2458 qui
182 2383 208 2437 in
232 2397 289 2435 earn
312 2389 415 2452 partem
439 2379 570 2442 studiose,
594 2397 625 2436 ac
648 2398 712 2435 sane
735 2382 837 2436 utiliter
852 2380 1047 2437 incubuerunt.
1075 2381 1131 2436 Tibi

112 2485 175 2523 vero
199 2475 261 2522 nota
284 2466 368 2538 iringis
391 2464 444 2528 illa,
468 2481 547 2536 quam
570 2466 634 2520 mihi
658 2475 731 2528 sunt,
754 2466 800 2538 qui
824 2475 940 2539 quantus
957 2467 997 2521 vir
1012 2466 1132 2539 Epipha-

112 2554 173 2608 nius
197 2552 285 2613 luerit,
310 2560 495 2625 quantumque
517 2549 620 2605 Panarii
644 2550 720 2607 istius
740 2561 905 2605 momentum
922 2551 956 2605 sit
974 2568 1029 2606 non
1047 2551 1130 2606 aliena

113 2636 362 2698 commendatione,
397 2635 444 2690 scd
462 2634 561 2689 -stndio
591 2635 650 2706 ipse
678 2645 725 2690 tuo
756 2636 974 2708 experientiaque
1005 2636 1129 2691 didicisti.

112 2727 149 2779 dc
171 2722 299 2796 quicquid
322 2721 452 2776 hactenus
475 2718 516 2774 vel
537 2720 570 2773 dc
585 2721 713 2775 dutlioris
737 2721 816 2775 hnius
840 2721 1014 2792 praestantia,
1040 2721 1084 2777 vel
1100 2720 1130 2775 de

113 2808 267 2863 Haereseon
284 2805 526 2861 labefactandarum
543 2804 647 2859 ratione
663 2804 743 2877 paulo
759 2805 899 2860 verbosius
915 2805 1055 2878 explicavi,
1079 2822 1130 2861 non

113 2893 138 2948 id
169 2903 213 2947 tna
243 2908 351 2954 caussa,
381 2906 470 2961 neque
499 2898 529 2944 ut
551 2890 622 2960 quod
646 2889 693 2944 abs
717 2900 744 2944 tc
767 2890 871 2946 discere
893 2890 997 2955 debeo,
1030 2892 1131 2946 hocta

113 2978 170 3049 ipse
194 2978 329 3037 docerem,
354 2984 518 3046 pertractare
541 2974 627 3037 volui,
653 2975 700 3029 sed
724 2983 753 3029 ut
775 2975 917 3030 consilinm
940 2975 973 3030 de
1001 2975 1052 3030 hac
1075 2975 1134 3031 edi-

113 3062 187 3116 tione
216 3077 305 3116 meum
334 3058 484 3130 expositum
516 3057 578 3121 tibi,
608 3076 622 3114 a
652 3067 732 3131 teque
761 3059 920 3132 probatum,
951 3070 1075 3116 manaret
1101 3060 1134 3115 ad

114 3153 246 3208 caeteros,
271 3153 373 3215 tuoque
395 3161 424 3197 se
448 3142 545 3198 iudicio
562 3153 589 3197 et
601 3144 765 3199 authoritate
781 3145 946 3199 detenderet.
978 3145 1065 3212 Quam
1082 3162 1134 3223 ego

113 3230 324 3304 praerogativam
346 3228 491 3282 voluntatis
514 3227 740 3301 humanitatisque
757 3238 827 3292 tuac,
851 3230 980 3302 dignitate
997 3231 1054 3302 ipsa
1071 3247 1134 3285 mo-

114 3316 186 3371 neris
209 3331 239 3370 ac
262 3314 348 3386 pretio
371 3312 514 3385 impetrare
537 3314 627 3378 nralui,
651 3331 739 3386 quani,
764 3331 832 3386 qnae
856 3316 917 3370 trita
941 3324 969 3370 et
988 3323 1131 3387 pervagata

114 3400 312 3455 Praelationnm
336 3415 414 3469 seges
437 3408 487 3463 est,
511 3401 638 3453 ornandis
655 3399 706 3453 tuis
722 3399 855 3463 laudibus,
878 3417 909 3455 ae
924 3400 1055 3455 virtutum
1071 3410 1130 3455 tua-

114 3501 173 3540 rnm
197 3484 340 3557 piraeconio
363 3484 499 3555 colligere.
535 3483 599 3538 b'am
623 3483 693 3556 apud
717 3484 799 3539 tede
822 3494 848 3539 te
871 3494 901 3539 ut
923 3484 1005 3540 verba
1027 3485 1129 3546 faciam,

114 3570 257 3643 singularis
280 3586 348 3641 quae
372 3568 397 3622 in
421 3577 448 3623 te
471 3577 512 3623 est
534 3569 648 3639 gravitas
671 3586 702 3623 ac
724 3569 854 3624 modestia
871 3588 925 3624 nou
942 3572 1054 3642 patitur.
1077 3569 1131 3625 lle-

114 3672 167 3729 que
191 3664 217 3710 te
239 3653 431 3710 arnhitruncnla
454 3655 512 3714 ista,
537 3663 564 3708 et
585 3654 658 3727 quod
682 3670 742 3709 csse
764 3654 987 3709 iucundissimum
1011 3656 1129 3711 omniunt

114 3757 235 3796 acroama
259 3739 365 3801 dicitur,
389 3747 608 3792 ornamentorum
632 3748 740 3794 tuorum
763 3748 845 3810 atque
859 3738 1006 3810 insignium
1024 3740 1130 3812 praedi-

114 3826 183 3883 catio
206 3824 331 3881 delectat.
362 3822 455 3896 ltaque
477 3839 530 3876 non
554 3821 605 3878 alio
628 3833 769 3895 sequestre
793 3840 824 3878 ac
839 3823 1014 3879 conciliatore
1029 3825 1129 3897 gratiae

115 3920 177 3969 tuae
200 3927 281 3971 usus,
310 3923 391 3979 qnam
413 3906 561 3980 Epiphanio
585 3907 660 3979 ipso,
688 3909 720 3963 ad
744 3909 855 3963 tutelam
879 3909 997 3964 norninis
1020 3910 1059 3964 tui
1082 3926 1131 3981 pa·

114 3996 312 4066 troeiuinmque
335 3991 453 4064 coniugi.
484 3991 560 4059 Quod
584 4001 613 4046 ut
635 3992 699 4047 mihi
722 3992 879 4048 defuturum
901 4010 956 4048 uon
979 4010 1041 4050 esse
1063 4011 1132 4049 cona

115 4080 210 4145 llrlam.
244 4078 307 4136 lacit
337 4093 414 4133 amor
444 4076 574 4149 imprimis
607 4094 671 4149 erga
697 4076 789 4134 bteras
818 4085 897 4133 tous:
933 4087 993 4135 tum
1023 4079 1132 4152 pictatia
