2586 4822
162 720 202 781 74
483 762 485 768 ,
611 731 722 782 reram

153 890 280 963 opinione
309 887 392 944 multa
424 896 487 943 sunt
515 904 529 942 a
554 886 621 943 Viris
651 887 737 943 doctis
760 887 823 943 olim
846 887 1051 952 animadversa,
1081 889 1177 961 partim

152 975 226 1040 salsa,
250 974 346 1048 partim
369 973 450 1028 dubia
474 983 500 1028 et
522 973 633 1028 incerta.
675 973 781 1028 Falsum
805 981 846 1028 est
869 973 901 1028 ad
925 973 1067 1029 Christum
1090 990 1175 1047 usque

153 1060 295 1115 [lominum
323 1060 471 1131 imperasse
501 1068 578 1114 natos
609 1056 728 1113 eTribu
751 1057 832 1113 iudae
855 1058 1011 1132 Principes,
1044 1075 1106 1114 eum
1136 1068 1176 1116 tet

153 1146 229 1201 annis
252 1154 339 1208 antea,
363 1145 415 1198 imo
439 1142 563 1206 saeculis,
588 1142 669 1214 stirps
693 1140 737 1197 illa
755 1143 827 1216 regia
844 1143 984 1200 defecerit.
1016 1143 1098 1212 Quod
1112 1160 1172 1201 rere

153 1230 180 1286 in
201 1229 384 1286 Macchabaeis
408 1228 590 1284 continuatam
614 1226 695 1281 huius
718 1228 816 1283 seriem
839 1227 983 1292 affirmant,
1008 1229 1173 1302 eosdemque

152 1324 274 1370 materno
298 1314 392 1369 saltem
416 1329 516 1385 genere
540 1328 571 1367 er
594 1310 638 1365 illa
656 1311 735 1367 leidae
752 1312 834 1368 Trihu
851 1312 982 1369 oriundos
998 1313 1100 1378 fuisse,
1125 1331 1172 1369 ne·

151 1418 205 1474 quo
228 1417 319 1455 verum
343 1407 399 1460 est,
425 1414 512 1469 neque
536 1397 568 1450 ad
591 1413 648 1451 rem
672 1397 798 1469 pertinet.
829 1397 857 1453 ld
881 1398 953 1472 qund
977 1399 1086 1454 erudite
1108 1400 1171 1454 Per-

46 1529 50 1536 .
152 1486 238 1540 rerius
261 1492 355 1538 noster
377 1481 410 1537 ad
432 1481 506 1537 illum
531 1481 628 1536 Genes.
651 1481 741 1538 locum
764 1483 941 1538 demonstrat.
984 1483 1072 1539 Multo
1095 1485 1172 1557 igitur

152 1571 239 1624 verior
261 1577 288 1624 et
310 1567 398 1622 iacobi
422 1566 508 1622 verbis
532 1567 621 1639 aptior
643 1576 685 1621 est
707 1568 757 1622 ista
779 1568 928 1624 sententia:
954 1578 985 1623 ut
1008 1585 1073 1623 enm
1096 1569 1171 1624 dixit:

152 1653 217 1709 Neu
239 1653 386 1725 auferetur
407 1660 546 1724 sceptrum
567 1654 601 1707 de
623 1651 704 1715 lodo,
727 1669 815 1724 neque
837 1655 895 1708 dun
917 1656 950 1708 de
971 1654 1081 1724 seniore
1104 1655 1168 1719 eius,

153 1742 239 1795 donec
260 1740 355 1794 ueniet
378 1739 426 1809 qui
447 1739 594 1792 mittendus
617 1746 673 1792 eet.-
696 1737 748 1792 hoe
771 1756 855 1793 unum
878 1739 954 1794 velit:
979 1738 1048 1794 Non
1063 1740 1171 1811 ausere-

154 1834 208 1888 tur,
232 1825 282 1888 vel,
306 1833 335 1878 ut
359 1823 491 1878 liebrat'ce
514 1822 628 1895 legitur,
652 1822 710 1876 Non
735 1824 842 1879 recedet
865 1832 1019 1895 sceptrum,
1046 1825 1103 1880 sive
1123 1826 1171 1880 im-

153 1911 257 1984 perium
281 1926 311 1964 ac
335 1917 465 1981 potestas,
489 1910 522 1963 de
544 1907 633 1962 Inde:
657 1908 709 1962 hoc
733 1918 774 1962 est
796 1926 809 1963 a
834 1907 916 1963 Trihn
940 1909 1020 1972 tuda,
1047 1911 1169 1983 regione·

152 2012 205 2068 que
228 1995 280 2059 iila,
304 2011 384 2066 quam
407 1994 434 2047 iu
457 1993 588 2064 promissa
612 2001 681 2047 terra
705 1995 852 2066 decerpant,
877 1994 975 2065 cuique
1000 2011 1103 2050 nomen
1125 1994 1170 2050 de·

50 2136 54 2145 ,
151 2080 230 2135 derit.
276 2079 309 2133 Ut
331 2095 380 2151 per
402 2077 493 2132 ludam
515 2086 569 2132 tam
591 2077 708 2149 populus
731 2078 789 2150 ipse
811 2078 844 2133 ab
867 2078 930 2133 luda
954 2079 1106 2144 oriundus,
1128 2088 1169 2134 aut

151 2164 321 2226 nominatus,
345 2179 424 2234 quam
447 2162 521 2234 regie
544 2161 580 2216 iili
603 2161 732 2217 attributa
755 2164 930 2236 significetur.
976 2163 1044 2219 Nam
1070 2163 1168 2220 tametsi

151 2258 213 2304 ante
230 2247 366 2302 Christum
390 2246 519 2302 translato
543 2248 569 2301 in
592 2247 781 2318 captivitatem,
805 2266 993 2323 oppressoque
1017 2249 1102 2306 iudae
1123 2266 1167 2324 po·

150 2333 225 2407 pulo,
250 2332 356 2405 imperii
378 2333 461 2387 series
484 2331 528 2387 ilia
550 2332 701 2404 interrupta
724 2332 853 2394 videatur.
878 2350 931 2387 non
957 2343 1048 2389 tamen
1066 2336 1164 2408 penius

151 2419 272 2482 recessit,
296 2426 342 2472 aut
366 2418 512 2472 extinctum
536 2426 586 2478 est,
610 2425 672 2472 ante
688 2418 824 2473 iudaicam
848 2418 996 2473 excidium:
1022 2420 1164 2475 secundun

151 2506 224 2578 quod
247 2513 354 2575 tempus
378 2501 499 2575 Templo,
523 2501 599 2565 urbe,
624 2502 736 2574 imperio
759 2520 790 2558 ae
812 2498 948 2582 πολιτείᾳ
970 2505 1055 2567 exuti,
1081 2502 1162 2560 alienis

111 2595 139 2646 51
150 2590 256 2663 legibus
282 2606 313 2644 ac
335 2588 510 2643 ‹torninationi
532 2586 681 2643 subiacent.
727 2588 896 2643 Praeviderat
918 2588 1038 2660 Spiritus
1063 2598 1163 2646 sanctu

151 2675 295 2731 divortium
317 2673 381 2728 iilud
398 2672 475 2746 regni
490 2689 521 2727 ac
536 2672 639 2745 populi,
663 2689 724 2728 eum
740 2672 791 2728 sub
809 2673 946 2729 Roboamo
963 2673 1008 2728 alii
1025 2675 1161 2734 tsraetiue

151 2760 193 2815 aiii
215 2760 295 2814 itariae
319 2758 435 2830 populus
458 2774 489 2813 nc
511 2773 625 2830 regnum
649 2758 782 2813 nominari
804 2767 963 2831 coeperunt.
1006 2758 1125 2815 Noverat
1138 2755 1162 2813 ah

150 2845 265 2918 Assyriis
295 2842 491 2915 profligandum
519 2842 633 2911 alterum
662 2842 742 2905 illud.
772 2843 839 2898 adeo
863 2852 892 2898 ut
914 2843 1058 2915 imperium
1084 2844 1116 2899 ab
1138 2857 1163 2899 et

150 2946 263 3002 prorsus
285 2928 438 2983 auterretur
459 2943 490 2982 ac
512 2926 667 2991 recederet,
697 2944 747 2983 nee
773 2945 892 3002 unquam
914 2928 941 2982 in
964 2928 1105 3001 integrum
1128 2944 1164 2984 re-

151 3015 319 3069 stitueretur.
351 3012 439 3079 Quare
461 3011 493 3066 ad
517 3012 597 3067 huius
620 3011 773 3076 discrimen,
797 3014 831 3069 de
853 3013 936 3067 attera
959 3012 1003 3068 iila
1027 3015 1107 3087 regni
1122 3030 1167 3088 po·

150 3098 261 3172 patique
284 3097 418 3169 portione,
443 3113 511 3169 clune
534 3095 567 3151 ab
591 3096 653 3151 luda
677 3114 773 3172 magna
796 3115 828 3153 ex
850 3107 926 3171 parte
949 3108 1022 3163 nata,
1047 3107 1076 3156 et
1092 3099 1125 3155 ab
1139 3113 1166 3155 et

150 3183 338 3254 cognominata
362 3189 412 3245 est,
437 3181 512 3236 etin
536 3181 593 3236 eius
616 3181 719 3238 ditione
741 3199 861 3255 agroque
880 3183 1021 3248 collocata,
1045 3201 1167 3257 pronun-

150 3266 228 3322 ciavit
257 3274 311 3320 non
337 3274 400 3320 ante
428 3281 597 3321 recessuram
625 3265 658 3321 ab
681 3284 711 3322 ea
734 3276 896 3339 potestatem
919 3277 1001 3342 atque
1025 3269 1167 3342 imperium

150 3368 181 3408 ae
197 3349 320 3423 deinum.
338 3349 459 3416 sormam,
476 3366 556 3423 quam
573 3350 696 3407 Christus
712 3353 873 3409 advenisset.
905 3353 976 3408 Haec
991 3353 1051 3425 ipsa
1067 3354 1169 3410 utrius·

150 3453 203 3510 que
225 3435 310 3507 Regni
332 3435 497 3509 comparatio
525 3451 580 3491 nou
602 3433 776 3493 mediocriter
797 3436 830 3492 ad
852 3437 1044 3493 illustrandum
1067 3440 1169 3496 Oracu·

149 3521 205 3577 lum
228 3519 292 3576 iilud
315 3520 451 3592 pertinere
473 3518 587 3575 videtur.
617 3520 655 3576 Er
678 3539 732 3594 quo
749 3539 919 3595 consequens
935 3532 986 3585 est,
1011 3523 1038 3577 in
1055 3523 1173 3580 Alexan·

150 3607 199 3663 dre
222 3604 330 3661 minime
352 3604 459 3661 fatalem
480 3602 552 3660 iilam
574 3605 682 3678 Imperii
703 3607 861 3680 dignitatem
882 3624 913 3663 ac
936 3614 1103 3681 potestatem
1124 3609 1173 3664 de-

126 3691 242 3763 siisse,
267 3689 314 3747 sed
336 3698 400 3763 post
422 3689 521 3746 Christi
543 3689 711 3748 Nativitatem
735 3701 763 3748 et
784 3691 899 3749 Herodis
922 3691 1027 3748 obitum
1051 3693 1173 3768 extingui

151 3776 282 3848 coepisse,
306 3776 333 3829 in
356 3775 415 3847 ipso
438 3783 528 3830 autem
551 3774 629 3831 Urbis
645 3776 748 3832 excidio
764 3777 885 3833 funditus
901 3776 1027 3833 deletam.
1060 3778 1174 3835 Caetera

150 3860 221 3935 apud
243 3859 396 3915 Perrerium
419 3868 543 3915 nostrum
565 3859 659 3934 legito.

236 3938 351 4002 deducor
372 3935 431 4020 γὰρ
453 3937 473 4019 ἦ
496 3935 594 4018 τάξις]
632 3944 705 4013 Quae
729 3945 773 4001 hic
795 3946 828 4002 ab
851 3946 1001 4021 Epiphanio
1024 3958 1175 4005 narrantur

150 4047 238 4105 neque
267 4046 359 4087 seeum
387 4031 535 4087 cohaerent
563 4047 613 4087 nee
641 4046 702 4086 eum
733 4029 867 4088 Historiae
901 4032 954 4089 fide
983 4035 1177 4091 consentiunt.
