2586 4822
139 744 203 808 atu
488 752 566 802 ttant
585 750 624 801 ua
642 751 681 800 tu
702 750 815 800 otuuts

142 922 254 969 return
278 907 432 966 nationibus
456 907 577 979 reliquis.
608 904 661 961 Sed
684 920 734 960 uos
757 904 799 960 his
822 903 1013 976 pervenientes
1035 904 1063 958 iu
1085 902 1164 967 loeis,
1191 932 1194 937 ·

144 996 229 1053 eoacti
252 1010 345 1049 sumus
369 991 404 1048 olt
428 991 599 1048 occasionem
622 1005 719 1045 causae
742 988 823 1043 lulius
847 986 975 1060 ampliare
998 1003 1163 1043 sermonem.

229 1079 311 1134 Erant
339 1078 448 1151 itaque,
480 1075 526 1148 qui
555 1082 764 1146 permanserunt
792 1089 823 1126 ex
852 1071 994 1143 gentibus,
1030 1073 1056 1127 in
1092 1081 1166 1128 terra

144 1163 241 1226 lsrael,
271 1180 320 1235 pro
347 1160 459 1216 dirersis
482 1159 564 1214 rebus
587 1157 746 1213 Samaritani
770 1156 901 1225 rooati‘j:
932 1155 1049 1210 Prinruru
1073 1172 1089 1210 a
1111 1155 1167 1211 So-

122 1258 213 1312 omer,
237 1264 292 1301 uno
314 1263 346 1301 ex
368 1244 428 1299 filiis
446 1245 667 1298 Chananaeorum
684 1250 712 1295 et
728 1240 943 1295 pherezaeorum
953 1233 980 1309 rt.
1006 1240 1201 1314 priusquamttl

145 1331 296 1388 llabralram
312 1329 463 1402 patriarcba
479 1327 512 1381 ad
534 1326 655 1381 eamdem
679 1334 777 1380 terram
802 1324 944 1379 divininatis
967 1323 1116 1385 adveniret.
1140 1335 1167 1381 et

144 1414 331 1491 appellabatur
352 1413 458 1474 Somer,
482 1420 509 1466 et
531 1411 675 1471 Somorou.
701 1418 753 1464 tam
777 1425 864 1469 mous,
888 1425 968 1480 rpuam
990 1409 1078 1463 onmia
1096 1425 1166 1481 quae

147 1502 246 1557 montis
269 1499 352 1553 uicina
375 1513 435 1552 esse
458 1494 625 1550 violabantur.
658 1495 761 1549 Rursus
783 1493 919 1565 praefatae
934 1501 1039 1565 genitae,
1064 1492 1098 1547 ab
1114 1497 1168 1549 tls-

146 1586 279 1658 syriorum
303 1598 367 1654 rego
391 1581 571 1643 transmissae,
595 1587 703 1634 vocatae
727 1586 791 1632 sunt
813 1575 980 1640 Samaritani,
1004 1577 1051 1650 qui
1073 1586 1168 1633 curto·

112 1671 195 1728 tudes
219 1669 440 1739 interpretantur.
472 1664 559 1720 Habet
580 1673 670 1719 autem
694 1672 722 1719 et
744 1663 822 1718 aliam
839 1660 1097 1739 contemplationem
1113 1679 1167 1718 uo-

148 1753 226 1815 minis
251 1752 330 1806 baritis
353 1750 513 1819 intertiata:
537 1758 650 1823 propter
673 1748 832 1812 custodiam,
856 1745 979 1802 uidelicet
993 1744 1071 1819 legis,
1095 1764 1168 1820 quo·

148 1874 439 1887 ——.-...——-..

150 1934 365 1982 corruniniscuntur
383 1931 496 1980 israelitis
515 1937 569 1978 ante
582 1931 739 1993 captiuitatem
752 1930 838 1991 duplex
852 1929 982 1978 litterarum
997 1942 1071 1990 genus
1085 1928 1170 1987 luisse,

150 2016 272 2049 sacrarum
292 2014 377 2062 nempe
397 2008 420 2047 ot
437 1999 605 2060 prolaoaru1u3
631 2012 767 2058 sacrarum,
791 2012 891 2059 (purarum
911 2012 969 2045 usus
988 1997 1011 2045 in
1030 1997 1122 2056 sacris,
1146 2003 1170 2043 et

150 2070 238 2131 quibus
263 2067 338 2126 legem
363 2068 492 2127 scripserat
511 2067 588 2125 Deus,
614 2073 637 2113 et
661 2066 704 2128 ipsi
725 2079 822 2128 quoque
841 2065 990 2125 scribebant,
1015 2064 1170 2126 profanarum

149 2144 238 2193 autern,
258 2148 299 2181 seu
318 2133 428 2189 civilium,
448 2148 509 2195 (pirae
529 2134 551 2180 in
571 2133 624 2181 aliis
641 2135 826 2195 quilrrrscunque
839 2134 911 2180 rebus
925 2132 1108 2192 adhibebantur,
1126 2131 1171 2180 sed

151 2217 212 2265 quas
230 2210 356 2264 postquam
377 2201 489 2249 Cutlraeis
509 2200 584 2261 legem
610 2201 747 2249 describere
766 2201 841 2248 coacti
861 2200 941 2255 luere,
967 2208 989 2247 et
1008 2199 1055 2248 illis
1074 2200 1104 2248 ud
1123 2201 1171 2247 boe

151 2271 187 2318 usi
207 2277 270 2329 sunt,
289 2283 318 2316 tre
338 2276 403 2316 esset
421 2271 483 2317 inter
501 2283 527 2316 se
547 2277 569 2315 ut
589 2268 717 2328 Cutbaeos,
736 2282 778 2317 seu
799 2269 961 2317 Saritaritauos
980 2271 1129 2326 consortium,
1150 2274 1172 2316 el

151 2340 277 2387 coruurunio
296 2340 319 2384 r'n
337 2338 439 2385 eirrsdenr
457 2341 584 2400 scriptume
601 2354 689 2398 ponere,
709 2336 857 2393 abiecerunt,
876 2338 898 2384 in
919 2349 999 2383 eruum
1019 2335 1098 2383 lucum
1114 2335 1174 2384 sub-

150 2405 286 2463 stituentes,
305 2403 335 2451 ad
353 2417 503 2452 communem
524 2418 601 2463 usum,
622 2403 713 2452 litteras
733 2404 785 2453 illas
805 2418 866 2465 ortae
887 2403 1031 2451 baldriuirae
1049 2403 1172 2451 dicuntur.

151 2473 191 2520 Sic
212 2472 236 2519 ll.
254 2472 375 2519 Tancbum
395 2472 456 2533 apud
477 2471 640 2532 laomellum,
659 2486 710 2533 cap.
720 2472 744 2520 9.
780 2472 894 2519 ll'otnrnnt
913 2472 935 2519 in
956 2470 1033 2519 Praei.
1047 2470 1174 2519 llaimoni-

152 2540 189 2588 dis
214 2543 237 2588 r'u
261 2542 333 2588 libros
351 2540 504 2589 ,llisrlmoiotlr
532 2540 554 2587 iu
581 2540 617 2587 ed.
643 2555 655 2586 a
680 2539 791 2587 lteinorio
817 2547 898 2587 curata
924 2539 1017 2601 lipsiae
1042 2553 1081 2587 an.
1098 2538 1175 2595 ¹705,

151 2623 174 2670 p.
185 2606 248 2658 339.
274 2607 313 2653 ubi
331 2620 404 2665 agens
424 2607 567 2655 Procoolsius
586 2610 613 2656 de
632 2609 758 2656 lotionibus
778 2608 927 2665 ludaeorum,
954 2621 1008 2654 eum
1028 2606 1087 2667 legis
1105 2606 1175 2655 volu·

152 2676 215 2723 ruina
234 2674 358 2736 tlssyriaco
377 2675 465 2736 scripta
484 2689 567 2723 ritanus
586 2674 692 2736 polluere
712 2674 832 2723 llabbiuos
851 2682 949 2736 putasse
968 2674 1101 2734 monuerit,
1127 2675 1176 2723 ltac

151 2742 254 2791 illustrat
278 2742 303 2789 ll.
322 2741 443 2789 Tnuclrurn
469 2742 610 2790 narratione.
647 2743 732 2789 l'erum
758 2743 780 2789 in
806 2750 874 2789 tract.
899 2744 930 2791 lle
953 2743 1040 2791 lotione
1064 2758 1176 2791 otouunrn

153 2812 231 2871 capt
250 2805 316 2870 Μ,
345 2809 414 2856 cuius
439 2811 508 2857 rerba
535 2809 646 2870 superius
664 2809 734 2857 retuli
754 2808 845 2871 puta.
864 2823 911 2856 non
931 2811 1009 2857 omnia
1029 2808 1088 2871 lepis
1106 2809 1177 2857 rolu-

153 2878 230 2932 urina,
250 2875 292 2922 sed
311 2876 458 2937 Scriptorum
477 2878 595 2938 Assyriam
615 2877 637 2924 in
659 2876 720 2938 pello
739 2877 866 2938 scriptum,
891 2884 915 2924 rt
932 2884 1064 2925 atramento
1084 2891 1175 2926 manus

154 2944 261 3005 polluere
284 2943 405 2990 statuitur.
442 2943 511 2999 Quod
535 2951 613 2991 aulem
632 2953 725 3005 spectat
743 2944 773 2992 ad
791 2946 978 2994 commentitiam
998 2944 1060 2993 illam
1080 2945 1176 2994 littera·

152 3024 206 3058 rum
224 3008 402 3057 distructionem
421 3010 444 3057 in
463 3024 543 3058 sacrus
562 3018 584 3058 et
604 3011 690 3071 uiriles,
708 3012 759 3060 ride
779 3012 913 3060 Waltonum
933 3012 1048 3074 Proleg.3
1068 3009 1094 3075 ξ
1105 3011 1147 3061 31.

237 3096 260 3151 e)
280 3094 418 3142 ¹lnastasius
437 3094 535 3154 Sinaita,
554 3109 615 3157 (purae
634 3103 775 3158 sequuntur,
794 3111 872 3159 usque
890 3097 919 3145 ad
939 3098 1009 3145 llnem
1030 3097 1177 3160 paragraphi

153 3160 234 3213 relert.
255 3159 404 3217 Quaerenda
424 3161 462 3209 ubi
482 3162 514 3209 ait
533 3176 559 3210 ea
578 3164 702 3225 occepisse
721 3180 750 3212 ee
763 3165 891 3227 lipiplmnr'o
907 3166 937 3213 od
952 3167 1084 3213 Diodorum.
1123 3165 1176 3213 lant

152 3243 206 3277 uero
226 3243 254 3276 en
274 3242 359 3276 norum
379 3230 500 3277 innuimus
518 3229 610 3289 locum,
638 3232 700 3279 trude
725 3232 780 3279 licet
801 3232 916 3279 Graecum
935 3240 1023 3279 terrram
1041 3231 1096 3279 libri
1116 3231 1177 3293 Epi·

149 3296 249 3360 plranii,
274 3310 345 3358 quern
371 3298 478 3358 edimus,
503 3299 646 3353 restituerer
672 3300 695 3346 in
720 3299 837 3360 principio
856 3307 934 3346 tamen
953 3300 1093 3347 daarstasius
1112 3314 1178 3348 non-

154 3364 217 3412 nulla
236 3364 330 3412 breuius
349 3364 522 3426 complectitur,
541 3373 563 3413 et
583 3368 606 3414 in
626 3367 745 3429 epitomen
766 3367 857 3425 redigit.

239 3430 257 3487 lt
277 3432 302 3479 ln
321 3432 431 3491 Pooorio,
452 3432 502 3481 b.9
521 3430 545 3496 ξ.
559 3434 584 3494 l,
605 3434 676 3481 babet
694 3436 778 3481 Soumr
797 3435 909 3481 babuisse
928 3441 1019 3495 patrem
1039 3449 1065 3482 er
1084 3448 1180 3495 genere

154 3497 212 3546 τῶν
228 3493 382 3563 ψερεζαίων
398 3493 443 3545 καὶ
463 3500 642 3564 Γεργεσαίων.
686 3503 862 3551 Plterrzororum
880 3511 900 3550 et
918 3504 1104 3565 Grrperoeoruor,
1125 3510 1177 3551 ete.

239 3572 262 3626 gl
281 3566 413 3628 Epipltanio
432 3567 546 3616 familiare
565 3568 609 3616 luit
627 3568 694 3631 plura
713 3577 788 3630 etymo
808 3568 886 3616 eidem
906 3570 996 3616 nomini
1014 3571 1130 3625 tribuere,
1150 3578 1178 3618 et

155 3649 216 3697 «pirae
242 3635 280 3682 bie
304 3634 334 3682 de
353 3635 556 3684 Samaritanorum
582 3637 685 3684 nominis
710 3636 800 3695 origine
824 3636 908 3696 docet,
939 3639 1038 3698 repetita
1064 3637 1178 3685 invenies

156 3703 226 3749 etiarn
245 3702 268 3749 iu
287 3703 384 3752 Porrnrio
404 3702 452 3750 ltll
471 3700 529 3766 §.b
572 3704 682 3753 Ceterum
711 3711 775 3751 recte
802 3704 902 3764 primam
927 3704 1043 3764 originem
1067 3704 1179 3753 nominis

155 3769 359 3818 Samaritanorum
377 3784 390 3816 a
410 3771 494 3817 Sornrr
513 3772 611 3833 repetit,
635 3786 661 3819 ea
681 3771 743 3819 enim
762 3770 813 3819 stila
831 3786 884 3820 uera
904 3779 953 3832 est,
972 3784 1044 3834 quum
1063 3786 1179 3835 compro·

155 3838 211 3884 baut
230 3850 312 3884 sarrae
333 3837 434 3884 Litterae
453 3837 492 3886 lib.
513 3838 542 3886 lll
560 3839 614 3899 lleg.
634 3838 794 3900 coplata,
819 3839 859 3886 irbi
884 3839 998 3900 legimus,
1024 3838 1090 3901 quod
1109 3840 1179 3888 bmri

155 3918 194 3951 rer
215 3902 287 3951 lsrael
307 3907 359 3951 emit
377 3910 474 3952 montem
492 3906 610 3956 Somorioe
629 3924 643 3955 o
661 3908 740 3956 Somer
758 3909 848 3956 duobus
866 3907 959 3955 talentis
978 3910 1074 3969 arpenti.
1095 3914 1117 3955 et
1134 3922 1178 3955 rte-

156 3973 254 4029 difirooit
273 3986 331 4029 erim,
352 3977 373 4018 et
391 3974 478 4018 rororit
498 3989 578 4024 nomen
596 3976 704 4032 trottouo,
730 3990 798 4036 quom
816 3981 959 4035 entruaerot,
986 3977 1075 4024 nurnine
1094 3975 1181 4024 Sonter

157 4039 243 4086 domini
267 4038 351 4086 irruatis
375 4038 511 4089 Semurium.
548 4040 658 4089 Concinit
682 4042 829 4090 comeaeris
849 4042 1178 4107 Litterislosepltualutiq.
