2586 4822
479 809 769 863 toruiormsiouas.
1071 797 1135 881 tp}

111 962 352 1041 bletagitaloneru,
376 963 617 1029 botdromiooem,
645 964 869 1039 Pyroepsionem.
913 964 981 1023 Cum
1000 966 1085 1041 igitur
1108 976 1136 1026 et

112 1047 287 1123 Pyaarepslon
315 1048 351 1106 sit
371 1048 524 1107 November
551 1059 580 1107 et
602 1050 736 1107 Posideoo
758 1049 914 1115 lanuariua,
948 1050 1039 1109 nullus
1066 1051 1135 1110 alius

112 1130 257 1190 Decembri
283 1150 435 1208 congruere
457 1143 550 1207 potest
572 1143 678 1208 praeter
701 1135 962 1193 llaemacteriouem.
1006 1136 1047 1193 td
1068 1137 1136 1195 haec

112 1216 250 1297 diodorus
273 1218 327 1276 l.3
356 1219 496 1275 continuat
524 1219 574 1277 hos
604 1219 672 1276 duos
700 1238 808 1279 mensos
830 1220 1081 1277 Maemaoteriooem
1107 1230 1136 1278 et

111 1302 304 1361 Posideonem.

201 1390 254 1445 Sed
277 1389 409 1445 eiusmodi
432 1400 473 1445 est
494 1389 539 1445 illa
562 1389 628 1445 ratio
643 1388 740 1464 Scalig.
765 1398 795 1445 ut
817 1389 850 1447 ad
873 1390 1034 1446 contrariam
1048 1390 1135 1448 Gazae

110 1474 278 1541 sententiam
300 1472 500 1548 approbandam
523 1475 611 1548 aptior
633 1475 778 1546 excogitari
802 1474 874 1531 nulla
896 1475 993 1548 possit.
1023 1474 1088 1531 llam
1111 1476 1134 1531 si

111 1556 285 1632 Pyaocpsioo
306 1559 449 1616 Novembri
471 1559 628 1632 respondet,
653 1559 871 1615 llecatombaeon
895 1568 984 1616 autem
1003 1560 1079 1625 lulio,
1104 1569 1135 1617 ut

111 1643 202 1700 eidem
225 1645 321 1718 Scalig.
346 1645 442 1719 placet,
466 1644 639 1718 Metagitnion
656 1647 789 1718 Augusto,
814 1643 992 1701 llo'edromioo
1007 1645 1135 1718 Septem-

111 1726 167 1793 bri,
191 1730 251 1802 quis
268 1730 412 1787 Octobrem
423 1729 490 1786 alius
506 1739 615 1805 praeter
630 1728 881 1785 llaomacterioncm
899 1729 949 1786 sibi
964 1728 1135 1786 vendicabit?

110 1810 236 1869 Pessime
259 1815 348 1889 itaque
383 1823 505 1888 quartam
527 1814 564 1871 illi
587 1813 679 1870 sedem
701 1813 832 1879 attribuit,
857 1831 888 1870 ac
901 1816 963 1870 τῶν
977 1807 1136 1891 ὀπωρινῶν

110 1898 230 1972 primum
253 1899 324 1964 lacit,
347 1900 369 1954 si
385 1898 513 1956 Norcmb.
530 1899 665 1972 congruit.
692 1900 763 1955 Sauo
779 1899 992 1972 Pyanepsionem
1009 1901 1134 1974 quintum

111 1983 308 2057 potiusquam
331 1994 457 2058 quartum
481 2002 540 2041 esse
563 1983 760 2039 numerandum
781 2001 815 2039 ex
837 2000 869 2040 eo
892 1983 1036 2058 colligitur,
1061 1986 1135 2058 quod

110 2067 196 2125 hiemi
219 2086 328 2143 quoqne
351 2068 494 2127 tribuatur
525 2069 592 2125 llam
607 2069 823 2142 Thesmophoria
838 2067 1024 2143 Tyanepsione
1040 2086 1134 2127 mense

111 2150 224 2217 fiebant,
248 2162 278 2209 ut
301 2153 401 2209 l‘lut.'
395 2172 420 2209 m
445 2154 564 2211 Demost.
587 2154 729 2228 significat.
764 2153 978 2237 Thesmophoria
998 2171 1083 2228 porro
1104 2155 1134 2211 iu

111 2236 266 2293 hiemem
260 2256 398 2294 incurrere
428 2248 545 2296 testatur
572 2239 768 2313 Aristophanes
799 2232 1135 2334 Θεσμοφοριαζούσαις.

110 2322 191 2396 Apud
214 2340 293 2397 quem
316 2324 464 2397 agathonis
487 2342 582 2380 servus
604 2325 636 2379 de
656 2323 933 2425 Thesmophoriorum
956 2325 1134 2398 temporesic

111 2405 244 2480 loquitur,
269 2399 361 2475 αὐτὸς
381 2401 459 2509 pdp
464 2401 554 2476 agatur
577 2402 671 2481 τάχα·
696 2403 745 2463 καὶ
768 2402 826 2483 γὰρ
848 2399 1062 2481 μελοποιεῖνν
1043 2427 1134 2511 αρχε-

111 2510 175 2560 ται,
193 2494 344 2564 χειμῶνος
366 2511 420 2548 οιν
442 2510 530 2559 οντος
552 2485 780 2564 κατακάμπτειν
801 2486 856 2559 τὰς
870 2487 1011 2569 στροφὰς
1025 2486 1060 2549 od
1075 2485 1133 2574 ῥᾴ-

110 2569 229 2646 διον,“
212 2596 249 2649 ην
270 2571 313 2652 μὴ
336 2576 429 2655 αροΐη
442 2571 558 2653 θύραζε
575 2571 652 2651 πρὸς
667 2571 720 2634 τὸν
734 2566 828 2651 ἥλιον.
858 2577 998 2641 decedunt
1013 2579 1133 2635 rationes

107 2660 188 2726 aliae,
212 2679 278 2735 quas
302 2679 318 2718 a
339 2662 483 2719 'llreodoro
505 2662 658 2736 propositas
675 2661 795 2734 Scaliger
817 2661 976 2718 dissimulat
1006 2660 1040 2717 Ut
1061 2663 1133 2719 inter

108 2744 171 2811 alia,
196 2747 268 2820 quod
292 2748 371 2802 llrist.
397 2748 428 2802 de
452 2746 521 2803 Hist.
544 2747 632 2803 daim.
651 2748 678 2811 6,
697 2747 735 2803 29
759 2745 948 2802 botdromioni
971 2746 1134 2804 llaemacte·

109 2831 218 2887 rionem
240 2830 388 2905 subiungit,
412 2831 458 2888 ubi
481 2832 514 2887 de
537 2848 678 2889 cervorum
702 2832 769 2886 initu
793 2831 927 2905 loquitur:
949 2822 969 2907 ἢ
994 2824 1027 2887 δὲ
1048 2823 1134 2904 ὀχεία

108 2911 224 2993 γίνεται
251 2909 316 2989 μετ)
335 2910 522 2994 Ἀρκτοῦρον
548 2912 615 2989 περὶ
646 2910 698 2973 τὸν
723 2911 947 2993 Βοηδρομιῶνα
969 2912 1019 2971 καὶ
1042 2912 1133 2973 Μαι-

105 3002 319 3079 μακτηριῶνα.
350 3003 400 3071 Qui
423 3002 499 3059 loeus
523 3003 620 3076 Scalig.
644 3001 781 3057 silentium
805 3000 897 3057 indicit
920 3009 947 3056 et
963 3001 1049 3058 Gazae
1071 3001 1134 3075 opi·

109 3088 224 3143 aionem
246 3088 350 3143 astruit.
389 3087 447 3142 lluo
471 3088 542 3143 enim
566 3104 597 3143 ex
619 3086 651 3143 iis
674 3086 762 3142 verbis
784 3094 859 3142 reete
881 3085 1032 3143 concludit.
1062 3085 1134 3143 alte·

106 3189 182 3234 rum,
205 3171 456 3228 llaemacteriooem
478 3172 559 3246 paulo
583 3181 644 3244 post
665 3172 771 3227 Arcturi
795 3181 884 3228 ortum
907 3171 1040 3244 incipere:
1063 3170 1133 3228 alio-

108 3258 158 3333 qui
187 3255 286 3313 trustra
309 3256 559 3313 llaemacterioncm
583 3256 771 3312 llotdrornioni
800 3255 955 3312 subiiceret,
1000 3258 1132 3312 Arcturus

107 3350 203 3398 autem
227 3343 297 3396 circa
319 3342 475 3397 autumnale
496 3341 696 3414 aequinoctium
720 3341 815 3396 oritur
845 3340 909 3396 Naro
927 3340 1132 3414 Theophrastus

107 3420 260 3509 ατρωνίαν
291 3425 389 3483 llorere
421 3426 485 3482 dicit
513 3421 579 3501 napi
604 3418 788 3501 Ἀρκτοῦρόν
772 3443 846 3480 ντε
879 3419 928 3480 καὶ
962 3420 1133 3528 loppepr'om.

108 3502 262 3569 ¹Galenus
255 3504 462 3612 insuperiori
484 3505 549 3583 μὲν,
573 3510 668 3583 inquit,
688 3502 884 3612 ὡραιότατον
904 3510 959 3583 τῆς
974 3503 1128 3585 ελατης
1095 3528 1131 3566 το

108 3590 236 3670 σπέρμα
264 3591 331 3672 περὶ
359 3615 414 3670 rav
441 3589 581 3669 ἓπιτολνν
608 3596 663 3650 τοῦ
685 3586 887 3735 Apxaovppv·
916 3584 1000 3660 ὅστις
1027 3587 1132 3671 καιρὸς

109 3676 144 3739 ἓν
154 3673 297 3758 Ῥώμῃι
284 3700 299 3737 ο
323 3673 509 3753 καλούμενος
521 3674 584 3754 μὴν
567 3673 698 3735 νΣεπτέ
694 3673 789 3756 pflpid
792 3696 807 3746 ς
829 3675 901 3735 ἐστι.
932 3678 1020 3747 Quare
1042 3678 1132 3736 modi-

107 3782 174 3825 cum
198 3784 213 3822 a
232 3766 385 3840 Septembri
408 3765 508 3822 distare
523 3763 774 3820 llaemacteriooero
790 3780 902 3820 necesse
918 3772 968 3819 est.
997 3763 1130 3830 Alterum,

105 3852 187 3927 quod
203 3851 271 3906 Gaza
294 3851 405 3924 colligit,
429 3858 485 3906 est:
508 3849 759 3906 llaemacterionem
777 3848 965 3904 Botdromiooi
979 3849 1131 3922 proximum

106 3952 184 3994 csse.
227 3934 293 3991 llam
321 3937 428 4009 quoties
452 3935 521 3991 duos
544 3951 651 3990 menses
673 3934 710 3989 ita
732 3933 849 4006 copulat,
876 3942 907 3989 ot
929 3932 1029 4006 aliquid
1050 3949 1132 4008 prae-

104 4021 225 4097 sertim
231 4021 302 4076 circa
324 4031 431 4094 tempus
454 4029 559 4077 certum
581 4018 702 4075 accidere
725 4017 777 4074 illis
799 4017 938 4075 mensibus
961 4017 1039 4081 dicat,
1063 4033 1131 4073 con-

107 4104 205 4163 tinuos
229 4122 289 4162 esse
311 4123 418 4163 meuses
442 4104 570 4163 ostendit.
600 4104 639 4160 lta
662 4121 723 4161 cum
738 4103 772 4159 de
787 4103 875 4161 hobus
891 4104 961 4179 agit:
986 4118 1132 4179 αρχονται

163 4199 308 4254 Epiphanius.
329 4199 352 4243 v.
542 4252 544 4257 Ι
946 4201 978 4252 10
