2586 4822
280 836 315 891 11.
350 840 414 889 ΕΙΣ
432 840 508 891 ΤΗΝ
525 841 649 891 mum
667 840 738 890 ΊῸΥ
754 842 897 893 mmor.
1064 832 1103 893 15

81 996 158 1071 μεῖα
179 981 373 1067 όνοίξαντος
393 993 447 1055 καὶ
470 990 509 1056 τὸ
532 976 785 1073 καταπέτασμα
789 994 849 1057 τοῦ
873 994 953 1057 ναοῦ
969 1000 1102 1075 σχλσαν-

82 1088 162 1162 τος”.
210 1080 306 1153 οῦόέν
333 1089 485 1153 τοιοῦτον
513 1088 599 1172 πρὸς
626 1086 776 1153 Πιλάτου
805 1090 905 1172 λέγει,
940 1084 1024 1154 ἀλλὰ
1050 1095 1103 1171 vl,-

83 1186 214 1266 αἰτησίν
235 1208 310 1249 τινα
332 1183 523 1267 οέκτρὰν,’
499 1211 525 1250 ω
547 1185 657 1268 κριτὰ,
688 1188 740 1250 καὶ
763 1195 836 1263 τοῖς
858 1189 944 1251 πᾶσι
971 1186 1100 1269 μικράν,

83 1279 276 1362 αἰτούμενος
296 1280 383 1365 πρὸς
405 1283 441 1347 σὲ
465 1288 689 1367 παραγέγονά·
724 1281 781 1359 δός
798 1305 859 1364 μοι
881 1282 992 1365 νεκρὸν
1016 1282 1102 1365 πρὸς

74 1376 190 1460 ταφὴν
211 1376 251 1442 τὸ
273 1381 370 1461 στῦμα
393 1378 516 1445 ἐκείνου
544 1383 602 1444 τοῦ
632 1377 726 1462 παρὰ
754 1383 815 1444 σοῦ
843 1386 1127 1464 κατακριθέντοςι»

59 1478 181 1557 ’Ἰησοῦ
203 1477 263 1539 τοῦ
285 1476 493 1560 Ναζωραίου,
526 1471 628 1561 Ἰησοῦ
656 1480 714 1542 τοῦ
738 1480 882 1559 πτωχοῦ,
910 1472 1013 1564 Ἰησοῦ
1041 1482 1100 1544 τοῦ

70 1565 205 1650 ἀοίκου,
235 1565 338 1658 Ἰησοῦ
366 1577 425 1638 τοῦ
453 1579 655 1657 κρεμαμένου
683 1578 815 1658 γυμνοῦ,
848 1577 907 1639 τοῦ
940 1569 1099 1654 εὐτελοῦς,

56 1664 180 1751 ’Ᾰηαοῦ
203 1672 261 1733 τοῦ
284 1675 434 1748 τέκτονας
456 1672 539 1749 υἱοῦ,
560 1665 663 1756 Ἰησοῦ
678 1673 737 1735 τοῦ
756 1672 902 1753 δεσμίαν,
922 1666 1026 1758 Ἰησοῦ
1041 1674 1101 1738 τοῦ

10 1795 47 1850 3
70 1764 236 1850 αἰθρίου,
268 1761 370 1853 Ἰησοῦ
399 1770 458 1833 τοῦ
487 1769 579 1846 ξένου
608 1769 661 1832 καὶ
692 1767 747 1833 έπλ
778 1770 868 1853 ξένης
897 1763 1101 1853 ἆγνωρίστου

61 1864 138 1927 καὶ
157 1858 443 1953 εὐκαταφρονήτου
465 1867 517 1930 καλ
542 1865 599 1931 έπλ
621 1867 708 1930 πᾶσι
723 1871 934 1947 κρεμαμένου.
971 1865 1028 1943 δός
1042 1882 1144 1946 μσιίο

62 1963 197 2025 τοῦτον
219 1984 276 2026 τον
300 1963 408 2040 ξένον·
450 1968 484 2027 τί
506 1963 566 2047 γάρ
590 1985 627 2028 σε
649 1962 770 2027 λοιπόν
793 1957 917 2047 ὠφελεῖ
944 1962 983 2027 τό
1004 1965 1101 2045 σῶμα

66 2056 199 2123 τούτου
220 2062 280 2123 τοῦ
303 2060 413 2140 ξένου,·
451 2061 509 2138 δός
528 2083 588 2143 μοι
616 2063 734 2123 τοῦτον
756 2057 813 2124 τὸν
836 2061 944 2137 ξένον·
982 2059 1016 2126 έκ
1037 2085 1102 2142 μα-

70 2157 160 2233 κρᾶς
180 2155 241 2239 γάρ
263 2144 368 2241 ἦλθεν
389 2159 447 2241 τῆς
474 2156 583 2241 χώρας
605 2146 685 2235 ὦδε,
720 2157 775 2222 ἵνα
798 2156 889 2244 σώση
912 2156 970 2223 τὸν
993 2158 1101 2236 ξένον·

75 2249 144 2326 δός
160 2277 217 2333 μοι
239 2256 357 2318 τοῦτον
379 2253 436 2318 τὸν
460 2255 567 2332 ξένου
605 2256 751 2341 κατῆλθε
778 2253 839 2369 γάρ
868 2254 914 2332 εἰς
943 2280 1001 2342 την
1025 2277 1101 2319 σκο-

78 2348 187 2463 τεινην
209 2343 377 2434 ἀνενέγκαι
399 2350 457 2414 τὸν
480 2353 580 2430 ξένον.
619 2352 676 2428 δός
697 2375 757 2433 μοι
778 2355 896 2417 τοῦτον
918 2351 976 2416 τὸν
993 2352 1099 2430 ξένον·
1112 2368 1144 2419 15

83 2438 180 2555 (τότὸς
205 2446 266 2530 γὰρ
295 2451 347 2512 καὶ
376 2448 478 2529 μόνος
499 2445 641 2560 ὑπάρχει
663 2450 762 2526 ξένος
812 2448 869 2526 δός
896 2472 957 2532 μοι
983 2451 1100 2513 τοῦτον

89 2537 144 2606 τὸν
161 2545 260 2620 ξένον,
291 2534 420 2622 οὗτινος
440 2571 498 2631 την
518 2544 628 2627 χώραν
651 2540 830 2629 ἀγνοοῦμεν
853 2546 885 2610 οἱ
909 2547 1004 2624 ξένοι.
1044 2543 1101 2622 όός

93 2654 146 2708 μοι
162 2644 279 2706 τοῦτον
300 2641 358 2706 τὸν
381 2643 486 2719 ξένον,
525 2631 654 2718 οὗτινος
682 2641 740 2706 τὸν
768 2638 939 2724 πατέρα’
920 2645 1101 2757 αγνοοῦμεν

67 2732 128 2794 0ολ
145 2736 232 2813 ξένοι.
272 2736 329 2815 δός
350 2762 409 2820 μοι
431 2741 548 2803 τοῦτον
570 2736 627 2802 τὸν
650 2740 751 2815 ξένον,
776 2726 905 2815 οὗτινος
922 2737 980 2804 τόν
995 2738 1100 2803 τόπον

99 2833 189 2894 καὶ
160 2858 214 2900 ταν
235 2833 333 2899 τόκον
355 2833 488 2899 καὶτὸν
511 2832 637 2948 τρόπον
660 2830 840 2918 ἀγνοοῦμεν
863 2834 896 2900 οἱ
913 2836 1008 2914 ξένοι.
1044 2832 1144 2911 δόςω

102 2944 147 3000 μοι
163 2936 278 2998 τοῦτον
301 2931 358 2995 τόν
381 2933 482 3009 ξένον,
505 2929 563 2996 τὸν
578 2932 669 3046 ξένην
693 2931 777 3016 ζωὴν
799 2935 852 2996 καλ
868 2935 942 3011 βίον
959 2931 1102 3051 ζήσαντα

105 3015 261 3145 ἕαιξένης.
308 3027 365 3105 όός
385 3051 445 3111 μοι
466 3031 584 3093 τοῦτον
605 3027 663 3093 τὸν
686 2959 884 3111 Ναζωραῖον
914 3030 1014 3107 ξένον,
1045 3017 1102 3094 ου·

107 3139 172 3202 τινος
196 3126 254 3191 τὸν
282 3125 378 3190 τόκον
406 3126 459 3190 καὶ
488 3124 546 3189 τὸν
574 3125 700 3208 τρόπον
732 3120 911 3210 άγνοοῦμεν
941 3126 974 3190 οἱ
1003 3126 1098 3203 ξένοι.

107 3213 147 3294 (λός
163 3248 218 3306 μοι
240 3226 358 3288 τοῦτον
380 3222 437 3288 τὸν
460 3221 610 3288 ἑκούσιον
627 3223 727 3302 ξένον,
751 3224 809 3288 τὸν
831 3222 875 3309 μὴ
899 3223 1014 3304 έχοντα
1037 3212 1101 3288 ὧδέ

107 3334 155 3379 που
177 3320 234 3405 τὴν
262 3319 407 3406 κεφαλὴν
428 3321 546 3385 κλῖναι.
596 3319 653 3397 δός
679 3344 738 3402 μοι
765 3323 883 3385 τοῦτον
911 3319 969 3385 τὸν
999 3322 1145 3398 ξένους,

107 3407 148 3474 τὸν
165 3412 207 3495 ὥς
228 3420 320 3497 ξένον
343 3416 402 3482 έπὶ
431 3419 521 3502 ξένης
549 3416 662 3483 άοικον
693 3417 748 3482 ἐπὶ
778 3419 904 3504 φάτνης
931 3422 1099 3498 τεχθέντα.

108 3504 219 3596 έὸςμοι
241 3518 359 3579 τοῦτον
380 3513 438 3578 τὸν
467 3514 574 3592 ξένον,
611 3512 668 3579 τόν
698 3513 733 3592 ἒξ
761 3509 860 3599 αὐτῆς
887 3517 946 3599 τῆς
976 3513 1102 3600 φάτνης

107 3597 140 3680 ὦς
160 3611 246 3688 ξένον
275 3611 311 3690 έξ
335 3606 484 3695 Ἡρώδου
517 3610 674 3696 φυγόντα.
727 3610 785 3689 δός
812 3634 872 3694 μοι
899 3615 1017 3676 τοῦτον
1044 3608 1102 3675 τὸν

105 3705 184 3785 ξένον,
206 3707 264 3773 τὸν
287 3708 323 3786 έξ
344 3703 452 3773 αὐτῶν
474 3711 540 3773 τῶν
556 3707 755 3792 σπαργάνων
772 3706 806 3774 έν
821 3706 987 3793 Αλγόπτην
1004 3710 1102 3785 ξενω-

103 3806 195 3882 θέντα,
219 3803 257 3884 ὃς
279 3799 317 3869 οῦ
340 3804 449 3884 πόλιν,
474 3800 512 3870 οῦ
531 3805 651 3887 κώμην,
676 3799 734 3870 οῦκ
749 3799 848 3882 οἷκον,
868 3800 911 3869 ὀῦ
926 3803 1038 3889 μονὴν,
1063 3795 1146 3875 οῦοο

10 3936 12 3940 -
99 3904 217 3988 συγγενῆ
251 3906 418 3987 κέκτηται,
456 3897 513 3968 ἐπ’
546 3897 739 3989 ἀλλοδαπῆς
772 3903 807 3967 δὲ
839 3902 947 3985 χώρας
974 3900 1033 3965 οῦν
1062 3900 1101 3983 τῇ

10 4048 17 4086 ;
72 4002 179 4084 ημητρλ
203 3999 319 4082 έχοντα
340 4000 398 4084 την
421 3999 550 4084 οἴκησιν
572 4003 627 4064 καὶ
648 3998 690 4066 τὰ
705 3998 816 4064 πάντα
831 4004 1015 4079 κατέχοντα.
1046 3995 1103 4071 δός

10 4158 13 4164 .
87 4118 151 4183 μοι,
174 4086 200 4162 ὦ
221 4093 360 4182 ἡγεμών,
383 4099 500 4162 τοῦτον
521 4096 579 4161 τὸν
602 4095 657 4162 έπλ
675 4095 771 4174 ξόλου
787 4095 917 4179 γυμνὸν,
945 4090 1104 4158 οκεπόσω
