2586 4822
140 779 186 840 20
343 788 379 840 11.
413 789 477 838 m
495 788 570 837 τον
587 788 709 836 mmm
728 786 798 835 mr
815 785 955 835 mm.

145 941 327 1006 καταδίκων
356 935 519 1006 ἀπόλυσιν
555 939 590 1017 ἐξ
621 933 750 1023 άγαθοῦ
786 935 950 1003 δεσπότου
979 940 1206 1020 γινομένηνῖυἳ

147 1036 323 1121 πορεύεται
344 1039 405 1122 γὰρ
429 1033 446 1101 5
470 1037 569 1123 φύσει
599 1036 841 1121 φιλάνθρωπος
870 1032 982 1111 ἐξάξαι
1004 1033 1081 1110 τοῦς
1104 1026 1158 1098 ἀπ’

147 1134 266 1212 αἰῶνος
289 1136 443 1216 δεσμίους
472 1133 505 1200 ἐν
534 1130 668 1219 ἀνδρείᾳ
697 1138 749 1198 καί
773 1132 905 1216 ἐξουσίᾳ
927 1131 1052 1215 πολλῇ,
1087 1129 1163 1207 τούς

145 1235 377 1309 κατοικοῦντας
405 1232 438 1297 ἐν
466 1231 602 1317 τάφοις,
641 1229 697 1308 οὓς
729 1236 883 1295 κατέπιεν
915 1231 1115 1311 τυραννικῶς
1145 1223 1162 1293 5

122 1328 265 1413 επικρὸς
287 1332 338 1394 καί
364 1325 538 1412 ἀκόρεστος
560 1328 707 1404 θάνατος
728 1327 930 1411 τυραννήσας
952 1330 1004 1391 καί
1029 1325 1063 1391 ἐκ
1079 1328 1161 1391 θεοῦ

147 1422 361 1514 άποσυλησας
383 1422 465 1509 ὁμσῦ
488 1429 600 1492 τεκαὶ
623 1424 798 1508 σιυρεύσας,
822 1434 893 1501 τοῖς
908 1422 977 1489 ἄνω
992 1426 1163 1488 κατοικοῦ-
1186 1432 1190 1438 ’

147 1547 200 1590 σιν
223 1522 449 1607 ἐλευθερώσας
472 1526 727 1607 συναριθμῆσαι,
767 1522 832 1587 ἐκεῖ
860 1524 994 1601 δέσμιος
1013 1515 1120 1603 Ἀδάμ
1147 1517 1164 1586 5

147 1623 412 1707 πρωτόπλαστος
433 1625 485 1687 καὶ
510 1626 774 1705 ττρωτσγίννητος
804 1619 936 1683 πάντων
964 1620 1161 1685 κατωτάτων

147 1722 329 1785 καταδίκων
357 1718 546 1803 κακώτερος.
585 1719 650 1785 ἐκεῖ
668 1716 767 1800 Ἅβελ
796 1714 812 1779 5
842 1715 1081 1802 πρωτόθνητος
1110 1718 1162 1783 καί

110 1839 140 1889 10
149 1819 391 1902 πριυτοδίκαιος
413 1816 537 1902 ποιμὴν
553 1819 702 1899 Χριστοῦ
725 1821 884 1897 ποιμένος
899 1814 1003 1892 τύπος
1018 1818 1077 1900 τῆς
1093 1811 1165 1881 όδί·

147 1938 205 1978 κου
230 1917 366 1999 σφαγῆς.
412 1915 478 1980 ἐκεῖ
501 1918 577 1980 Νῶε
601 1910 618 1978 5
640 1917 789 1995 Χριστοῦ
811 1912 916 1989 τύπος
944 1917 1001 1999 τῆς
1023 1915 1191 1996 μεμάληςΒ

149 2015 290 2094 κιβωτοῦ
314 2014 395 2076 θεοῦ
421 2011 588 2094 ἐκκλησίας
610 2018 748 2092 κτίστης,
772 2013 829 2095 τῆς
852 2010 893 2075 τά
915 2011 1066 2095 θηριώδη
1084 2012 1165 2097 ἔθνη

149 2108 260 2172 πάντα
283 2106 316 2171 ἐκ
337 2109 563 2189 κατακλυσμοῦ
588 2103 738 2191 άσεβείας
768 2107 824 2172 διὰ
847 2111 1043 2191 περιστεράς
1068 2108 1180 2175 meiu-

149 2227 252 2286 ματος
282 2198 375 2286 άγίου
406 2205 629 2290 διασωσάσης,
671 2206 724 2270 καί
753 2205 809 2269 τόν
840 2205 978 2291 ζοφερόν
1008 2206 1166 2290 διάβολον

114 2301 271 2384 ιδκόρακα
294 2301 328 2366 ἐκ
350 2300 468 2386 ταύτης
490 2303 691 2387 ἐξορισάσης.
731 2298 960 2386 ἐκείἈβραάμ
984 2298 1166 2388 όΧριστο-

149 2400 266 2480 πάτωρ
289 2399 393 2483 θύτης
417 2396 433 2463 5
457 2399 514 2485 την
539 2401 718 2487 ξιφάξιφον
743 2397 824 2482 ὁμοῦ
854 2404 905 2465 καί
930 2400 1165 2486 θνητάθνητσν

149 2500 220 2582 θεῷ
254 2496 363 2573 θύσας
394 2502 517 2561 θυσίαν
552 2498 742 2580 πανόλβιον.
802 2497 867 2564 ἐκεῖ
903 2497 991 2563 κάτω
1029 2501 1166 2581 δέσμιος

147 2587 253 2659 Ἰσαάκ
275 2592 292 2658 5
316 2593 421 2659 πάλαι
445 2595 579 2675 δέσμιος
597 2597 830 2677 Χριστότυπυς
853 2593 919 2660 ύπό
940 2591 1093 2679 Ἀβραάμ
1115 2623 1167 2682 γε·

152 2691 286 2774 νόμενος
308 2690 385 2757 άνω.
422 2691 487 2758 ἐκεῖ
500 2688 611 2775 Ἰακώβ
626 2691 765 2779 ἐνἍιδη
782 2693 966 2770 κατώδυνος
982 2696 1071 2759 κάτω
1087 2695 1166 2777 πρὶν

111 2789 207 2857 ίῡδιά
226 2783 345 2874 Ἰωσὴφ
367 2788 550 2866 κατώδυνος
579 2789 655 2854 ἅνω.
695 2790 760 2855 ἐκεῖ
786 2787 904 2878 Ἰιυσηφ
938 2788 954 2854 5
984 2794 1121 2875 δέσμιος
1149 2788 1165 2857 5

152 2885 185 2951 ἐν
208 2885 370 2970 Αἰγύπτῳ
400 2887 538 2970 γεγονώς
568 2887 600 2952 ἐν
630 2891 676 2971 τῳ
706 2889 916 2974 δεσμωτηρίῳ
947 2890 993 2966 είς
1015 2893 1165 2974 Χριστοῦ

151 2981 255 3046 τύπον
279 2984 446 3069 δεσμώτης
468 2984 521 3048 καί
545 2983 716 3067 δεσπότης.
761 2985 826 3051 ἐκεῖ
850 2989 998 3073 Μωυσῆς
1027 2987 1061 3052 ἐν
1091 2999 1206 3052 axo-C

150 3089 271 3156 τεινοῖς
298 3078 401 3151 κάτω,
434 3077 556 3147 ὁποτέ
585 3081 618 3147 ἐν
646 3084 684 3166 τῇ
708 3081 796 3167 θηβη
827 3081 860 3148 ἐν
883 3094 1065 3160 σκοτεινοῖς
1087 3083 1164 3149 ἄνω.

151 3175 217 3243 ἐκεῖ
238 3176 364 3262 Δανιὴλ
387 3178 420 3243 ἐν
435 3175 534 3263 (Ἅιδη
557 3182 603 3262 τῷ
627 3180 741 3263 λάκκῳ,
776 3175 793 3243 5
823 3179 855 3245 ἐν
883 3184 929 3264 τῳ
953 3181 1059 3265 λάκκῳ
1083 3184 1166 3247 ποτὲ

112 3278 215 3342 25τιῦν
239 3275 378 3341 λεόντων
402 3272 479 3341 άνω.
518 3276 582 3341 ἐκεῖ
600 3272 752 3359 Ἱερεμίας
776 3272 820 3353 ὡς
849 3277 881 3342 ἐν
910 3277 1015 3364 λάκκῳ
1045 3279 1166 3362 βορβό-

151 3395 219 3452 ρου,
244 3371 276 3437 ἐν
299 3376 344 3457 τῳ
368 3373 473 3458 λάκκῳ
497 3377 554 3437 τοῦ
570 3371 688 3439 Ἅιδου
712 3376 765 3438 καὶ
787 3378 845 3459 τῆς
861 3380 995 3461 φθορᾶς
1017 3381 1076 3442 τοῦ
1100 3384 1166 3442 θα-

151 3468 260 3534 νάτου.
299 3469 364 3535 ἐκεῖ
385 3471 418 3535 ἐν
440 3474 486 3556 τηῦ
509 3473 699 3557 κοσμοδόχῳ
722 3473 809 3556 κητει
837 3476 894 3536 τοῦ
911 3469 1029 3538 (Ἀιδυυ
1058 3485 1164 3540 κεῖται

152 3565 199 3643 είς
220 3565 324 3631 τύπον
344 3564 451 3644 Ἰωνῦις
473 3573 620 3651 Χριστοῦ
643 3574 699 3634 τοῦ
723 3570 858 3634 αἰωνίου
881 3573 933 3636 καὶ
958 3579 1164 3653 ττροαιωνίσυ

148 3656 238 3728 ’ίωνῦ
259 3666 317 3728 τοῦ
341 3665 459 3743 ζῶντος
488 3666 534 3743 είς
563 3666 667 3732 αἰῶνα
694 3670 745 3732 καί
777 3667 824 3744 είς
851 3667 927 3744 τούς
954 3667 1077 3746 αίιῦνας
1099 3672 1164 3736 τῶν

111 3759 289 3838 εοαίώνων,
319 3765 371 3826 καί
396 3757 445 3827 ἐπ’
471 3763 583 3830 αίαῦνα.
625 3767 677 3830 καὶ
703 3765 750 3830 ἐ’τι
773 3765 839 3831 ἐκεῖ
860 3765 970 3848 ,ίαβίδ
993 3761 1010 3831 5
1032 3766 1166 3834 θεοπά·

151 3881 227 3941 τωρ,
252 3857 287 3935 ἐξ
308 3845 347 3921 οὗ
368 3858 406 3922 τό
428 3860 510 3925 κατὰ
532 3861 635 3942 σάρκα
651 3863 805 3944 Χριστός.
842 3867 894 3927 καὶ
912 3870 944 3927 τί
960 3865 1043 3946 λέγω
1055 3866 1167 3949 Δαβίδ

151 3958 203 4019 καί
224 3950 331 4019 ’ίωνᾶν
362 3960 414 4020 καί
437 3959 653 4040 Σολομῶντας
695 3959 760 4024 ἐκεῖ
782 3962 834 4024 καὶ
858 3956 957 4038 υύτὸς
976 3960 1126 4048 ’ίωάννης
1148 3958 1206 4032 όΙ

1152 4064 1168 4079 Q

1148 4130 1155 4145 Ι

152 4053 272 4130 πολύς,
307 4047 325 4117 5
352 4053 470 4134 μείζων
500 4054 632 4121 πάντων
661 4058 726 4121 τῶν
755 4060 952 4144 προφητῶν,
991 4056 1036 4136 ὡς
1065 4060 1099 4126 ἐν
1128 4087 1167 4148 τη
