2586 4822
390 820 473 868 σενι
492 821 642 871 affirm
659 819 722 868 κισ
739 819 926 870 κτίσσειεν.
988 832 992 840 ·
1119 810 1162 899 23Ι

150 993 238 1051 τικρυ
268 968 302 1035 ἐκ
330 963 649 1055 παραλλήλουμιᾶς
671 969 841 1054 ἑρμηνείας
863 966 946 1051 πρὸς
968 968 1025 1055 τὴν
1048 969 1161 1054 ἑτέρον

147 1072 334 1152 συνέθηκεν,
359 1067 487 1145 ἑξαπλᾶ
507 1065 566 1145 τὰς
585 1068 720 1151 βίβλους
736 1060 910 1150 ὀνομάσας,
933 1066 1087 1153 καθάπερ
1101 1092 1161 1152 μοι

147 1161 215 1228 άνω
238 1162 296 1230 διὰ
317 1163 465 1242 πλάτους
487 1165 623 1250 εἴρηται.

124 1266 136 1313 Β
230 1268 280 1329 19.
311 1256 424 1343 Εύρὼν
448 1262 484 1327 δὲ
505 1265 563 1347 τῆς
584 1267 737 1346 πέμπτης
751 1260 806 1327 καὶ
821 1262 912 1347 ἕκτης
927 1260 1085 1339 έκδόσεως
1099 1262 1158 1340 τὰς

142 1359 280 1441 βίβλους
307 1352 382 1423 καθ’
408 1356 445 1423 ὃν
474 1359 611 1442 εἴπομεν
638 1356 778 1442 τρόπον,
807 1360 862 1424 καί
889 1357 932 1444 μὴ
955 1357 1050 1442 γνούς
1071 1364 1180 1438 τίνες5

143 1450 207 1522 εἶεν
229 1455 264 1547 οἱ
286 1453 538 1540 ἑρμηνεύσαντες
560 1451 669 1534 αὐτὰς,
695 1449 771 1521 καθ’
797 1453 853 1533 οὓς
874 1451 1061 1542 ηὑρέθησαν
1082 1455 1158 1540 χρύ-

142 1576 227 1632 νους,
259 1563 334 1631 ταῖς
355 1552 422 1636 πρὸ
445 1549 552 1619 αὐτῶν
574 1558 750 1637 τέσσαρσιν
772 1547 966 1630 ἀκολούθως
986 1556 1026 1639 τῇ
1048 1578 1157 1636 παρα,

141 1656 240 1716 θέσει
264 1649 460 1736 συνυφήνας,
482 1649 539 1735 τὴν
554 1656 633 1734 μίαν
647 1655 803 1737 πέμπτην
819 1646 997 1732 ὠνόμασεν,
1021 1648 1157 1735 ἐπιγράὲ

139 1760 211 1831 ψας
233 1747 292 1814 διὰ
312 1751 371 1814 τοῦ
394 1752 548 1830 πέμπτου
570 1753 732 1829 στοιχείου
754 1751 811 1834 τῆς
832 1753 986 1834 πέμπτης
1007 1745 1064 1812 τὸν
1084 1742 1157 1830 ἀρι-

138 1842 243 1928 θμὸν,
266 1847 320 1911 καὶ
344 1845 494 1933 δηλώσας
514 1843 553 1909 τὸ
576 1842 695 1929 ὄνομα·
718 1841 874 1922 ὡσαύτως
896 1845 931 1911 δὲ
946 1847 998 1910 καὶ
1014 1843 1072 1931 τὴν
1086 1839 1154 1926 μετ’
1169 1861 1196 1912 ιο

138 1937 244 2028 αὐτὴν
272 1940 311 2006 τὸ
337 1941 500 2029 ἐπίσημον
523 1940 713 2025 ἐπιγράψας
734 1941 772 2007 τὸ
794 1945 852 2028 τῆς
874 1941 965 2028 ἕκτης
987 1941 1157 2027 ἑρμηνείας

138 2037 248 2123 ὄνομα
280 2039 450 2126 ἐδήλωσεν.
496 2033 580 2104 ἀλλὰ
601 2042 655 2105 καί
676 2043 829 2121 τεχνικῶς
849 2044 948 2104 τοῦτο
971 2038 1155 2123 εἰργάσατο,

138 2132 225 2221 ὅπερ
247 2139 315 2203 τῶν
331 2136 518 2225 φιλολόγων
531 2133 624 2215 τινὰς
638 2136 806 2203 λανθάνει.
838 2136 1081 2221 ἐντυγχάνοντες
1095 2135 1156 2221 γὰρ

138 2245 213 2312 τοῖς
229 2233 388 2312 ἑξαπλοῖς
403 2227 424 2318 ἢ
440 2229 685 2313 ὀκταπλοῒς·-
696 2232 938 2319 τετραπλᾶγάρ
955 2234 1020 2300 εἰσι
1034 2236 1076 2300 τά
1088 2230 1156 2300 Ἑλ-

114 2330 269 2417 ίληνικά,
293 2326 372 2396 ὅταν
395 2331 429 2397 αἱ
451 2335 509 2396 τοῦ
528 2325 649 2398 Ἀκύλα
670 2334 723 2399 καὶ
740 2331 915 2416 Συμμάχσυ
938 2329 993 2398 καὶ
1014 2335 1079 2398 τῶν
1102 2332 1195 2416 ἑβ-Ιί

138 2428 327 2515 όομηκουτα
349 2428 407 2495 δύο
430 2431 483 2494 καὶ
505 2430 731 2508 Θεοδστίωνος
752 2430 920 2516 ἑρμηνεῖαι
941 2435 1156 2514 συντεταγμέ-

138 2551 193 2593 ναι
225 2516 305 2591 ὦσι·
334 2529 400 2592 τῶν
429 2525 597 2610 τεσσάρων
621 2528 656 2593 δὲ
677 2527 802 2592 τούτων
825 2527 962 2593 σελίὸων
984 2537 1059 2603 ταῖς
1081 2529 1156 2591 δυσὶ

137 2635 215 2701 ταῖς
232 2618 419 2708 Ἑβραϊκαῖς
442 2627 678 2710 συναφθεισιῦν
701 2623 828 2703 ἑξαπλᾶ
850 2624 1006 2689 καλεῖται.
1041 2622 1097 2689 έὰν
1121 2623 1156 2689 δέ

138 2724 193 2786 καλ
218 2716 237 2806 ἦ
255 2726 391 2807 πέμπτη
407 2720 460 2786 καὶ
475 2717 494 2807 ἦ
512 2721 584 2804 ἕκτη
600 2721 753 2807 ἑρμηνεία
768 2717 996 2806 σνναιγθῶσιν,
1020 2713 1157 2786 άκολού-

139 2826 216 2897 θως
229 2817 363 2897 τούτοις
378 2813 527 2884 ὂκταπλᾶ
542 2819 756 2886 καλείται·-
766 2818 853 2895 τινὲς
866 2814 985 2896 τοίνυν,
1002 2812 1047 2895 ὡς
1063 2817 1153 2905 ἔφην,
1165 2832 1195 2887 ²0
1263 2851 1266 2857 ·

137 2916 278 2994 ταύταις
298 2925 374 2994 ταῖς
391 2916 519 3000 βίβλοις
535 2914 787 3001 ἐντυγχάνοντες,
809 2917 864 2981 καὶ
880 2909 1081 2999 εὑρίσκοντες
1096 2914 1155 2993 τὰς

137 3012 198 3080 δύο
220 3010 390 3097 Ἑβραϊκὰς
418 3013 553 3096 πρώτας
580 3019 742 3097 κειμένας,
771 3011 854 3097 μετὰ
879 3010 1000 3090 ταύτας
1027 3012 1064 3078 δὲ
1096 3011 1154 3098 τὴν

136 3116 196 3177 τοῦ
218 3107 341 3177 ’Λκύλσ
362 3116 567 3196 τεταγμένην,
589 3106 664 3195 μεθ’
681 3108 720 3197 ἣν
741 3113 795 3177 καὶ
816 3109 875 3198 τὴν
891 3113 950 3175 τοῦ
965 3107 1152 3192 Συμμάχου,

136 3212 258 3278 ἔπειτα
279 3208 338 3296 τὴν
359 3211 425 3278 τῶν
447 3205 668 3295 ἑβδομήκοντα
690 3208 758 3285 δύο,
785 3203 861 3292 μεθ’
887 3205 926 3286 ἃς
946 3202 965 3295 ἦ
987 3209 1045 3273 τοῦ
1071 3211 1153 3274 Θεο-

110 3310 299 3384 ὓύυτίωνος
321 3311 543 3383 συντέτακται,
566 3307 617 3370 καὶ
642 3305 715 3392 ἑξῆς
735 3301 754 3391 ἡ
778 3311 913 3392 πέμπτη
935 3330 971 3372 τε
992 3305 1044 3370 καὶ
1068 3304 1192 3390 &amm

137 3408 276 3471 δοκοῦσι
298 3401 452 3486 πρώτους
474 3403 668 3489 ἑρμηνεῦσαι
688 3402 745 3469 τὸν
757 3398 896 3469 Ἀκύλαν
918 3401 974 3469 καὶ
993 3401 1051 3468 τὸν
1066 3400 1153 3484 Σύμ-

134 3527 239 3585 μαχον
269 3504 336 3567 τῶν
365 3500 587 3587 ἑβδομήκοντα
614 3500 673 3566 δύο
698 3499 781 3567 κατὰ
810 3499 869 3587 τὴν
897 3499 991 3580 τάξιν
1011 3503 1069 3587 της
1091 3505 1152 3566 θέ·

136 3623 237 3679 σεως,
270 3595 353 3682 ὅπερ
383 3591 441 3663 ούκ
470 3597 583 3674 ἔστιν,
608 3592 677 3664 ἀλλ’
698 3590 861 3685 Ὠριγένης
882 3599 1074 3682 πυθόμενος
1094 3597 1152 3683 τὴν

134 3702 200 3764 τῶν
223 3695 451 3782 ἑβδομήκοντα
474 3693 531 3761 δύο
555 3693 683 3762 ἔκδοσιν
705 3689 820 3782 άκριβη
844 3690 927 3763 εἶναι
948 3701 1049 3781 μέσην
1074 3694 1153 3758 ταύ-

134 3823 192 3882 την
215 3799 408 3880 συνέθηκεν,
435 3787 528 3869 ὅπως
549 3791 608 3869 τὰς
630 3791 781 3860 ἐντεῦθεν
803 3795 858 3860 καὶ
881 3792 1032 3859 ἐντεῦθεν
1055 3791 1192 3875 ἕρμη-θλ)

136 3901 224 3971 νεέας
258 3893 417 3976 διελέγχη.
462 3893 559 3956 τοῦτο
590 3889 625 3955 δέ
660 3889 761 3973 μόνον
791 3885 954 3977 Ὠριγένης
987 3894 1153 3974 χρησίμως

135 3992 302 4078 ἐποίησεν.
335 3989 391 4054 ἵνα
414 3989 450 4053 δὲ
472 3986 526 4052 καὶ
547 3989 613 4052 τῶν
628 3981 790 4072 Ῥωμαίων
811 3989 974 4072 βασιλέων
996 3984 1053 4071 τὴν
1076 3979 1149 4082 ᾇκο-

134 4092 288 4168 λουθιάν,
314 4085 353 4173 ἣν
368 4081 541 4171 ἠρξάμεθα
557 4095 678 4165 ποιεῖν,
700 4085 744 4172 μὴ
761 4088 1030 4171 παραλείψωμεν,
1054 4084 1154 4162 αὖθις
