2586 4822
120 733 182 795 220
573 742 688 793 entant
709 757 724 769 ··
749 758 771 799 ἰ·

120 921 150 961 ea
173 918 243 975 qrrae
265 898 426 957 Pontificum
448 898 556 971 propria
584 908 649 953 suut
672 914 804 972 usurpare
825 913 947 954 munera.
994 897 1140 967 Quemvis,

120 990 222 1062 inquit,
251 1002 312 1040 oum
333 984 482 1057 Episcopis
508 983 634 1056 plurimo
663 983 721 1039 tttts
745 983 967 1039 mmmm
988 987 1140 1042 comm

120 1081 161 1129 est
183 1069 365 1143 dispensatio.
396 1068 475 1138 Quod
496 1067 528 1123 ar!
552 1067 671 1140 reliquos
692 1076 799 1141 spectat
817 1067 903 1125 totius
926 1067 1003 1125 orbis
1027 1069 1141 1144 Episco-

120 1176 180 1232 pus,
203 1175 218 1212 a
240 1154 338 1229 quibus
362 1153 512 1226 prohibitos
535 1169 595 1208 esse
617 1152 696 1217 dicit,
721 1162 824 1210 tantum
846 1152 933 1217 obest.
960 1163 989 1209 ut
1006 1154 1034 1210 in
1050 1172 1142 1212 vernn

121 1242 166 1307 sit,
189 1241 267 1296 utin
291 1239 468 1295 Occurnenica
491 1236 601 1311 Synodo
623 1237 835 1295 chalcedonensi
858 1239 930 1294 inter
952 1237 1075 1296 Clericus
1096 1257 1141 1298 re·

121 1334 284 1383 censeantur
300 1324 363 1378 Can.
382 1325 409 1380 2.
432 1315 712 1389 εἴτεςἘπίσκοπες
726 1317 772 1378 ἐπὶ
791 1316 930 1397 χρήμασι
949 1320 1140 1397 χειροτονίαν

120 1403 280 1482 ποιήσαιτο
304 1403 356 1463 ite.
380 1402 429 1462 καὶ
448 1400 686 1479 χειροτονήσειεν
700 1403 746 1463 tut
765 1401 924 1483 χρήμασιν
945 1398 1139 1478 Ἐπεῖῐκοποα,

120 1487 419 1569 ἢΧωρεπήεκοπον,
447 1486 465 1566 ἢ
495 1486 748 1566 Hpeoptvte'povo,
777 1487 796 1565 ἢ
826 1486 1002 1559 Διακόνους
1031 1505 1083 1552 etc.
1111 1504 1138 1553 et

121 1581 147 1635 in
170 1578 319 1652 Ephesius.
344 1576 384 1632 uti
406 1577 535 1640 diximus,
560 1577 630 1632 inter
652 1576 800 1649 Episcopus
822 1576 1021 1652 subscripserit
1042 1580 1137 1636 Caesa·

121 1663 177 1720 rius
200 1664 427 1735 chorepiscopus.
473 1661 622 1729 Quinetiam
651 1661 678 1717 in
701 1662 816 1735 Capitui.
839 1663 927 1719 Garuli
958 1664 1054 1738 imper.
1076 1667 1135 1723 ab

121 1748 154 1804 de
178 1746 386 1820 chorepiscopis
415 1764 447 1802 ex
469 1746 634 1811 Antiocheno
658 1754 685 1801 et
706 1749 845 1819 Ancyrana
866 1748 980 1820 syuodo
1000 1751 1132 1807 docoetunr

121 1834 263 1893 inseritur:
289 1841 319 1887 nt
340 1840 469 1905 appareat
491 1832 570 1886 etiam
589 1840 646 1912 turn
661 1833 688 1887 in
704 1830 795 1888 battus
811 1832 893 1888 tuisse
909 1833 1134 1907 chorepiscopos.

120 1918 186 1973 b'arn
209 1928 236 1973 et
259 1919 292 1973 nri
315 1915 464 1971 Gallicanos
482 1915 629 1988 Episcopos
646 1915 698 1970 Leo
716 1916 785 1988 Papa
808 1917 842 1973 de
863 1917 962 1975 iisdem
985 1919 1133 1993 scripse-st

121 2002 179 2058 Non
203 2002 290 2056 minus
315 2001 409 2056 [ahorn
432 2009 482 2062 est,
506 1999 580 2071 quod
596 1999 648 2055 iilic
664 2002 852 2074 supposititius
870 2002 1001 2061 Damasus
1016 2004 1133 2068 affimat,

121 2103 175 2141 non
198 2085 306 2157 licuisse
329 2084 536 2156 chorepiscopis
558 2083 745 2143 subdiaconos
767 2086 901 2152 ominare,
924 2098 1022 2145 contra
1046 2091 1133 2147 Antio

120 2171 200 2226 cheni
223 2169 333 2225 Consilii
356 2185 486 2224 canonem
509 2176 536 2224 ct
555 2169 652 2224 laconis
675 2170 825 2243 epistolam,
848 2173 895 2245 qui
912 2172 1133 2246 Presbyterum

119 2255 248 2310 duntaxat
271 2272 300 2309 nc
317 2253 496 2310 Diaconoruur
518 2253 748 2310 consecrationem
771 2256 871 2311 ariinrit.
901 2260 1012 2314 Atesim
1028 2259 1132 2332 Episco-

120 2357 170 2413 pos
192 2339 252 2395 ilius
275 2357 329 2394 non
353 2339 435 2394 fuisse
450 2337 530 2394 etiarn
546 2338 696 2394 rationibus
711 2339 808 2396 ibidem
824 2342 990 2399 ostenditur.
1021 2345 1130 2401 Primum

120 2425 192 2497 quoii
216 2423 249 2479 ab
273 2441 327 2479 uuo
351 2423 484 2497 Episcopo
507 2423 625 2480 onhuari
647 2425 775 2488 solerent.
800 2442 860 2481 onus
883 2427 1044 2484 aPatrihus
1065 2429 1131 2485 edic·

120 2519 177 2566 tuni
200 2510 243 2574 sit,
267 2519 298 2564 ut
320 2509 365 2582 qni
387 2508 420 2564 ab
443 2525 507 2571 unu,
531 2508 571 2563 vei
594 2526 608 2562 a
631 2508 738 2564 duobus
760 2519 825 2565 sunt
845 2511 963 2567 ordinati
987 2513 1128 2587 Epis-copis,

120 2612 171 2651 nec
192 2595 366 2650 nominentur
381 2593 516 2666 Episcopi.
547 2592 645 2647 heinric
668 2593 742 2666 quod
758 2595 962 2653 Ecclesiasticac
985 2600 1130 2654 sancuuses

120 2679 284 2752 prohibeant
306 2679 332 2735 in
355 2678 424 2742 villa,
446 2678 488 2733 vel
509 2677 537 2733 in
560 2677 680 2740 castello,
704 2687 752 2734 aut
773 2681 799 2735 in
824 2681 920 2752 exigito
944 2682 1038 2758 atiquo
1058 2685 1131 2756 oppi-

120 2764 183 2821 dulo
207 2764 369 2836 Episcopum
391 2779 560 2819 consecrare.
596 2765 639 2825 nt,
663 2763 758 2834 iuquit,
783 2764 1004 2840 chorepiscopus
1027 2778 1067 2825 est
1085 2767 1130 2822 n-

119 2849 197 2904 ianns
212 2849 371 2922 Episcopus
402 2848 486 2921 igitur
507 2855 602 2902 contra
617 2845 756 2903 Cauouurn
779 2850 969 2908 auctoritatem
994 2862 1038 2909 est
1051 2852 1131 2909 Chor-

120 2934 309 3006 episcoporum
332 2933 476 2989 institutio.
514 2930 567 2988 Sed
590 2931 663 3004 quod
684 2932 716 2987 acl
741 2933 1006 3008 Chorcpiscoporum
1030 2938 1133 2995 ordini·

120 3019 221 3074 tionern
248 3019 359 3081 attinet,
389 3017 523 3073 tuerintne
551 3015 584 3071 ab
614 3034 668 3072 uuo
691 3017 834 3082 duntaxat,
863 3020 941 3075 cuius
965 3022 993 3078 in
1017 3022 1133 3080 bioeoesi

118 3112 211 3166 erunt,
235 3102 369 3175 Episcopo
393 3102 552 3164 consecrati,
575 3118 609 3157 au
631 3119 647 3156 a
669 3100 808 3174 pluribus,
832 3104 898 3160 nihil
921 3106 946 3160 iu
972 3108 1047 3163 ouini
1068 3108 1134 3165 anti-

101 3186 228 3258 ·quitatis
251 3186 379 3241 memorie
402 3186 467 3241 satis
490 3202 647 3259 expressum
670 3185 749 3243 nobis
772 3189 899 3245 occurrit.
936 3190 1017 3258 Quod
1039 3193 1064 3248 oi
1086 3192 1134 3247 ua-

119 3286 193 3324 moso
215 3268 253 3323 itti
275 3270 418 3331 credimus.
443 3288 496 3325 non
519 3269 607 3325 sohrm
631 3270 753 3344 Episcopi
777 3281 833 3327 turn
856 3283 943 3337 erant,
967 3278 1018 3334 secl
1039 3295 1055 3332 ε
1076 3277 1135 3351 piu-

119 3353 193 3408 ribus
216 3352 294 3408 etiarn
317 3353 457 3425 Episcopis
480 3354 683 3411 ordinabantur.
714 3356 791 3424 Quod
814 3375 846 3412 ex
867 3359 1032 3418 Antiocheni
1050 3361 1135 3418 Cauo-

119 3439 160 3493 nis
183 3437 271 3494 verbis
293 3438 416 3500 affirmat,
441 3439 567 3511 quoniam
590 3440 626 3494 ita
649 3441 779 3513 scriptum
802 3450 858 3497 est:
882 3438 909 3498 ei
930 3440 983 3501 aori
994 3444 1136 3521 χειροθε-

116 3518 188 3578 σίαν
209 3511 266 3578 εἶεν
284 3514 475 3579 Ἐπισκόπων
495 3517 660 3598 εἰληφότες.
711 3524 829 3591 hibetur,
852 3527 949 3601 iuquit.
973 3531 1045 3586 mihi
1066 3531 1135 3604 quod

118 3616 183 3663 tuoe
204 3624 261 3664 oon
284 3610 320 3664 ub
342 3625 412 3672 uno,
438 3609 488 3663 sect
509 3624 528 3662 o
547 3609 678 3679 pluribus
700 3611 923 3677 ordinabantur,
951 3617 1023 3685 puio
1043 3617 1136 3672 none

117 3700 197 3747 tenus
218 3694 322 3748 dicem
343 3692 554 3765 Episcopontm,
576 3694 602 3748 si
624 3695 660 3748 ab
684 3713 741 3751 uao
761 3698 840 3769 fieret
861 3698 961 3752 talium
984 3702 1134 3762 ordinatio,

117 3792 181 3832 cem
201 3776 406 3851 Episcoporum
423 3778 578 3849 pluraliter
600 3779 704 3834 hictum
724 3781 771 3836 eit.
816 3780 868 3838 Sed
890 3783 1041 3854 genitivum
1063 3785 1135 3863 ibunt

115 3852 304 3919 Ἐπεσκόπων
331 3862 410 3918 aliter
436 3862 523 3918 Latini
550 3862 714 3935 interpretes
741 3876 920 3939 acceperunt:
950 3879 983 3926 ut
1012 3870 1136 3927 sinim

30 3993 33 3997 ,
112 3942 293 4023 χειροθεσία
313 3938 501 4003 Ἐπισκόπων
523 3962 577 4002 non
600 3947 644 4003 ihe
666 3966 793 4005 mansium
817 3952 954 4023 impositio
977 3955 1035 4020 sit,·
1057 3970 1135 4028 qum

117 4033 210 4105 piures
226 4032 351 4106 Episcopi
375 4033 483 4096 iaciunt,
508 4031 556 4089 sed
577 4048 630 4105 qua
653 4032 721 4090 hunt
735 4034 873 4110 Episcopi.
899 4036 991 4106 Quare
1007 4041 1031 4097 si
1046 4054 1134 4126 vestrm
