2586 4822
395 824 442 878 rx.
474 829 514 879 an
533 828 668 880 toruum
687 829 780 881 uerso.
797 827 877 882 trien.
1104 816 1145 879 'ts

123 979 270 1043 virorum.
308 980 381 1043 llum
406 981 481 1044 alius
501 981 603 1062 procul
626 982 715 1044 dnbio
731 1002 836 1044 sensus
853 983 1014 1063 scripturae
1032 983 1146 1045 divinae

129 1076 184 1151 sit,
216 1097 303 1158 quarn
331 1078 378 1139 ille
405 1080 435 1139 in
465 1079 608 1141 baeresim
636 1099 719 1142 suam
752 1080 877 1159 maligna
905 1081 1145 1160 interpretatione

89 1192 115 1244 n
130 1172 292 1255 detorquet
338 1176 422 1248 Quod
445 1178 555 1238 iaciunt
576 1188 605 1239 et
620 1177 780 1238 Manichaei
803 1188 833 1238 et
854 1178 985 1240 Gnostici
1007 1188 1036 1238 et
1056 1178 1145 1239 Ebio-

131 1271 206 1332 nitae
226 1283 255 1334 et
270 1273 427 1334 hlarcionis
449 1283 618 1349 sectatores,
641 1286 670 1336 et
685 1275 757 1336 aliae
772 1276 910 1336 haereses
925 1294 1048 1336 numero
1064 1286 1144 1336 octo·

138 1366 223 1445 ginta,
255 1391 329 1450 qnae
358 1373 395 1432 ilc
423 1373 580 1451 purissimo
609 1374 820 1452 scripturarum
851 1374 931 1434 sonte
959 1383 1168 1439 assumentese

142 1466 301 1543 mamonis,
324 1487 383 1530 non
407 1469 445 1531 ita
468 1470 707 1550 interpretantur,
732 1481 763 1532 ut.
779 1471 885 1550 scripta
905 1480 983 1545 sunt,
1007 1471 1057 1532 sed
1074 1471 1143 1531 sirn-

149 1561 283 1639 plicitatem
307 1567 452 1628 sermonis
475 1567 661 1629 ecclesiastici
695 1568 723 1628 id
746 1569 847 1628 rolunt
870 1569 1035 1648 significare
1063 1569 1141 1648 quod

151 1658 191 1738 ipsi
209 1664 345 1724 sentiunt.
378 1663 452 1725 lllud
476 1685 600 1745 quoque,
624 1667 701 1744 quod
724 1685 856 1727 asserere
879 1668 992 1739 nititur,
1016 1667 1143 1727 doleam-

151 1775 178 1816 ne
199 1779 231 1820 au
257 1761 383 1834 rideam,
418 1763 527 1824 nescio.
577 1764 685 1824 Doctor
714 1765 848 1841 egregius
878 1764 1021 1842 Origenes
1055 1765 1142 1824 audet

151 1855 241 1929 locere,
269 1859 415 1920 diabolum
439 1860 468 1920 id
491 1879 607 1921 rursum
631 1862 761 1921 luttrrum
785 1862 948 1940 essequod
972 1864 1080 1923 luerat:
1114 1871 1181 1929 etta

150 1952 177 2011 al
194 1957 306 2017 eandem
335 1958 499 2018 rediturum
527 1959 711 2036 dignitatem,
741 1968 770 2017 et
798 1978 1028 2019 conscensurum
1051 1977 1140 2036 regna

150 2050 282 2115 coelomm.
320 2054 398 2115 Proh
422 2056 518 2116 nelasl
542 2056 607 2135 quis
629 2065 688 2116 tarn
710 2074 812 2116 vecors
834 2067 862 2116 et
885 2057 1008 2117 stolidus
1032 2065 1063 2117 ut
1085 2058 1141 2116 boc

127 2148 254 2228 breeipiat,
288 2153 365 2231 quocl
388 2162 508 2214 sanctus
530 2153 656 2214 loannes
678 2153 805 2232 Baptista
829 2165 858 2214 ct
880 2153 984 2215 Petrus
1006 2165 1036 2215 et
1057 2154 1142 2214 loan-

151 2262 191 2304 nes
207 2251 350 2328 apostolus
377 2261 404 2311 et
428 2251 611 2329 evangelista,
646 2251 748 2312 Esaias
777 2271 893 2330 quoqne
919 2263 948 2312 et
970 2252 1139 2325 Hieremias,

150 2350 172 2399 ct
188 2346 277 2426 reliqui
301 2350 471 2428 prophetae,
494 2348 670 2409 cohaeredes
684 2349 755 2409 liant
778 2349 883 2409 diaboli
907 2350 937 2409 in
961 2369 1053 2428 regno
1075 2358 1180 2416 coe-15

151 2436 241 2504 lerum?
276 2444 432 2507 Praetereo
455 2446 584 2507 lrirolam
607 2448 670 2508 eius
693 2447 903 2527 expositionem
920 2466 1010 2525 super
1033 2446 1140 2507 tunicis

151 2535 260 2615 pelliceis,
290 2552 400 2622 quanto
423 2553 539 2617 conatu,
569 2545 744 2624 quantisque
772 2545 861 2623 egerit
890 2545 1078 2621 argumentis,
1109 2554 1141 2604 ut

151 2636 238 2700 tunicas
268 2640 403 2720 pelliceas
433 2642 559 2702 humana
590 2661 656 2703 esse
683 2662 805 2721 corpora
836 2642 1030 2702 crederemus.
1083 2642 1139 2712 Qui

150 2729 206 2794 iuter
230 2738 318 2799 multa
347 2738 395 2811 ait,
429 2739 568 2817 numquid
597 2740 738 2801 coriarius
767 2750 817 2800 aut
845 2739 1055 2799 scordiscarius
1078 2747 1141 2800 erat

151 2827 214 2906 letis,
245 2844 277 2896 ut
299 2838 457 2897 conficeret
483 2837 572 2916 pelles
602 2838 770 2899 animalium
799 2847 827 2897 et
855 2845 1013 2897 consueret
1041 2855 1073 2895 ex
1098 2837 1179 2904 cisto

150 2928 239 2992 tunicas
259 2933 394 3012 pelliceas
416 2935 505 2994 hilam
529 2944 557 2995 et
580 2933 678 2995 Erae?
715 2935 897 2994 hlanilestum
922 2943 965 2994 est
988 2953 1068 3012 ergo,
1095 2934 1140 2994 in·

109 3025 201 3100 aliquit,
225 3032 301 3109 quod
324 3032 361 3092 de
383 3031 558 3111 corporibus
580 3032 689 3092 nostris
718 3032 861 3110 loquatur.
915 3032 953 3092 Et
976 3032 999 3092 si
1023 3033 1079 3092 hoc
1101 3033 1138 3092 ita

150 3131 187 3193 ‘ll
205 3129 346 3205 quomodo
369 3129 492 3207 legimus
514 3139 582 3190 ante
605 3130 739 3209 pelliceas
763 3131 876 3190 tunicas
898 3139 926 3190 et
947 3139 1017 3190 ante
1039 3130 1140 3191 inobe-

149 3215 259 3286 dientiam
282 3235 312 3286 et
334 3226 370 3286 de
392 3226 529 3306 paradiso
553 3228 676 3298 ruinam,
705 3229 794 3287 Adam
818 3228 985 3306 loquentem
1010 3248 1070 3288 non
1094 3247 1139 3288 se-

148 3321 249 3384 cundnm
271 3324 449 3403 allegoriam,
473 3325 523 3384 secl
546 3343 622 3398 vere,
647 3326 723 3385 “boc
739 3345 818 3386 nuno
834 3345 867 3385 os
883 3344 916 3384 ex
933 3325 1051 3386 ossibus
1066 3327 1177 3388 moises
1259 3318 1265 3327 ’

149 3421 239 3480 tltaro
262 3422 408 3482 decarne
436 3420 536 3482 mea?''
580 3425 636 3483 hut
666 3424 743 3483 uncle
773 3434 954 3501 assumptum
985 3435 1029 3484 est
1058 3424 1137 3495 illud,

149 3514 207 3584 tund
225 3518 338 3579 divinus
361 3538 457 3580 sermo
487 3529 623 3589 testatur,
653 3527 703 3581 “et
731 3521 830 3580 iniecit
853 3522 925 3580 (leus
948 3541 1084 3600 soporem
1109 3523 1137 3581 in

149 3607 223 3685 idam,
244 3625 272 3677 et
294 3617 437 3689 dormivit,
461 3624 490 3678 et
512 3621 636 3697 sumpsit
658 3638 749 3678 uuum
774 3619 809 3678 tle
831 3619 919 3678 costis
942 3619 1015 3691 eius,
1040 3630 1067 3679 ot
1089 3620 1139 3679 atl-

149 3699 249 3783 inplevit
269 3734 325 3793 pro
347 3735 378 3776 ea
396 3734 522 3786 earnem,
547 3725 574 3776 et
600 3716 758 3776 aedificavit
780 3727 900 3789 costam,
924 3735 1009 3793 quam
1034 3717 1139 3776 tulerat

150 3816 174 3859 tx
192 3824 226 3882 eo,
245 3811 284 3871 illi
306 3812 337 3873 in
360 3811 518 3874 eruorem‘l''
555 3821 610 3873 hut
631 3833 704 3892 quae
720 3832 843 3892 corpora
859 3813 1032 3891 contegebat
1047 3814 1178 3873 riclam'atl

125 3902 169 3955 Bet
186 3899 231 3965 Era
252 3909 326 3971 loliis
348 3913 432 3982 licus,
455 3920 610 3990 postquam
633 3914 823 3972 comederunt
845 3911 880 3970 de
903 3910 1008 3971 arbore
1030 3909 1137 3970 vetita?

150 3994 204 4064 Quis
221 4015 311 4067 autern
334 4009 480 4088 patienter
500 4009 573 4069 ierat
589 4009 745 4088 Origenem
768 4008 888 4069 lubricis
910 4008 1138 4086 argumentatio-

148 4093 217 4159 nibus
233 4106 475 4168 resurrectionem
499 4107 595 4167 carnis
617 4107 704 4168 huius
727 4115 892 4184 negantem,
916 4107 991 4167 sicut
1013 4105 1138 4166 declarat
