2586 4822
497 852 787 904 nurniovnnmonns.
1103 842 1121 903 t

259 1032 319 1101 AD
340 1032 495 1103 uoulus
516 1034 665 1105 OPERIS
685 1036 970 1105 Punuuuussm.

193 1180 253 1236 2c.
279 1166 403 1255 Αφατα
423 1167 483 1253 γάρ
505 1170 568 1234 ἔστι
589 1172 640 1233 nol
662 1170 763 1256 φατὰ]
800 1179 930 1254 Expungo
956 1183 1123 1255 posteriores

99 1264 188 1323 husee
209 1262 328 1327 voculas,
351 1278 421 1337 quae
443 1263 604 1319 sententiam
620 1263 764 1328 inlusoant
787 1282 837 1320 και
852 1256 947 1342 morri.
978 1265 1044 1322 llirit
1061 1268 1124 1340 qiri-

99 1350 169 1407 alem
192 1347 325 1405 Hesiodus
347 1347 423 1403 initio
438 1339 567 1446 Ἕρμον,

184 1423 246 1490 Or
265 1450 297 1489 τι
319 1427 370 1487 διὰ
391 1428 499 1508 βροτοὶ
522 1424 666 1509 ἄνδρεςι
652 1434 746 1507 ομιῦς,
768 1424 889 1512 amaro!
906 1452 938 1491 τε
959 1431 1058 1513 φατοί
1076 1452 1107 1492 τε

188 1509 338 1593 Ῥητοίτ’
362 1506 493 1593 ἔῤῥητοι
511 1535 552 1574 τε.

1137 1055 1153 1105 4

101 1606 154 1663 aetl
177 1604 231 1660 alin
252 1619 345 1668 senisu,
368 1619 449 1675 quam
472 1611 503 1658 ut
524 1603 588 1659 huie
609 1601 670 1659 loeo
692 1600 834 1678 congruat.
877 1603 942 1660 Nam
966 1606 1019 1662 hoo
1039 1620 1124 1662 unum
1209 1608 1219 1617 ''

104 1689 274 1766 Epiphanius
296 1688 438 1762 signifieat,
462 1704 492 1743 se
515 1704 569 1744 non
593 1688 682 1744 omnia
703 1688 847 1761 complecti
862 1689 935 1746 hoc
928 1706 956 1746 ru
971 1690 1060 1765 Opere
1075 1706 1126 1746 eu-

104 1792 183 1851 pere,
207 1790 269 1830 eum
290 1772 494 1829 innumerabilia
510 1773 573 1833 sint.
596 1789 647 1830 nee
661 1774 784 1830 oratione
799 1775 993 1849 comprehendi
1009 1776 1123 1848 possint.

191 1851 330 1917 τουτέστι
345 1853 503 1930 βασιλείας
517 1848 784 1933 Οὐαλεντινιανοῦ]
807 1859 855 1915 Est
871 1859 914 1916 hie
928 1876 1015 1917 annus
1026 1860 1125 1917 Christi
1152 1870 1156 1878 '

107 1948 181 2009 tta
206 1960 261 2019 quo
274 1959 354 1998 suum
375 1958 445 2015 opus
467 1958 613 2038 aggressus
635 1951 678 1999 est
693 1943 873 2017 Epiphanius;
896 1945 1023 2001 Gratiano
1038 1945 1081 2001 lll.
1098 1955 1126 2001 et

103 2028 217 2105 hnuitio
240 2029 316 2084 Coss.
347 2027 548 2083 Valentinianus
569 2029 641 2083 enirn
664 2038 691 2084 ot
713 2029 837 2085 Valens
831 2030 972 2104 imperium
995 2030 1125 2104 auspicati

102 2124 173 2173 sunt
201 2130 274 2169 anno
303 2114 363 2170 364
393 2112 525 2175 bisextili;
553 2113 600 2185 quii
627 2113 726 2170 Ioviani
749 2123 776 2170 et
799 2114 954 2171 Varrouinni
977 2115 1126 2173 Consulatu

101 2209 221 2259 notatur
247 2198 275 2253 in
298 2197 392 2253 l'astis.
437 2197 500 2252 hleo
528 2214 616 2253 armus
643 2199 787 2272 utriusque
813 2203 845 2257 ll
872 2201 969 2257 Christi
999 2209 1042 2257 est
1065 2203 1124 2259 374
1228 2236 1231 2241 -

96 2283 231 2345 Gratiani
252 2299 336 2338 annos
359 2283 553 2356 praetermisit,
577 2291 608 2338 ut
630 2284 735 2357 opinor,
769 2284 903 2341 librarius.
947 2286 1036 2354 Quare
1059 2283 1127 2340 suh-

95 2367 274 2429 stituemlam
297 2376 339 2424 est
361 2362 411 2423 καὶ
434 2364 464 2423 Γ
463 2368 608 2441 ρατιανοῦ
630 2359 751 2443 ὀγδόου.
784 2372 925 2426 Gratianus
948 2371 1077 2445 lupicino
1099 2378 1127 2425 et

94 2456 202 2514 lovino
219 2453 296 2509 Coss.
312 2461 343 2509 ut
364 2453 464 2508 author
486 2461 527 2508 est
544 2452 671 2509 Socrates
694 2458 722 2516 4.
743 2457 789 2511 to.
820 2456 969 2527 lmnorntor
990 2464 1016 2511 et
1033 2458 1126 2527 hugu-

93 2551 166 2600 atus
192 2556 208 2595 a
231 2538 310 2593 Patro
332 2537 505 2593 renunciatus
529 2546 571 2593 est
600 2555 670 2594 anno
694 2538 792 2594 Christi
813 2541 882 2597 367.
925 2540 1016 2613 ltaque
1039 2540 1128 2595 uncle·

93 2628 196 2685 munus
221 2622 394 2679 Valentiniani
418 2633 445 2678 et
469 2621 586 2678 Valentis
619 2631 661 2678 est
689 2624 807 2679 Gratiani
830 2633 948 2680 octavus.
990 2624 1019 2679 ln
1042 2624 1127 2679 llam-

93 2712 260 2771 ehaeorum
282 2707 391 2763 llaeresi
415 2709 463 2770 66,
483 2708 521 2764 20
545 2723 630 2763 anuos
654 2708 771 2764 Gratiani
794 2718 996 2765 commemorat.
1040 2709 1126 2777 (litem

94 2796 128 2855 in
154 2796 253 2853 loourn
275 2801 380 2850 caetera
401 2809 580 2849 reservamus.

197 2869 255 2934 οὐκ
283 2868 369 2937 ἀθεεὶ
399 2867 677 2950 διασκοπήσαντας]
715 2876 763 2933 llic
784 2877 957 2935 coniecturae
979 2878 1054 2934 locus
1077 2886 1128 2933 est.

99 2965 173 3023 llam
198 2963 321 3019 detritio
350 2972 465 3018 constat.
511 2960 606 3018 Surihe
628 2956 837 3037 διασιωπήσας
858 2957 914 3029 τὰς
934 2958 1079 3039 ψήφουςι
1103 2970 1130 3018 et

104 3044 184 3108 alum
206 3045 382 3123 παρελθεῖν.
414 3048 459 3103 l'el
483 3040 670 3121 διισκόσησα
688 3041 744 3115 τὰς
758 3040 886 3124 ψήφους
909 3058 936 3103 οι
958 3047 1129 3104 retinendum

108 3132 149 3203 εἰς
173 3124 203 3199 ὅ,
236 3134 301 3189 Cum
324 3134 357 3189 ml
378 3142 535 3206 susceptum
559 3150 628 3206 tipus
644 3133 853 3206 aggrediendum
869 3133 1066 3189 consentientia
1081 3148 1130 3188 ve·

110 3230 199 3277 atrum
222 3219 343 3273 omniurn
366 3218 491 3291 sullragin
513 3218 640 3273 villorum.

199 3306 259 3360 uo.
303 3293 486 3378 Πάμφιλος]
524 3303 570 3358 lloi
608 3302 748 3359 herbariae
777 3303 925 3375 scriptores
952 3301 1054 3375 aliquot
1084 3316 1131 3355 ru·

113 3396 217 3449 tonsol,
241 3403 357 3461 quornm
380 3387 525 3460 plerosque
541 3388 709 3443 lliosoorirles
733 3389 758 3443 in
774 3388 942 3444 praelatione
964 3402 1132 3442 commemo-

114 3484 162 3537 rat.
187 3482 217 3529 et
239 3472 306 3528 Plin.
330 3472 348 3527 l.
370 3477 394 3528 l.
436 3473 464 3528 lu
489 3473 530 3529 liis
555 3472 709 3545 l¹arnphilus
731 3471 775 3528 ille
798 3473 855 3545 ipse
877 3472 1073 3535 videturesse,
1098 3470 1131 3526 de

113 3576 168 3633 quo
192 3557 304 3622 Suillas;
333 3559 379 3629 «rui
408 3558 478 3613 inter
506 3568 611 3613 caetera
634 3557 828 3629 Georgicorum
854 3566 909 3614 tres
932 3557 1016 3613 lihros
1039 3555 1130 3621 edidit,

111 3644 199 3719 patria
221 3641 412 3714 Amphipolim,
436 3642 475 3698 vel
499 3642 650 3715 Sicyonius,
673 3641 713 3697 vul
735 3641 893 3715 Nicopolim.
923 3643 960 3698 Ex
982 3659 1037 3717 quo
1060 3659 1132 3698 non·

111 3728 186 3785 nulla
210 3727 310 3800 passim
333 3734 458 3800 excerpta
480 3728 608 3800 leguntur
633 3728 660 3782 in
684 3727 852 3784 Constantini
874 3728 1045 3802 Ceoponiois.
1075 3727 1133 3783 lle-

111 3813 192 3871 minit
213 3821 242 3867 et
264 3811 362 3868 alieubi
385 3812 507 3868 l‘hotius.

202 3891 253 3952 καὶ
264 3889 469 3972 Ἡρακλείδης
483 3891 499 3954 ὃ
515 3886 716 3973 Ἰἰιραντινός]
740 3897 844 3953 Citatur
857 3914 872 3951 a
887 3897 988 3953 Caleno
1003 3897 1030 3951 in
1046 3894 1133 3952 libris

109 3982 148 4040 tle
171 3982 300 4057 Compos.
331 3982 469 4040 llerlieam.
492 3975 571 4038 κατὰ
592 3975 704 4049 τόπους
726 3978 775 4037 καὶ
798 3974 884 4057 γένος
908 3998 959 4038 nec
985 3998 1038 4037 non
1055 3990 1082 4034 et
1098 3978 1132 4033 ab

109 4068 257 4125 Athenaeo
279 4067 332 4126 Ι.3
361 4067 514 4125 lleraelitles
538 4067 708 4124 Tarentinus.
750 4066 823 4123 ltlem
846 4076 873 4123 et
894 4067 1016 4125 Andreae
1039 4062 1134 4119 lletlioi

111 4154 249 4211 meminit.
