<?xml version="1.0" encoding="UTF-8"?>
<!DOCTYPE html PUBLIC "-//W3C//DTD XHTML 1.0 Transitional//EN"
    "http://www.w3.org/TR/xhtml1/DTD/xhtml1-transitional.dtd">
<html xmlns="http://www.w3.org/1999/xhtml" xml:lang="en" lang="en">
 <head>
  <title>
</title>
<meta http-equiv="Content-Type" content="text/html;charset=utf-8" />
  <meta name='ocr-system' content='tesseract 3.04.00' />
  <meta name='ocr-capabilities' content='ocr_page ocr_carea ocr_par ocr_line ocrx_word'/>
</head>
<body>
  <div class='ocr_page' id='page_1' title='image "./opera02dindgoog_0197.png"; bbox 0 0 2586 4822; ppageno 0'>
   <div class='ocr_carea' id='block_1_1' title="bbox 570 586 589 635">
    <p class='ocr_par' dir='ltr' id='par_1_1' title="bbox 570 586 589 635">
     <span class='ocr_line' id='line_1_1' title="bbox 570 586 589 635; baseline 0 0"><span class='ocrx_word' id='word_1_1' title='bbox 570 586 589 635; x_wconf 61' lang='lat' dir='ltr'>fc</span> 
     </span>
    </p>
   </div>
   <div class='ocr_carea' id='block_1_2' title="bbox 132 701 1162 817">
    <p class='ocr_par' dir='ltr' id='par_1_2' title="bbox 132 701 1162 817">
     <span class='ocr_line' id='line_1_2' title="bbox 132 701 1162 817; baseline -0.001 -2"><span class='ocrx_word' id='word_1_2' title='bbox 132 752 192 817; x_wconf 80' lang='lat' dir='ltr'>tos</span> <span class='ocrx_word' id='word_1_3' title='bbox 478 764 602 817; x_wconf 83' lang='lat' dir='ltr'>rooomt</span> <span class='ocrx_word' id='word_1_4' title='bbox 622 764 795 815; x_wconf 75' lang='lat' dir='ltr'>coiranno.</span> <span class='ocrx_word' id='word_1_5' title='bbox 1142 701 1162 745; x_wconf 67' lang='lat'><em>⁰</em></span> 
     </span>
    </p>
   </div>
   <div class='ocr_carea' id='block_1_3' title="bbox 128 916 1150 1165">
    <p class='ocr_par' dir='ltr' id='par_1_3' title="bbox 128 916 1150 1165">
     <span class='ocr_line' id='line_1_3' title="bbox 129 916 1150 996; baseline 0 -19"><span class='ocrx_word' id='word_1_6' title='bbox 129 922 272 978; x_wconf 83' lang='lat' dir='ltr'>Bririensis</span> <span class='ocrx_word' id='word_1_7' title='bbox 293 920 413 996; x_wconf 70' lang='lat' dir='ltr'>Angelus</span> <span class='ocrx_word' id='word_1_8' title='bbox 434 920 515 977; x_wconf 90' lang='lat' dir='ltr'>llaria</span> <span class='ocrx_word' id='word_1_9' title='bbox 537 920 666 990; x_wconf 73' lang='lat' dir='ltr'><strong>Quirinus</strong></span> <span class='ocrx_word' id='word_1_10' title='bbox 688 920 716 977; x_wconf 86' lang='lat' dir='ltr'>S.</span> <span class='ocrx_word' id='word_1_11' title='bbox 732 921 764 977; x_wconf 77' lang='lat' dir='ltr'>ll.</span> <span class='ocrx_word' id='word_1_12' title='bbox 780 918 810 976; x_wconf 85' lang='lat' dir='ltr'>ll.</span> <span class='ocrx_word' id='word_1_13' title='bbox 834 918 975 976; x_wconf 83' lang='lat' dir='ltr'>cardinalis</span> <span class='ocrx_word' id='word_1_14' title='bbox 998 916 1150 977; x_wconf 83' lang='lat' dir='ltr'>bibliothe-</span> 
     </span>
     <span class='ocr_line' id='line_1_4' title="bbox 128 1003 1150 1079; baseline -0.005 -15"><span class='ocrx_word' id='word_1_15' title='bbox 128 1008 226 1069; x_wconf 82' lang='lat' dir='ltr'>earius‚</span> <span class='ocrx_word' id='word_1_16' title='bbox 253 1007 329 1062; x_wconf 89' lang='lat' dir='ltr'>cuins</span> <span class='ocrx_word' id='word_1_17' title='bbox 351 1022 416 1063; x_wconf 85' lang='lat' dir='ltr'>eura</span> <span class='ocrx_word' id='word_1_18' title='bbox 438 1016 466 1062; x_wconf 91' lang='lat' dir='ltr'>et</span> <span class='ocrx_word' id='word_1_19' title='bbox 488 1006 578 1063; x_wconf 88' lang='lat' dir='ltr'>studio</span> <span class='ocrx_word' id='word_1_20' title='bbox 600 1007 681 1062; x_wconf 94' lang='lat' dir='ltr'>modo</span> <span class='ocrx_word' id='word_1_21' title='bbox 703 1022 765 1062; x_wconf 91' lang='lat' dir='ltr'>esse</span> <span class='ocrx_word' id='word_1_22' title='bbox 786 1005 953 1079; x_wconf 79' lang='lat' dir='ltr'>prodituram</span> <span class='ocrx_word' id='word_1_23' title='bbox 975 1003 1150 1060; x_wconf 85' lang='lat' dir='ltr'>absolutissi-</span> 
     </span>
     <span class='ocr_line' id='line_1_5' title="bbox 129 1090 1149 1165; baseline -0.002 -18"><span class='ocrx_word' id='word_1_24' title='bbox 129 1108 199 1147; x_wconf 93' lang='lat' dir='ltr'>mam</span> <span class='ocrx_word' id='word_1_25' title='bbox 226 1092 401 1165; x_wconf 83' lang='lat' dir='ltr'>epistolarum</span> <span class='ocrx_word' id='word_1_26' title='bbox 429 1090 571 1147; x_wconf 88' lang='lat' dir='ltr'>cardinalis</span> <span class='ocrx_word' id='word_1_27' title='bbox 595 1090 732 1164; x_wconf 72' lang='lat' dir='ltr'>Reginaldi</span> <span class='ocrx_word' id='word_1_28' title='bbox 754 1090 812 1147; x_wconf 91' lang='lat' dir='ltr'>Poli</span> <span class='ocrx_word' id='word_1_29' title='bbox 842 1090 965 1164; x_wconf 72' lang='lat' dir='ltr'>syllogen</span> <span class='ocrx_word' id='word_1_30' title='bbox 995 1097 1149 1163; x_wconf 83' lang='lat' dir='ltr'>temperare</span> 
     </span>
    </p>
   </div>
   <div class='ocr_carea' id='block_1_4' title="bbox 68 1174 1152 1421">
    <p class='ocr_par' dir='ltr' id='par_1_4' title="bbox 68 1174 1152 1421">
     <span class='ocr_line' id='line_1_6' title="bbox 129 1174 1152 1249; baseline -0.002 -18"><span class='ocrx_word' id='word_1_31' title='bbox 129 1178 194 1232; x_wconf 89' lang='lat' dir='ltr'>milii</span> <span class='ocrx_word' id='word_1_32' title='bbox 217 1193 272 1232; x_wconf 92' lang='lat' dir='ltr'>non</span> <span class='ocrx_word' id='word_1_33' title='bbox 295 1192 416 1249; x_wconf 81' lang='lat' dir='ltr'>possum,</span> <span class='ocrx_word' id='word_1_34' title='bbox 439 1176 582 1233; x_wconf 79' lang='lat' dir='ltr'>occasione</span> <span class='ocrx_word' id='word_1_35' title='bbox 603 1176 703 1249; x_wconf 88' lang='lat' dir='ltr'>optime</span> <span class='ocrx_word' id='word_1_36' title='bbox 719 1176 788 1239; x_wconf 86' lang='lat' dir='ltr'>data,</span> <span class='ocrx_word' id='word_1_37' title='bbox 812 1174 876 1249; x_wconf 84' lang='lat' dir='ltr'>quin</span> <span class='ocrx_word' id='word_1_38' title='bbox 892 1174 1013 1248; x_wconf 74' lang='lat' dir='ltr'>gratuler</span> <span class='ocrx_word' id='word_1_39' title='bbox 1028 1182 1057 1229; x_wconf 92' lang='lat' dir='ltr'>et</span> <span class='ocrx_word' id='word_1_40' title='bbox 1072 1174 1152 1249; x_wconf 84' lang='lat' dir='ltr'>plau·</span> 
     </span>
     <span class='ocr_line' id='line_1_7' title="bbox 68 1258 1151 1335; baseline -0.003 -18"><span class='ocrx_word' id='word_1_41' title='bbox 68 1330 71 1335; x_wconf 28' lang='grc' dir='ltr'>Ι</span> <span class='ocrx_word' id='word_1_42' title='bbox 129 1261 188 1317; x_wconf 87' lang='lat' dir='ltr'>dam</span> <span class='ocrx_word' id='word_1_43' title='bbox 218 1262 364 1317; x_wconf 79' lang='lat' dir='ltr'>litterariae</span> <span class='ocrx_word' id='word_1_44' title='bbox 391 1260 569 1335; x_wconf 78' lang='lat' dir='ltr'>reipublicae,</span> <span class='ocrx_word' id='word_1_45' title='bbox 601 1272 683 1335; x_wconf 81' lang='lat' dir='ltr'>atque</span> <span class='ocrx_word' id='word_1_46' title='bbox 705 1262 772 1317; x_wconf 91' lang='lat' dir='ltr'>adeo</span> <span class='ocrx_word' id='word_1_47' title='bbox 794 1259 959 1334; x_wconf 84' lang='lat' dir='ltr'>reipublicae</span> <span class='ocrx_word' id='word_1_48' title='bbox 982 1258 1151 1315; x_wconf 74' lang='lat' dir='ltr'>Christianae</span> 
     </span>
     <span class='ocr_line' id='line_1_8' title="bbox 84 1345 1152 1421; baseline -0.005 -16"><span class='ocrx_word' id='word_1_49' title='bbox 84 1396 89 1405; x_wconf 94' lang='lat'>.</span> <span class='ocrx_word' id='word_1_50' title='bbox 129 1348 281 1402; x_wconf 82' lang='lat' dir='ltr'>universae.</span> <span class='ocrx_word' id='word_1_51' title='bbox 312 1345 421 1402; x_wconf 81' lang='lat' dir='ltr'>Scilicet</span> <span class='ocrx_word' id='word_1_52' title='bbox 443 1362 497 1401; x_wconf 90' lang='lat' dir='ltr'>non</span> <span class='ocrx_word' id='word_1_53' title='bbox 521 1354 563 1402; x_wconf 90' lang='lat' dir='ltr'>est</span> <span class='ocrx_word' id='word_1_54' title='bbox 585 1345 771 1409; x_wconf 82' lang='lat' dir='ltr'>dubitandum,</span> <span class='ocrx_word' id='word_1_55' title='bbox 794 1346 859 1421; x_wconf 89' lang='lat' dir='ltr'>quin</span> <span class='ocrx_word' id='word_1_56' title='bbox 882 1345 962 1401; x_wconf 90' lang='lat' dir='ltr'>sicuti</span> <span class='ocrx_word' id='word_1_57' title='bbox 983 1362 1045 1400; x_wconf 88' lang='lat' dir='ltr'>eum</span> <span class='ocrx_word' id='word_1_58' title='bbox 1064 1345 1152 1400; x_wconf 84' lang='lat' dir='ltr'>Fran·</span> 
     </span>
    </p>
   </div>
   <div class='ocr_carea' id='block_1_5' title="bbox 20 1420 1153 1759">
    <p class='ocr_par' dir='ltr' id='par_1_5' title="bbox 5 1420 1153 1759">
     <span class='ocr_line' id='line_1_9' title="bbox 20 1420 1151 1503; baseline -0.005 -12"><span class='ocrx_word' id='word_1_59' title='bbox 20 1420 58 1503; x_wconf 53' lang='lat' dir='ltr'>di„</span> <span class='ocrx_word' id='word_1_60' title='bbox 129 1431 194 1488; x_wconf 86' lang='lat' dir='ltr'>eisci</span> <span class='ocrx_word' id='word_1_61' title='bbox 210 1429 318 1487; x_wconf 81' lang='lat' dir='ltr'>Barbari</span> <span class='ocrx_word' id='word_1_62' title='bbox 341 1431 470 1503; x_wconf 89' lang='lat' dir='ltr'>epistolas</span> <span class='ocrx_word' id='word_1_63' title='bbox 493 1430 585 1494; x_wconf 89' lang='lat' dir='ltr'>edidit,</span> <span class='ocrx_word' id='word_1_64' title='bbox 608 1430 868 1486; x_wconf 88' lang='lat' dir='ltr'>animadversionum</span> <span class='ocrx_word' id='word_1_65' title='bbox 891 1446 1000 1485; x_wconf 88' lang='lat' dir='ltr'>suarum</span> <span class='ocrx_word' id='word_1_66' title='bbox 1023 1429 1151 1486; x_wconf 78' lang='lat' dir='ltr'>columen</span> 
     </span>
     <span class='ocr_line' id='line_1_10' title="bbox 24 1508 1150 1589; baseline -0.003 -14.066"><span class='ocrx_word' id='word_1_67' title='bbox 24 1508 52 1557; x_wconf 73' lang='lat'>3&#39;</span> <span class='ocrx_word' id='word_1_68' title='bbox 129 1516 228 1575; x_wconf 81' lang='lat' dir='ltr'>adiecit</span> <span class='ocrx_word' id='word_1_69' title='bbox 249 1515 358 1570; x_wconf 89' lang='lat' dir='ltr'>doctum</span> <span class='ocrx_word' id='word_1_70' title='bbox 381 1532 446 1571; x_wconf 87' lang='lat' dir='ltr'>sane</span> <span class='ocrx_word' id='word_1_71' title='bbox 469 1524 496 1572; x_wconf 91' lang='lat' dir='ltr'>ct</span> <span class='ocrx_word' id='word_1_72' title='bbox 518 1514 693 1580; x_wconf 88' lang='lat' dir='ltr'>laboriosum,</span> <span class='ocrx_word' id='word_1_73' title='bbox 717 1514 763 1571; x_wconf 90' lang='lat' dir='ltr'>ubi</span> <span class='ocrx_word' id='word_1_74' title='bbox 786 1532 878 1572; x_wconf 89' lang='lat' dir='ltr'>rcruur</span> <span class='ocrx_word' id='word_1_75' title='bbox 895 1514 1150 1589; x_wconf 68' lang='lat' dir='ltr'>rirrlcherrimarum.</span> 
     </span>
     <span class='ocr_line' id='line_1_11' title="bbox 37 1599 1153 1677; baseline 0.001 -22"><span class='ocrx_word' id='word_1_76' title='bbox 37 1606 44 1619; x_wconf 87' lang='grc'><em>“</em></span> <span class='ocrx_word' id='word_1_77' title='bbox 70 1672 73 1677; x_wconf 27' lang='grc' dir='ltr'>Ι</span> <span class='ocrx_word' id='word_1_78' title='bbox 130 1616 200 1674; x_wconf 86' lang='lat' dir='ltr'>quae</span> <span class='ocrx_word' id='word_1_79' title='bbox 215 1600 415 1673; x_wconf 78' lang='lat' dir='ltr'>resurgentium</span> <span class='ocrx_word' id='word_1_80' title='bbox 430 1600 582 1656; x_wconf 87' lang='lat' dir='ltr'>litterarum</span> <span class='ocrx_word' id='word_1_81' title='bbox 598 1601 737 1657; x_wconf 81' lang='lat' dir='ltr'>historiam</span> <span class='ocrx_word' id='word_1_82' title='bbox 753 1601 898 1663; x_wconf 82' lang='lat' dir='ltr'>illustrant,</span> <span class='ocrx_word' id='word_1_83' title='bbox 922 1599 1072 1656; x_wconf 90' lang='lat' dir='ltr'>recluditur</span> <span class='ocrx_word' id='word_1_84' title='bbox 1088 1600 1153 1656; x_wconf 88' lang='lat' dir='ltr'>the·</span> 
     </span>
     <span class='ocr_line' id='line_1_12' title="bbox 47 1684 1150 1759; baseline 0.004 -24"><span class='ocrx_word' id='word_1_85' title='bbox 47 1728 51 1735; x_wconf 94' lang='lat'>.</span> <span class='ocrx_word' id='word_1_86' title='bbox 130 1702 237 1747; x_wconf 85' lang='lat' dir='ltr'>surmus,</span> <span class='ocrx_word' id='word_1_87' title='bbox 260 1684 296 1740; x_wconf 87' lang='lat' dir='ltr'>ita</span> <span class='ocrx_word' id='word_1_88' title='bbox 318 1702 390 1741; x_wconf 88' lang='lat' dir='ltr'>nunc</span> <span class='ocrx_word' id='word_1_89' title='bbox 411 1702 467 1741; x_wconf 93' lang='lat' dir='ltr'>nou</span> <span class='ocrx_word' id='word_1_90' title='bbox 489 1685 576 1741; x_wconf 89' lang='lat' dir='ltr'>solum</span> <span class='ocrx_word' id='word_1_91' title='bbox 599 1686 664 1759; x_wconf 84' lang='lat' dir='ltr'>ipsis</span> <span class='ocrx_word' id='word_1_92' title='bbox 686 1686 737 1741; x_wconf 90' lang='lat' dir='ltr'>illis</span> <span class='ocrx_word' id='word_1_93' title='bbox 761 1685 994 1742; x_wconf 83' lang='lat' dir='ltr'>desideratissimis</span> <span class='ocrx_word' id='word_1_94' title='bbox 1016 1684 1150 1759; x_wconf 81' lang='lat' dir='ltr'>epistolis,</span> 
     </span>
    </p>
   </div>
   <div class='ocr_carea' id='block_1_6' title="bbox 131 1768 1152 1929">
    <p class='ocr_par' dir='ltr' id='par_1_6' title="bbox 131 1768 1152 1929">
     <span class='ocr_line' id='line_1_13' title="bbox 131 1768 1152 1845; baseline 0 -20"><span class='ocrx_word' id='word_1_95' title='bbox 131 1769 178 1825; x_wconf 84' lang='lat' dir='ltr'>sed</span> <span class='ocrx_word' id='word_1_96' title='bbox 195 1768 393 1826; x_wconf 82' lang='lat' dir='ltr'>Commentario</span> <span class='ocrx_word' id='word_1_97' title='bbox 415 1771 495 1826; x_wconf 90' lang='lat' dir='ltr'>etiarn</span> <span class='ocrx_word' id='word_1_98' title='bbox 518 1788 568 1826; x_wconf 85' lang='lat' dir='ltr'>suo</span> <span class='ocrx_word' id='word_1_99' title='bbox 590 1770 761 1844; x_wconf 76' lang='lat' dir='ltr'>graiissimae</span> <span class='ocrx_word' id='word_1_100' title='bbox 777 1770 915 1845; x_wconf 75' lang='lat' dir='ltr'>Anglicani</span> <span class='ocrx_word' id='word_1_101' title='bbox 938 1769 1092 1827; x_wconf 87' lang='lat' dir='ltr'>schismatis</span> <span class='ocrx_word' id='word_1_102' title='bbox 1107 1770 1152 1826; x_wconf 86' lang='lat' dir='ltr'>lii-</span> 
     </span>
     <span class='ocr_line' id='line_1_14' title="bbox 131 1855 827 1929; baseline 0 -18"><span class='ocrx_word' id='word_1_103' title='bbox 131 1856 230 1911; x_wconf 84' lang='lat' dir='ltr'>storiae</span> <span class='ocrx_word' id='word_1_104' title='bbox 253 1855 398 1929; x_wconf 88' lang='lat' dir='ltr'>plurimum</span> <span class='ocrx_word' id='word_1_105' title='bbox 421 1856 529 1911; x_wconf 87' lang='lat' dir='ltr'>luminis</span> <span class='ocrx_word' id='word_1_106' title='bbox 552 1856 682 1912; x_wconf 85' lang='lat' dir='ltr'>allaturus</span> <span class='ocrx_word' id='word_1_107' title='bbox 705 1873 760 1912; x_wconf 91' lang='lat' dir='ltr'>non</span> <span class='ocrx_word' id='word_1_108' title='bbox 783 1856 827 1911; x_wconf 90' lang='lat' dir='ltr'>sit.</span> 
     </span>
    </p>
   </div>
   <div class='ocr_carea' id='block_1_7' title="bbox 0 0 1318 4822">
    <p class='ocr_par' dir='ltr' id='par_1_7' title="bbox 0 0 1318 4822">
     <span class='ocr_line' id='line_1_15' title="bbox 0 0 1318 4822; baseline 0 0"><span class='ocrx_word' id='word_1_109' title='bbox 0 0 1318 4822; x_wconf 95' lang='lat' dir='ltr'> </span> 
     </span>
    </p>
   </div>
  </div>
 </body>
</html>
