2586 4822
517 868 625 919 vsasm
644 869 786 927 larinus.
1106 860 1168 923 203

147 1021 202 1077 sed
221 1031 250 1079 ut
270 1023 387 1087 noveris,
411 1021 558 1096 quodiam
583 1023 630 1079 llei
652 1024 687 1078 sit
706 1024 839 1089 adiuvare,
863 1034 894 1081 ut
915 1026 1061 1101 unicuique
1085 1028 1166 1085 tribui

145 1118 312 1164 memoratos
334 1108 436 1181 lapides
458 1109 591 1163 veraciter
613 1118 739 1181 coaptare
761 1111 907 1182 possimus.

107 1198 135 1249 48
233 1193 269 1248 Er
292 1194 428 1266 cogitante
451 1193 535 1266 igitur
557 1193 672 1248 multum
695 1204 796 1258 mente,
821 1205 968 1252 tractantes
991 1197 1063 1253 iuxta
1087 1215 1170 1271 expe·

141 1275 271 1332 alentiam
294 1278 374 1334 huius
398 1278 548 1341 electionis,
573 1279 695 1351 suggerit
717 1278 796 1333 nobis
819 1281 924 1335 animos
948 1289 975 1335 et
997 1282 1055 1354 ipsa
1071 1299 1170 1338 conse-

139 1362 256 1430 quentia
284 1363 424 1427 lectionis,
460 1363 576 1435 qualiter
605 1363 777 1418 animadverti
807 1365 894 1436 possit
923 1367 1071 1439 quadratus
1101 1368 1194 1426 ardon

138 1446 284 1502 rationalis
307 1465 339 1502 ex
360 1448 491 1520 appositis
524 1447 657 1521 lapidibus
679 1448 829 1503 secuudum
859 1460 1007 1505 memorata
1030 1451 1168 1508 vocabula.

138 1526 310 1602 Requlratur
333 1532 383 1587 iam
406 1533 439 1587 de
462 1532 576 1605 siugulis
599 1533 719 1588 numeris
743 1533 822 1589 sicuti
838 1534 953 1589 discreta
971 1544 1013 1591 cst
1029 1553 1170 1609 tanaquae-

135 1628 203 1682 que
223 1615 324 1680 divisio,
348 1617 433 1689 qualis
456 1616 489 1670 ad
512 1617 668 1673 eorumdem
684 1618 801 1690 lapidum
818 1619 949 1700 rationem
965 1620 1166 1693 lectionemque

135 1697 179 1751 sit
213 1716 381 1774 cougrueus;
418 1712 445 1757 et
473 1701 629 1775 ubicunque
659 1702 767 1774 quidem
797 1704 1024 1759 dinumeratarunr
1049 1705 1170 1761 tribuum

134 1789 246 1841 statum
269 1787 295 1841 iu
317 1786 385 1842 locis
408 1786 520 1859 singulis
544 1787 719 1860 inspeximus.
743 1797 889 1861 menteque
905 1790 1097 1862 perpendimus
1112 1808 1168 1846 non
1180 1799 1209 1849 10

136 1881 229 1938 posse
252 1871 426 1935 naturaliter,
456 1880 486 1925 ut
508 1888 638 1927 numerus
660 1872 774 1944 quilibet
797 1889 906 1935 eorum,
937 1875 983 1944 qui
1005 1891 1168 1947 irrraquaque

136 1948 276 2012 divisione
297 1957 433 2012 numerati
457 1964 530 2018 sunt,
555 1973 638 2011 uuum
662 1973 761 2011 nornen
785 1958 873 2013 miuus
897 1957 1000 2013 habens
1024 1976 1054 2013 er
1078 1959 1168 2014 tribu-

138 2033 215 2104 bus,
243 2042 416 2115 appellationi
444 2041 542 2095 horum
573 2041 688 2113 lapidum
719 2042 848 2112 coaptari.
897 2041 1016 2114 ldeoque
1045 2045 1168 2115 protinus

138 2119 302 2181 divisionem
326 2125 472 2183 secundam
496 2126 547 2181 rite
570 2127 739 2188 sustulimus,
770 2135 865 2199 utpote
888 2143 957 2198 quae
979 2128 1077 2183 horum
1100 2129 1168 2201 lapi-

141 2203 212 2265 dum
233 2211 437 2267 consonantiam
461 2210 563 2266 habere
586 2227 640 2265 non
670 2211 772 2284 possit,
803 2220 946 2284 propterea
975 2213 1036 2286 quia
1066 2214 1168 2285 primos
1181 2221 1208 2270 ta

144 2304 230 2363 ponat
252 2296 306 2351 [lan
331 2307 358 2352 et
373 2295 515 2368 Neptalim,
540 2295 594 2350 Gad
618 2306 645 2350 et
660 2297 736 2359 riser,
761 2296 812 2351 lroc
836 2305 886 2359 est,
910 2297 1065 2352 ancillarum
1089 2298 1167 2361 lilios,

146 2380 253 2446 quando
276 2382 388 2437 mittens
410 2380 489 2435 laeob
505 2380 575 2435 Esau
598 2397 710 2435 munera
733 2382 759 2435 in
783 2391 897 2436 turmam
922 2399 968 2435 eos
992 2383 1104 2452 prunam
1127 2383 1169 2437 ‹li-

150 2461 219 2519 u'sit.
254 2466 318 2521 Post
349 2467 415 2520 baec
444 2475 534 2520 erotem
564 2465 632 2520 illios
656 2466 717 2520 biae
745 2465 807 2520 lecit
831 2466 907 2519 aliam
932 2475 1057 2520 turmam.
1103 2466 1169 2521 [lein

155 2543 219 2603 lilios
234 2550 331 2606 llaehel
355 2562 470 2605 turmam
495 2550 610 2605 tertiam.
640 2549 704 2604 Naur
728 2567 789 2603 cum
806 2549 981 2622 pretiosiores
998 2549 1100 2622 lapides
1116 2551 1170 2606 sint

159 2631 181 2683 'tn
202 2635 328 2708 principio
345 2636 492 2698 rationalis,
516 2651 599 2707 porro
616 2634 661 2688 lilii
677 2635 833 2689 ancillarum
850 2634 991 2689 inferiores
1008 2633 1168 2698 habeantur,
1179 2640 1210 2693 20

163 2722 186 2767 tl
205 2718 242 2774 liic
263 2721 379 2793 primum
402 2720 483 2792 positi
506 2720 570 2782 sint,
594 2718 760 2790 impossibile
784 2727 826 2773 est
848 2735 896 2773 eos
912 2719 943 2773 ad
962 2735 1070 2772 eausam
1088 2720 1172 2774 ralio-

166 2798 229 2865 nalis,
250 2805 274 2859 iu
298 2805 349 2860 liae
372 2806 477 2860 numeri
500 2813 586 2877 parte,
611 2820 773 2876 congruere,
797 2804 997 2875 propterquod
1016 2804 1050 2857 ita
1067 2819 1097 2858 se
1120 2804 1171 2858 lra-

170 2879 220 2941 bere
238 2905 289 2944 non
306 2890 403 2962 possit.
433 2890 498 2944 lteru
516 2899 639 2961 quartam
656 2888 823 2950 divisionem,
848 2888 1064 2942 benedictionem
1081 2887 1169 2952 lacob,

173 2970 354 3039 ttploraiimus,
378 2974 488 3048 quaudo
511 2974 629 3029 moriens
653 2973 714 3028 liliis
738 2971 883 3027 benedixit.
922 2972 1008 3028 Habet
1025 2974 1095 3027 enirn
1111 2973 1169 3045 pri-

149 3056 227 3111 tanum
246 3059 351 3123 lluben,
375 3059 436 3114 dein
460 3058 570 3113 Simeon
594 3067 620 3113 et
644 3058 705 3113 Levi
728 3057 808 3112 simul
831 3057 982 3120 adiunctos,
1007 3058 1042 3112 ita
1066 3066 1096 3112 ut
1119 3059 1210 3114 istalb

175 3140 289 3216 utriusque
317 3142 455 3216 copulatio
485 3144 582 3198 borrrm
612 3142 729 3215 lapidum
760 3142 954 3215 congruentiae
977 3142 1098 3197 videatur
1121 3142 1173 3197 ob·

175 3220 254 3282 sistere.
292 3228 411 3301 ldeoque
434 3229 512 3284 istam
536 3244 645 3300 qnoque
668 3227 836 3290 sustulimus,
872 3243 933 3281 erim
956 3226 1089 3299 lapidibus
1113 3228 1170 3282 istis

176 3313 344 3370 accommodari
368 3314 476 3368 minime
500 3313 595 3385 possit.

236 3397 400 3472 luspeximus
417 3408 507 3453 autem
524 3407 551 3452 et
567 3398 686 3469 quintam
706 3396 873 3459 divisionem,
897 3411 966 3468 «qnae
983 3396 1104 3451 continet
1120 3396 1172 3450 iui-

177 3472 223 3533 litn
242 3484 404 3556 egressionis
427 3482 545 3538 liliorum
568 3480 649 3537 lsrael
673 3497 703 3536 ex
726 3485 858 3552 aegypto,
888 3489 916 3534 et
938 3481 1088 3535 invenimus
1111 3485 1211 3536 cambd

89 3614 91 3627 .
178 3573 362 3637 lueponennrn
379 3566 525 3623 liberarum
541 3566 620 3629 lilios,
644 3575 673 3621 ct
694 3564 850 3619 ancillarum
873 3565 945 3618 inita
968 3565 1172 3637 eonrpositionis

89 3634 91 3701 J
178 3645 271 3707 ⁰clinem
287 3661 498 3726 supponentem,
524 3651 720 3721 facientemque
736 3649 912 3713 tuosissimos;
937 3658 964 3704 et
980 3649 1015 3704 ob
1032 3650 1084 3704 hoc
1099 3648 1171 3720 quod

179 3724 251 3806 loseph
277 3738 303 3792 in
326 3740 450 3810 Aegypto
481 3735 646 3792 constitutus
670 3743 825 3806 postremus
848 3734 1001 3789 nominatus
1025 3743 1081 3797 est,
1112 3733 1172 3786 aui·

89 3836 93 3885 ,ι
180 3816 340 3877 madvertimus
365 3822 464 3876 iterum
488 3837 542 3875 nou
566 3836 647 3892 posse
669 3818 771 3891 lapides
801 3820 868 3873 istos
891 3827 1099 3874 memoratarum
1124 3817 1174 3870 tri-

89 3896 92 3917 '
181 3891 242 3957 llum
260 3907 377 3980 coaptari
401 3905 571 3969 uominilros;
604 3913 631 3959 ct
653 3903 726 3975 quod
748 3903 907 3958 naturaliter
929 3903 1080 3976 onychinus
1104 3900 1170 3970 lapis
1182 3905 1212 3957 35

182 3976 200 4032 lt
215 4002 315 4056 persona
339 3991 437 4064 loseph
461 3989 633 4063 interpretari
656 4004 710 4042 non
733 3988 828 4060 possit,
854 4005 941 4062 noque
963 4004 1057 4042 uusus
1081 3993 1172 4039 eatre-

183 4078 224 4122 uus
241 4073 328 4149 loseph
353 4076 426 4131 iuxta
456 4076 680 4148 compositionem
710 4071 846 4127 rationalis
875 4073 956 4127 inseri
986 4070 1091 4130 debeat,
1121 4069 1172 4125 uisi

183 4154 236 4218 ‘llll
254 4160 433 4217 tantummodo
456 4160 619 4217 necessitate
641 4166 863 4232 praeposteratus
885 4157 930 4218 sit,
955 4164 983 4208 ut
1006 4169 1067 4208 cuur
1084 4153 1172 4210 undo·
