<?xml version="1.0" encoding="UTF-8"?>
<!DOCTYPE html PUBLIC "-//W3C//DTD XHTML 1.0 Transitional//EN"
    "http://www.w3.org/TR/xhtml1/DTD/xhtml1-transitional.dtd">
<html xmlns="http://www.w3.org/1999/xhtml" xml:lang="en" lang="en">
 <head>
  <title>
</title>
<meta http-equiv="Content-Type" content="text/html;charset=utf-8" />
  <meta name='ocr-system' content='tesseract 3.04.00' />
  <meta name='ocr-capabilities' content='ocr_page ocr_carea ocr_par ocr_line ocrx_word'/>
</head>
<body>
  <div class='ocr_page' id='page_1' title='image "./opera02dindgoog_0192.png"; bbox 0 0 2586 4822; ppageno 0'>
   <div class='ocr_carea' id='block_1_1' title="bbox 540 844 713 895">
    <p class='ocr_par' dir='ltr' id='par_1_1' title="bbox 540 844 713 895">
     <span class='ocr_line' id='line_1_1' title="bbox 540 844 713 895; baseline -0.006 0"><span class='ocrx_word' id='word_1_1' title='bbox 540 844 713 895; x_wconf 71' lang='grc' dir='ltr'><strong>ΡΒΑΕΡᾸΤΙΟ.</strong></span> 
     </span>
    </p>
   </div>
   <div class='ocr_carea' id='block_1_2' title="bbox 581 1084 663 1155">
    <p class='ocr_par' dir='ltr' id='par_1_2' title="bbox 581 1084 663 1155">
     <span class='ocr_line' id='line_1_2' title="bbox 581 1084 663 1155; baseline 0.012 -16"><span class='ocrx_word' id='word_1_2' title='bbox 581 1086 608 1155; x_wconf 65' lang='lat' dir='ltr'>p.</span> <span class='ocrx_word' id='word_1_3' title='bbox 632 1084 663 1140; x_wconf 90' lang='lat' dir='ltr'>x.</span> 
     </span>
    </p>
   </div>
   <div class='ocr_carea' id='block_1_3' title="bbox 109 1200 1137 1363">
    <p class='ocr_par' dir='ltr' id='par_1_3' title="bbox 109 1200 1137 1363">
     <span class='ocr_line' id='line_1_3' title="bbox 114 1200 1137 1279; baseline 0.001 -21"><span class='ocrx_word' id='word_1_4' title='bbox 114 1200 225 1275; x_wconf 87' lang='lat' dir='ltr'>Optime</span> <span class='ocrx_word' id='word_1_5' title='bbox 247 1204 277 1258; x_wconf 90' lang='lat' dir='ltr'>in</span> <span class='ocrx_word' id='word_1_6' title='bbox 300 1200 454 1257; x_wconf 79' lang='lat' dir='ltr'>Diodorum</span> <span class='ocrx_word' id='word_1_7' title='bbox 473 1201 584 1273; x_wconf 78' lang='lat' dir='ltr'>Tyriam</span> <span class='ocrx_word' id='word_1_8' title='bbox 607 1219 656 1257; x_wconf 88' lang='lat' dir='ltr'>eos</span> <span class='ocrx_word' id='word_1_9' title='bbox 679 1204 827 1258; x_wconf 79' lang='lat' dir='ltr'>convenire</span> <span class='ocrx_word' id='word_1_10' title='bbox 849 1205 955 1268; x_wconf 61' lang='lat' dir='ltr'>loams,</span> <span class='ocrx_word' id='word_1_11' title='bbox 980 1220 1051 1276; x_wconf 84' lang='lat' dir='ltr'>paos</span> <span class='ocrx_word' id='word_1_12' title='bbox 1067 1203 1137 1279; x_wconf 82' lang='lat' dir='ltr'>Epi·</span> 
     </span>
     <span class='ocr_line' id='line_1_4' title="bbox 109 1286 1136 1363; baseline 0.003 -21"><span class='ocrx_word' id='word_1_13' title='bbox 109 1287 238 1360; x_wconf 84' lang='lat' dir='ltr'>phonias</span> <span class='ocrx_word' id='word_1_14' title='bbox 261 1288 358 1343; x_wconf 86' lang='lat' dir='ltr'>tribuit</span> <span class='ocrx_word' id='word_1_15' title='bbox 373 1286 498 1343; x_wconf 82' lang='lat' dir='ltr'>Diodoro</span> <span class='ocrx_word' id='word_1_16' title='bbox 521 1289 572 1352; x_wconf 87' lang='lat' dir='ltr'>illi,</span> <span class='ocrx_word' id='word_1_17' title='bbox 596 1290 641 1343; x_wconf 88' lang='lat' dir='ltr'>cai</span> <span class='ocrx_word' id='word_1_18' title='bbox 663 1289 766 1343; x_wconf 85' lang='lat' dir='ltr'>libram</span> <span class='ocrx_word' id='word_1_19' title='bbox 789 1287 825 1344; x_wconf 81' lang='lat' dir='ltr'>tte</span> <span class='ocrx_word' id='word_1_20' title='bbox 847 1287 960 1363; x_wconf 80' lang='lat' dir='ltr'>gemmis</span> <span class='ocrx_word' id='word_1_21' title='bbox 982 1291 1136 1362; x_wconf 84' lang='lat' dir='ltr'>irtscriptt&#39;t.</span> 
     </span>
    </p>
   </div>
   <div class='ocr_carea' id='block_1_4' title="bbox 105 1422 1198 4287">
    <p class='ocr_par' dir='ltr' id='par_1_4' title="bbox 108 1422 1198 2762">
     <span class='ocr_line' id='line_1_5' title="bbox 199 1422 1136 1498; baseline 0.003 -20"><span class='ocrx_word' id='word_1_22' title='bbox 199 1422 254 1480; x_wconf 90' lang='lat' dir='ltr'>Sed</span> <span class='ocrx_word' id='word_1_23' title='bbox 276 1422 349 1479; x_wconf 84' lang='lat' dir='ltr'>alind</span> <span class='ocrx_word' id='word_1_24' title='bbox 370 1439 482 1498; x_wconf 85' lang='lat' dir='ltr'>qnoque</span> <span class='ocrx_word' id='word_1_25' title='bbox 505 1440 537 1480; x_wconf 82' lang='lat' dir='ltr'>ex</span> <span class='ocrx_word' id='word_1_26' title='bbox 558 1423 701 1498; x_wconf 78' lang='lat' dir='ltr'>descriptis</span> <span class='ocrx_word' id='word_1_27' title='bbox 724 1423 822 1480; x_wconf 83' lang='lat' dir='ltr'>lluffini</span> <span class='ocrx_word' id='word_1_28' title='bbox 844 1424 931 1481; x_wconf 85' lang='lat' dir='ltr'>verbis</span> <span class='ocrx_word' id='word_1_29' title='bbox 954 1424 1136 1498; x_wconf 82' lang='lat' dir='ltr'>colligendum</span> 
     </span>
     <span class='ocr_line' id='line_1_6' title="bbox 114 1507 1137 1583; baseline -0.001 -16"><span class='ocrx_word' id='word_1_30' title='bbox 114 1517 257 1582; x_wconf 78' lang='lat' dir='ltr'>superest:</span> <span class='ocrx_word' id='word_1_31' title='bbox 280 1509 308 1564; x_wconf 89' lang='lat' dir='ltr'>iu</span> <span class='ocrx_word' id='word_1_32' title='bbox 331 1507 477 1566; x_wconf 81' lang='lat' dir='ltr'>Diodorum</span> <span class='ocrx_word' id='word_1_33' title='bbox 493 1508 601 1583; x_wconf 83' lang='lat' dir='ltr'>Tyrium</span> <span class='ocrx_word' id='word_1_34' title='bbox 625 1526 683 1566; x_wconf 85' lang='lat' dir='ltr'>earn</span> <span class='ocrx_word' id='word_1_35' title='bbox 706 1510 919 1567; x_wconf 74' lang='lat' dir='ltr'><strong>aestimationem</strong></span> <span class='ocrx_word' id='word_1_36' title='bbox 943 1511 1044 1583; x_wconf 85' lang='lat' dir='ltr'>optime</span> <span class='ocrx_word' id='word_1_37' title='bbox 1067 1525 1137 1567; x_wconf 92' lang='lat' dir='ltr'>con-</span> 
     </span>
     <span class='ocr_line' id='line_1_7' title="bbox 112 1592 1136 1667; baseline 0.003 -19"><span class='ocrx_word' id='word_1_38' title='bbox 112 1594 215 1657; x_wconf 83' lang='lat' dir='ltr'>uenire,</span> <span class='ocrx_word' id='word_1_39' title='bbox 239 1609 292 1667; x_wconf 89' lang='lat' dir='ltr'>qua</span> <span class='ocrx_word' id='word_1_40' title='bbox 315 1592 481 1667; x_wconf 75' lang='lat' dir='ltr'>Epiphanius</span> <span class='ocrx_word' id='word_1_41' title='bbox 498 1593 643 1650; x_wconf 81' lang='lat' dir='ltr'>lliodorant</span> <span class='ocrx_word' id='word_1_42' title='bbox 667 1594 741 1650; x_wconf 84' lang='lat' dir='ltr'>illam</span> <span class='ocrx_word' id='word_1_43' title='bbox 763 1595 946 1667; x_wconf 79' lang='lat' dir='ltr'>prosequitur,</span> <span class='ocrx_word' id='word_1_44' title='bbox 971 1595 1014 1651; x_wconf 90' lang='lat' dir='ltr'>cui</span> <span class='ocrx_word' id='word_1_45' title='bbox 1036 1594 1136 1651; x_wconf 88' lang='lat' dir='ltr'>librum</span> 
     </span>
     <span class='ocr_line' id='line_1_8' title="bbox 113 1679 1198 1752; baseline 0 -17"><span class='ocrx_word' id='word_1_46' title='bbox 113 1679 214 1735; x_wconf 87' lang='lat' dir='ltr'>librum</span> <span class='ocrx_word' id='word_1_47' title='bbox 236 1679 375 1752; x_wconf 74' lang='lat' dir='ltr'>inscripsit</span> <span class='ocrx_word' id='word_1_48' title='bbox 395 1679 438 1733; x_wconf 87' lang='lat' dir='ltr'>De</span> <span class='ocrx_word' id='word_1_49' title='bbox 458 1681 580 1750; x_wconf 81' lang='lat' dir='ltr'>pemmis.</span> <span class='ocrx_word' id='word_1_50' title='bbox 612 1679 677 1734; x_wconf 82' lang='lat' dir='ltr'>Cura</span> <span class='ocrx_word' id='word_1_51' title='bbox 701 1680 771 1735; x_wconf 87' lang='lat' dir='ltr'>caim</span> <span class='ocrx_word' id='word_1_52' title='bbox 794 1697 873 1752; x_wconf 87' lang='lat' dir='ltr'>quarn</span> <span class='ocrx_word' id='word_1_53' title='bbox 890 1679 996 1736; x_wconf 78' lang='lat' dir='ltr'>celebre</span> <span class='ocrx_word' id='word_1_54' title='bbox 1013 1689 1055 1737; x_wconf 88' lang='lat' dir='ltr'>est</span> <span class='ocrx_word' id='word_1_55' title='bbox 1070 1680 1198 1736; x_wconf 80' lang='lat' dir='ltr'>llio-trun</span> 
     </span>
     <span class='ocr_line' id='line_1_9' title="bbox 113 1764 1134 1838; baseline 0.002 -19"><span class='ocrx_word' id='word_1_56' title='bbox 113 1764 175 1821; x_wconf 88' lang='lat' dir='ltr'>dori</span> <span class='ocrx_word' id='word_1_57' title='bbox 197 1764 337 1820; x_wconf 83' lang='lat' dir='ltr'>Tarsensis</span> <span class='ocrx_word' id='word_1_58' title='bbox 367 1781 482 1828; x_wconf 88' lang='lat' dir='ltr'>nornen,</span> <span class='ocrx_word' id='word_1_59' title='bbox 513 1773 567 1820; x_wconf 86' lang='lat' dir='ltr'>tarn</span> <span class='ocrx_word' id='word_1_60' title='bbox 594 1764 747 1836; x_wconf 81' lang='lat' dir='ltr'>ignoratam</span> <span class='ocrx_word' id='word_1_61' title='bbox 776 1766 811 1819; x_wconf 89' lang='lat' dir='ltr'>sit</span> <span class='ocrx_word' id='word_1_62' title='bbox 832 1764 897 1820; x_wconf 92' lang='lat' dir='ltr'>illud</span> <span class='ocrx_word' id='word_1_63' title='bbox 921 1764 1030 1821; x_wconf 83' lang='lat' dir='ltr'>Diodori</span> <span class='ocrx_word' id='word_1_64' title='bbox 1052 1764 1134 1838; x_wconf 74' lang='lat' dir='ltr'>Tyrii,</span> 
     </span>
     <span class='ocr_line' id='line_1_10' title="bbox 113 1847 1175 1922; baseline 0.002 -17"><span class='ocrx_word' id='word_1_65' title='bbox 113 1865 196 1922; x_wconf 90' lang='lat' dir='ltr'>quem</span> <span class='ocrx_word' id='word_1_66' title='bbox 219 1849 260 1904; x_wconf 82' lang='lat' dir='ltr'>vir</span> <span class='ocrx_word' id='word_1_67' title='bbox 282 1848 467 1922; x_wconf 78' lang='lat' dir='ltr'>diligentiores</span> <span class='ocrx_word' id='word_1_68' title='bbox 490 1847 688 1905; x_wconf 85' lang='lat' dir='ltr'>ecclesiasticae</span> <span class='ocrx_word' id='word_1_69' title='bbox 711 1849 839 1905; x_wconf 80' lang='lat' dir='ltr'>historiae</span> <span class='ocrx_word' id='word_1_70' title='bbox 862 1859 996 1905; x_wconf 88' lang='lat' dir='ltr'>amatores</span> <span class='ocrx_word' id='word_1_71' title='bbox 1012 1858 1135 1916; x_wconf 83' lang='lat' dir='ltr'>nossent,</span> <span class='ocrx_word' id='word_1_72' title='bbox 1153 1874 1175 1887; x_wconf 95' lang='lat'>··</span> 
     </span>
     <span class='ocr_line' id='line_1_11' title="bbox 112 1933 1136 2009; baseline 0.001 -19"><span class='ocrx_word' id='word_1_73' title='bbox 112 1934 166 1991; x_wconf 90' lang='lat' dir='ltr'>nisi</span> <span class='ocrx_word' id='word_1_74' title='bbox 189 1933 355 2008; x_wconf 77' lang='lat' dir='ltr'>ineliquata</span> <span class='ocrx_word' id='word_1_75' title='bbox 378 1951 439 1989; x_wconf 88' lang='lat' dir='ltr'>eum</span> <span class='ocrx_word' id='word_1_76' title='bbox 463 1934 597 1989; x_wconf 80' lang='lat' dir='ltr'>erexisset</span> <span class='ocrx_word' id='word_1_77' title='bbox 619 1934 714 1989; x_wconf 81' lang='lat' dir='ltr'>latriam</span> <span class='ocrx_word' id='word_1_78' title='bbox 738 1934 938 1990; x_wconf 88' lang='lat' dir='ltr'>Tilleroontins:</span> <span class='ocrx_word' id='word_1_79' title='bbox 969 1936 1060 2009; x_wconf 90' lang='lat' dir='ltr'>itaque</span> <span class='ocrx_word' id='word_1_80' title='bbox 1082 1935 1136 1991; x_wconf 91' lang='lat' dir='ltr'>hoc</span> 
     </span>
     <span class='ocr_line' id='line_1_12' title="bbox 113 2018 1137 2093; baseline -0.001 -17"><span class='ocrx_word' id='word_1_81' title='bbox 113 2020 197 2076; x_wconf 87' lang='lat' dir='ltr'>etiarn</span> <span class='ocrx_word' id='word_1_82' title='bbox 219 2019 447 2092; x_wconf 82' lang='lat' dir='ltr'>praetereundum</span> <span class='ocrx_word' id='word_1_83' title='bbox 464 2035 518 2074; x_wconf 91' lang='lat' dir='ltr'>non</span> <span class='ocrx_word' id='word_1_84' title='bbox 535 2019 585 2075; x_wconf 85' lang='lat' dir='ltr'>init</span> <span class='ocrx_word' id='word_1_85' title='bbox 599 2018 717 2080; x_wconf 86' lang='lat' dir='ltr'>silentio,</span> <span class='ocrx_word' id='word_1_86' title='bbox 741 2019 813 2091; x_wconf 88' lang='lat' dir='ltr'>quod</span> <span class='ocrx_word' id='word_1_87' title='bbox 829 2019 936 2092; x_wconf 76' lang='lat' dir='ltr'>quidem</span> <span class='ocrx_word' id='word_1_88' title='bbox 953 2019 1055 2093; x_wconf 86' lang='lat' dir='ltr'>optime</span> <span class='ocrx_word' id='word_1_89' title='bbox 1071 2019 1137 2075; x_wconf 80' lang='lat' dir='ltr'>ttio-</span> 
     </span>
     <span class='ocr_line' id='line_1_13' title="bbox 112 2103 1137 2177; baseline 0 -17"><span class='ocrx_word' id='word_1_90' title='bbox 112 2105 199 2160; x_wconf 90' lang='lat' dir='ltr'>dorus</span> <span class='ocrx_word' id='word_1_91' title='bbox 222 2103 282 2177; x_wconf 78' lang='lat' dir='ltr'>&#39;l&#39;pri</span> <span class='ocrx_word' id='word_1_92' title='bbox 305 2103 337 2159; x_wconf 92' lang='lat' dir='ltr'>ah</span> <span class='ocrx_word' id='word_1_93' title='bbox 361 2103 512 2177; x_wconf 80' lang='lat' dir='ltr'>Epiphanio</span> <span class='ocrx_word' id='word_1_94' title='bbox 539 2103 651 2160; x_wconf 85' lang='lat' dir='ltr'>dicitur:</span> <span class='ocrx_word' id='word_1_95' title='bbox 680 2103 764 2158; x_wconf 81' lang='lat' dir='ltr'>Elias</span> <span class='ocrx_word' id='word_1_96' title='bbox 786 2105 962 2175; x_wconf 76' lang='lat' dir='ltr'>aliorumque</span> <span class='ocrx_word' id='word_1_97' title='bbox 980 2104 1137 2177; x_wconf 87' lang='lat' dir='ltr'>propbeta·</span> 
     </span>
     <span class='ocr_line' id='line_1_14' title="bbox 111 2189 1136 2262; baseline 0.002 -18"><span class='ocrx_word' id='word_1_98' title='bbox 111 2207 177 2244; x_wconf 85' lang='lat' dir='ltr'>ram</span> <span class='ocrx_word' id='word_1_99' title='bbox 197 2190 281 2261; x_wconf 68' lang='lat' dir='ltr'>filias,</span> <span class='ocrx_word' id='word_1_100' title='bbox 304 2190 459 2262; x_wconf 75' lang='lat' dir='ltr'>discipulas</span> <span class='ocrx_word' id='word_1_101' title='bbox 482 2197 508 2244; x_wconf 89' lang='lat' dir='ltr'>et</span> <span class='ocrx_word' id='word_1_102' title='bbox 529 2205 674 2244; x_wconf 83' lang='lat' dir='ltr'>successor</span> <span class='ocrx_word' id='word_1_103' title='bbox 692 2190 878 2244; x_wconf 77' lang='lat' dir='ltr'>venerabilis.-</span> <span class='ocrx_word' id='word_1_104' title='bbox 902 2199 929 2246; x_wconf 90' lang='lat' dir='ltr'>ct</span> <span class='ocrx_word' id='word_1_105' title='bbox 944 2190 1017 2262; x_wconf 83' lang='lat' dir='ltr'>quod</span> <span class='ocrx_word' id='word_1_106' title='bbox 1034 2189 1136 2262; x_wconf 85' lang='lat' dir='ltr'>optime</span> 
     </span>
     <span class='ocr_line' id='line_1_15' title="bbox 112 2273 1137 2348; baseline 0.001 -18"><span class='ocrx_word' id='word_1_107' title='bbox 112 2273 225 2330; x_wconf 84' lang='lat' dir='ltr'>Diodori</span> <span class='ocrx_word' id='word_1_108' title='bbox 241 2273 313 2346; x_wconf 73' lang='lat' dir='ltr'>Tyrii</span> <span class='ocrx_word' id='word_1_109' title='bbox 334 2273 462 2347; x_wconf 88' lang='lat' dir='ltr'>precibus</span> <span class='ocrx_word' id='word_1_110' title='bbox 484 2274 587 2330; x_wconf 89' lang='lat' dir='ltr'>divinae</span> <span class='ocrx_word' id='word_1_111' title='bbox 605 2275 707 2347; x_wconf 78' lang='lat' dir='ltr'>gratiae</span> <span class='ocrx_word' id='word_1_112' title='bbox 722 2273 881 2330; x_wconf 87' lang='lat' dir='ltr'>rnnneribns</span> <span class='ocrx_word' id='word_1_113' title='bbox 896 2273 1056 2347; x_wconf 86' lang='lat' dir='ltr'>locupletari</span> <span class='ocrx_word' id='word_1_114' title='bbox 1071 2291 1137 2348; x_wconf 87' lang='lat' dir='ltr'>spe-</span> 
     </span>
     <span class='ocr_line' id='line_1_16' title="bbox 111 2358 1136 2430; baseline 0 -15"><span class='ocrx_word' id='word_1_115' title='bbox 111 2369 171 2422; x_wconf 86' lang='lat' dir='ltr'>rat;</span> <span class='ocrx_word' id='word_1_116' title='bbox 196 2368 254 2414; x_wconf 88' lang='lat' dir='ltr'>erat</span> <span class='ocrx_word' id='word_1_117' title='bbox 276 2358 346 2413; x_wconf 88' lang='lat' dir='ltr'>enim</span> <span class='ocrx_word' id='word_1_118' title='bbox 369 2358 414 2414; x_wconf 92' lang='lat' dir='ltr'>ille</span> <span class='ocrx_word' id='word_1_119' title='bbox 435 2376 508 2414; x_wconf 86' lang='lat' dir='ltr'>anas</span> <span class='ocrx_word' id='word_1_120' title='bbox 529 2376 600 2414; x_wconf 78' lang='lat' dir='ltr'>sarie</span> <span class='ocrx_word' id='word_1_121' title='bbox 622 2376 657 2414; x_wconf 79' lang='lat' dir='ltr'>en</span> <span class='ocrx_word' id='word_1_122' title='bbox 679 2361 803 2430; x_wconf 73' lang='lat' dir='ltr'>arationis</span> <span class='ocrx_word' id='word_1_123' title='bbox 825 2359 971 2415; x_wconf 77' lang='lat' dir='ltr'>catholicis</span> <span class='ocrx_word' id='word_1_124' title='bbox 992 2361 1052 2423; x_wconf 82' lang='lat' dir='ltr'>nir,</span> <span class='ocrx_word' id='word_1_125' title='bbox 1076 2367 1136 2415; x_wconf 81' lang='lat' dir='ltr'>tea·</span> 
     </span>
     <span class='ocr_line' id='line_1_17' title="bbox 111 2437 1136 2516; baseline 0.001 -17"><span class='ocrx_word' id='word_1_126' title='bbox 111 2445 252 2499; x_wconf 75' lang='lat' dir='ltr'>wtionam</span> <span class='ocrx_word' id='word_1_127' title='bbox 274 2437 443 2498; x_wconf 74' lang='lat' dir='ltr'>documentis</span> <span class='ocrx_word' id='word_1_128' title='bbox 462 2446 615 2516; x_wconf 81' lang='lat' dir='ltr'>probatas,</span> <span class='ocrx_word' id='word_1_129' title='bbox 639 2446 785 2516; x_wconf 84' lang='lat' dir='ltr'>episcopas</span> <span class='ocrx_word' id='word_1_130' title='bbox 808 2446 962 2500; x_wconf 87' lang='lat' dir='ltr'>testimonio</span> <span class='ocrx_word' id='word_1_131' title='bbox 985 2444 1136 2500; x_wconf 82' lang='lat' dir='ltr'>dtbonast&#39;t&#39;</span> 
     </span>
     <span class='ocr_line' id='line_1_18' title="bbox 108 2529 1136 2602; baseline 0 -18"><span class='ocrx_word' id='word_1_132' title='bbox 108 2530 208 2602; x_wconf 78' lang='lat' dir='ltr'>[oetas</span> <span class='ocrx_word' id='word_1_133' title='bbox 230 2546 249 2583; x_wconf 91' lang='lat' dir='ltr'>a</span> <span class='ocrx_word' id='word_1_134' title='bbox 271 2529 486 2600; x_wconf 66' lang='lat' dir='ltr'>condiaconibus,</span> <span class='ocrx_word' id='word_1_135' title='bbox 508 2531 699 2602; x_wconf 78' lang='lat' dir='ltr'>modestiaque</span> <span class='ocrx_word' id='word_1_136' title='bbox 720 2531 861 2600; x_wconf 84' lang='lat' dir='ltr'>sinpalori</span> <span class='ocrx_word' id='word_1_137' title='bbox 874 2531 1033 2602; x_wconf 84' lang='lat' dir='ltr'>praeditas,</span> <span class='ocrx_word' id='word_1_138' title='bbox 1057 2537 1088 2585; x_wconf 91' lang='lat' dir='ltr'>ut</span> <span class='ocrx_word' id='word_1_139' title='bbox 1102 2545 1136 2584; x_wconf 86' lang='lat' dir='ltr'>ex</span> 
     </span>
     <span class='ocr_line' id='line_1_19' title="bbox 111 2611 1136 2688; baseline -0.001 -18"><span class='ocrx_word' id='word_1_140' title='bbox 111 2614 222 2670; x_wconf 81' lang='lat' dir='ltr'>lluilino</span> <span class='ocrx_word' id='word_1_141' title='bbox 238 2613 375 2669; x_wconf 85' lang='lat' dir='ltr'>discimus.</span> <span class='ocrx_word' id='word_1_142' title='bbox 401 2614 471 2682; x_wconf 81' lang='lat' dir='ltr'>Quin</span> <span class='ocrx_word' id='word_1_143' title='bbox 494 2614 574 2670; x_wconf 85' lang='lat' dir='ltr'>etiam</span> <span class='ocrx_word' id='word_1_144' title='bbox 597 2624 688 2670; x_wconf 85' lang='lat' dir='ltr'>catera</span> <span class='ocrx_word' id='word_1_145' title='bbox 709 2632 828 2688; x_wconf 88' lang='lat' dir='ltr'>qnoque,</span> <span class='ocrx_word' id='word_1_146' title='bbox 852 2631 921 2687; x_wconf 72' lang='lat' dir='ltr'>(puae</span> <span class='ocrx_word' id='word_1_147' title='bbox 944 2614 977 2670; x_wconf 91' lang='lat' dir='ltr'>de</span> <span class='ocrx_word' id='word_1_148' title='bbox 1000 2631 1033 2670; x_wconf 90' lang='lat' dir='ltr'>eo</span> <span class='ocrx_word' id='word_1_149' title='bbox 1049 2611 1136 2670; x_wconf 86' lang='lat' dir='ltr'>babe-</span> 
     </span>
     <span class='ocr_line' id='line_1_20' title="bbox 109 2698 694 2762; baseline -0.002 -7"><span class='ocrx_word' id='word_1_150' title='bbox 109 2717 185 2762; x_wconf 88' lang='lat' dir='ltr'>mus,</span> <span class='ocrx_word' id='word_1_151' title='bbox 209 2698 362 2755; x_wconf 89' lang='lat' dir='ltr'>testimonia</span> <span class='ocrx_word' id='word_1_152' title='bbox 386 2715 447 2754; x_wconf 88' lang='lat' dir='ltr'>cum</span> <span class='ocrx_word' id='word_1_153' title='bbox 470 2698 512 2755; x_wconf 91' lang='lat' dir='ltr'>his</span> <span class='ocrx_word' id='word_1_154' title='bbox 537 2699 694 2755; x_wconf 89' lang='lat' dir='ltr'>concinunt.</span> 
     </span>
    </p>

    <p class='ocr_par' dir='ltr' id='par_1_5' title="bbox 105 2774 1176 4217">
     <span class='ocr_line' id='line_1_21' title="bbox 199 2774 1176 2856; baseline 0.001 -18"><span class='ocrx_word' id='word_1_155' title='bbox 199 2784 362 2839; x_wconf 78' lang='lat' dir='ltr'>Athanasius</span> <span class='ocrx_word' id='word_1_156' title='bbox 384 2783 416 2838; x_wconf 92' lang='lat' dir='ltr'>ad</span> <span class='ocrx_word' id='word_1_157' title='bbox 439 2801 501 2840; x_wconf 87' lang='lat' dir='ltr'>enm</span> <span class='ocrx_word' id='word_1_158' title='bbox 524 2785 560 2839; x_wconf 89' lang='lat' dir='ltr'>ita</span> <span class='ocrx_word' id='word_1_159' title='bbox 582 2784 700 2856; x_wconf 88' lang='lat' dir='ltr'>scripsit,</span> <span class='ocrx_word' id='word_1_160' title='bbox 723 2801 784 2840; x_wconf 86' lang='lat' dir='ltr'>eunt</span> <span class='ocrx_word' id='word_1_161' title='bbox 806 2783 850 2839; x_wconf 91' lang='lat' dir='ltr'>ille</span> <span class='ocrx_word' id='word_1_162' title='bbox 873 2799 969 2839; x_wconf 88' lang='lat' dir='ltr'>recens</span> <span class='ocrx_word' id='word_1_163' title='bbox 993 2782 1135 2856; x_wconf 80' lang='lat' dir='ltr'>episcopa·</span> <span class='ocrx_word' id='word_1_164' title='bbox 1173 2774 1176 2781; x_wconf 77' lang='grc'><strong>’</strong></span> 
     </span>
     <span class='ocr_line' id='line_1_22' title="bbox 112 2866 1134 2943; baseline -0.003 -17"><span class='ocrx_word' id='word_1_165' title='bbox 112 2878 175 2926; x_wconf 87' lang='lat' dir='ltr'>tum</span> <span class='ocrx_word' id='word_1_166' title='bbox 195 2867 373 2933; x_wconf 87' lang='lat' dir='ltr'>obtinuisset,</span> <span class='ocrx_word' id='word_1_167' title='bbox 397 2877 428 2924; x_wconf 91' lang='lat' dir='ltr'>nt</span> <span class='ocrx_word' id='word_1_168' title='bbox 450 2886 482 2925; x_wconf 82' lang='lat' dir='ltr'>ex</span> <span class='ocrx_word' id='word_1_169' title='bbox 504 2868 564 2943; x_wconf 92' lang='lat' dir='ltr'>ipso</span> <span class='ocrx_word' id='word_1_170' title='bbox 587 2868 717 2942; x_wconf 90' lang='lat' dir='ltr'>epistolae</span> <span class='ocrx_word' id='word_1_171' title='bbox 740 2877 868 2924; x_wconf 80' lang='lat' dir='ltr'>contextu</span> <span class='ocrx_word' id='word_1_172' title='bbox 892 2866 1077 2930; x_wconf 88' lang='lat' dir='ltr'>eonsaadeor,</span> <span class='ocrx_word' id='word_1_173' title='bbox 1106 2868 1134 2923; x_wconf 90' lang='lat' dir='ltr'>in</span> 
     </span>
     <span class='ocr_line' id='line_1_23' title="bbox 109 2951 1134 3028; baseline -0.001 -18"><span class='ocrx_word' id='word_1_174' title='bbox 109 2972 167 3028; x_wconf 88' lang='lat' dir='ltr'>qua</span> <span class='ocrx_word' id='word_1_175' title='bbox 195 2953 300 3009; x_wconf 80' lang='lat' dir='ltr'>litteras</span> <span class='ocrx_word' id='word_1_176' title='bbox 323 2952 356 3008; x_wconf 90' lang='lat' dir='ltr'>ab</span> <span class='ocrx_word' id='word_1_177' title='bbox 379 2969 412 3009; x_wconf 87' lang='lat' dir='ltr'>eo</span> <span class='ocrx_word' id='word_1_178' title='bbox 435 2953 593 3028; x_wconf 76' lang='lat' dir='ltr'>frequentes</span> <span class='ocrx_word' id='word_1_179' title='bbox 615 2954 697 3026; x_wconf 87' lang='lat' dir='ltr'>petit,</span> <span class='ocrx_word' id='word_1_180' title='bbox 726 2961 754 3009; x_wconf 91' lang='lat' dir='ltr'>et</span> <span class='ocrx_word' id='word_1_181' title='bbox 776 2953 863 3008; x_wconf 84' lang='lat' dir='ltr'>nullas</span> <span class='ocrx_word' id='word_1_182' title='bbox 886 2951 975 3008; x_wconf 87' lang='lat' dir='ltr'>adhuc</span> <span class='ocrx_word' id='word_1_183' title='bbox 996 2951 1134 3023; x_wconf 88' lang='lat' dir='ltr'>accepisse</span> 
     </span>
     <span class='ocr_line' id='line_1_24' title="bbox 109 3037 1134 3113; baseline -0.002 -18"><span class='ocrx_word' id='word_1_184' title='bbox 109 3040 253 3113; x_wconf 83' lang='lat' dir='ltr'>queritur,</span> <span class='ocrx_word' id='word_1_185' title='bbox 282 3039 319 3094; x_wconf 91' lang='lat' dir='ltr'>ita</span> <span class='ocrx_word' id='word_1_186' title='bbox 346 3046 377 3093; x_wconf 90' lang='lat' dir='ltr'>ut</span> <span class='ocrx_word' id='word_1_187' title='bbox 405 3037 513 3094; x_wconf 89' lang='lat' dir='ltr'>aliunde</span> <span class='ocrx_word' id='word_1_188' title='bbox 541 3038 702 3095; x_wconf 78' lang='lat' dir='ltr'>intellexerit</span> <span class='ocrx_word' id='word_1_189' title='bbox 722 3039 829 3110; x_wconf 73' lang='lat' dir='ltr'>factam</span> <span class='ocrx_word' id='word_1_190' title='bbox 851 3055 900 3111; x_wconf 87' lang='lat' dir='ltr'>per</span> <span class='ocrx_word' id='word_1_191' title='bbox 922 3054 984 3094; x_wconf 90' lang='lat' dir='ltr'>eum</span> <span class='ocrx_word' id='word_1_192' title='bbox 1006 3039 1036 3093; x_wconf 92' lang='lat' dir='ltr'>in</span> <span class='ocrx_word' id='word_1_193' title='bbox 1062 3037 1134 3108; x_wconf 78' lang='lat' dir='ltr'>Tyro</span> 
     </span>
     <span class='ocr_line' id='line_1_25' title="bbox 108 3123 1135 3198; baseline -0.003 -18"><span class='ocrx_word' id='word_1_194' title='bbox 108 3126 251 3197; x_wconf 74' lang='lat' dir='ltr'>pristiam,</span> <span class='ocrx_word' id='word_1_195' title='bbox 280 3132 308 3181; x_wconf 89' lang='lat' dir='ltr'>et</span> <span class='ocrx_word' id='word_1_196' title='bbox 334 3123 409 3198; x_wconf 88' lang='lat' dir='ltr'>quod</span> <span class='ocrx_word' id='word_1_197' title='bbox 431 3123 518 3198; x_wconf 79' lang='lat' dir='ltr'>&#39;lyras</span> <span class='ocrx_word' id='word_1_198' title='bbox 546 3140 595 3196; x_wconf 88' lang='lat' dir='ltr'>per</span> <span class='ocrx_word' id='word_1_199' title='bbox 624 3140 685 3179; x_wconf 90' lang='lat' dir='ltr'>eum</span> <span class='ocrx_word' id='word_1_200' title='bbox 714 3123 871 3196; x_wconf 77' lang='lat' dir='ltr'>cognoverit</span> <span class='ocrx_word' id='word_1_201' title='bbox 892 3132 998 3178; x_wconf 87' lang='lat' dir='ltr'>rectam</span> <span class='ocrx_word' id='word_1_202' title='bbox 1020 3124 1135 3178; x_wconf 81' lang='lat' dir='ltr'>verbam</span> 
     </span>
     <span class='ocr_line' id='line_1_26' title="bbox 105 3208 1132 3283; baseline -0.003 -18"><span class='ocrx_word' id='word_1_203' title='bbox 105 3211 237 3283; x_wconf 84' lang='lat' dir='ltr'>pietatis,</span> <span class='ocrx_word' id='word_1_204' title='bbox 261 3225 310 3265; x_wconf 90' lang='lat' dir='ltr'>seu</span> <span class='ocrx_word' id='word_1_205' title='bbox 328 3209 481 3273; x_wconf 86' lang='lat' dir='ltr'>eiurnverit,</span> <span class='ocrx_word' id='word_1_206' title='bbox 504 3218 535 3265; x_wconf 91' lang='lat' dir='ltr'>nt</span> <span class='ocrx_word' id='word_1_207' title='bbox 550 3209 722 3282; x_wconf 91' lang='lat' dir='ltr'>interpretor,</span> <span class='ocrx_word' id='word_1_208' title='bbox 746 3209 869 3264; x_wconf 79' lang='lat' dir='ltr'>drinnarn</span> <span class='ocrx_word' id='word_1_209' title='bbox 885 3208 1028 3271; x_wconf 85' lang='lat' dir='ltr'>haeresint,</span> <span class='ocrx_word' id='word_1_210' title='bbox 1052 3224 1132 3282; x_wconf 86' lang='lat' dir='ltr'>quam</span> 
     </span>
     <span class='ocr_line' id='line_1_27' title="bbox 111 3291 1134 3367; baseline -0.002 -17"><span class='ocrx_word' id='word_1_211' title='bbox 111 3294 166 3351; x_wconf 89' lang='lat' dir='ltr'>snb</span> <span class='ocrx_word' id='word_1_212' title='bbox 181 3294 289 3360; x_wconf 88' lang='lat' dir='ltr'>Urania,</span> <span class='ocrx_word' id='word_1_213' title='bbox 313 3294 359 3367; x_wconf 85' lang='lat' dir='ltr'>qui</span> <span class='ocrx_word' id='word_1_214' title='bbox 374 3294 516 3350; x_wconf 87' lang='lat' dir='ltr'>Nicaennm</span> <span class='ocrx_word' id='word_1_215' title='bbox 539 3292 619 3349; x_wconf 87' lang='lat' dir='ltr'>lidern</span> <span class='ocrx_word' id='word_1_216' title='bbox 641 3293 822 3367; x_wconf 83' lang='lat' dir='ltr'>abrogandam</span> <span class='ocrx_word' id='word_1_217' title='bbox 838 3294 953 3356; x_wconf 89' lang='lat' dir='ltr'>censuit,</span> <span class='ocrx_word' id='word_1_218' title='bbox 978 3291 1134 3348; x_wconf 82' lang='lat' dir='ltr'>combibere</span> 
     </span>
     <span class='ocr_line' id='line_1_28' title="bbox 111 3377 1134 3452; baseline -0.003 -17"><span class='ocrx_word' id='word_1_219' title='bbox 111 3379 190 3437; x_wconf 76' lang='lat' dir='ltr'>facile</span> <span class='ocrx_word' id='word_1_220' title='bbox 219 3380 321 3452; x_wconf 89' lang='lat' dir='ltr'>potuit:</span> <span class='ocrx_word' id='word_1_221' title='bbox 351 3378 470 3434; x_wconf 87' lang='lat' dir='ltr'>Domino</span> <span class='ocrx_word' id='word_1_222' title='bbox 491 3395 551 3433; x_wconf 85' lang='lat' dir='ltr'>meo</span> <span class='ocrx_word' id='word_1_223' title='bbox 573 3380 647 3451; x_wconf 69' lang='lat' dir='ltr'>fidia,</span> <span class='ocrx_word' id='word_1_224' title='bbox 679 3388 704 3432; x_wconf 86' lang='lat' dir='ltr'>et</span> <span class='ocrx_word' id='word_1_225' title='bbox 726 3380 918 3434; x_wconf 84' lang='lat' dir='ltr'>amantissimo</span> <span class='ocrx_word' id='word_1_226' title='bbox 939 3377 1134 3432; x_wconf 74' lang='lat' dir='ltr'>ammaeerdoti</span> 
     </span>
     <span class='ocr_line' id='line_1_29' title="bbox 111 3462 1132 3525; baseline -0.003 -5"><span class='ocrx_word' id='word_1_227' title='bbox 111 3465 240 3520; x_wconf 74' lang='lat' dir='ltr'>Diodoro</span> <span class='ocrx_word' id='word_1_228' title='bbox 255 3462 428 3519; x_wconf 78' lang='lat' dir='ltr'>dtbanosias</span> <span class='ocrx_word' id='word_1_229' title='bbox 451 3465 480 3518; x_wconf 82' lang='lat' dir='ltr'>in</span> <span class='ocrx_word' id='word_1_230' title='bbox 495 3464 615 3519; x_wconf 73' lang='lat' dir='ltr'>Domana</span> <span class='ocrx_word' id='word_1_231' title='bbox 637 3466 764 3519; x_wconf 84' lang='lat' dir='ltr'>salntem.</span> <span class='ocrx_word' id='word_1_232' title='bbox 796 3462 914 3519; x_wconf 83' lang='lat' dir='ltr'>Gratias</span> <span class='ocrx_word' id='word_1_233' title='bbox 929 3463 1048 3518; x_wconf 83' lang='lat' dir='ltr'>Domino</span> <span class='ocrx_word' id='word_1_234' title='bbox 1062 3478 1132 3525; x_wconf 90' lang='lat' dir='ltr'>meo,</span> 
     </span>
     <span class='ocr_line' id='line_1_30' title="bbox 110 3547 1133 3621; baseline -0.004 -17"><span class='ocrx_word' id='word_1_235' title='bbox 110 3551 162 3621; x_wconf 80' lang='lat' dir='ltr'>pai</span> <span class='ocrx_word' id='word_1_236' title='bbox 189 3550 346 3620; x_wconf 79' lang='lat' dir='ltr'>ubicunqne</span> <span class='ocrx_word' id='word_1_237' title='bbox 374 3565 455 3603; x_wconf 81' lang='lat' dir='ltr'>raom</span> <span class='ocrx_word' id='word_1_238' title='bbox 476 3550 633 3604; x_wconf 85' lang='lat' dir='ltr'>doctrinam</span> <span class='ocrx_word' id='word_1_239' title='bbox 652 3550 767 3619; x_wconf 76' lang='lat' dir='ltr'>sanciat,</span> <span class='ocrx_word' id='word_1_240' title='bbox 797 3557 822 3606; x_wconf 88' lang='lat' dir='ltr'>et</span> <span class='ocrx_word' id='word_1_241' title='bbox 844 3549 965 3605; x_wconf 75' lang='lat' dir='ltr'>moriare</span> <span class='ocrx_word' id='word_1_242' title='bbox 985 3565 1039 3619; x_wconf 86' lang='lat' dir='ltr'>per</span> <span class='ocrx_word' id='word_1_243' title='bbox 1059 3547 1133 3619; x_wconf 69' lang='lat' dir='ltr'>filios</span> 
     </span>
     <span class='ocr_line' id='line_1_31' title="bbox 107 3631 1133 3707; baseline -0.004 -19"><span class='ocrx_word' id='word_1_244' title='bbox 107 3636 261 3707; x_wconf 85' lang='lat' dir='ltr'>proprias,</span> <span class='ocrx_word' id='word_1_245' title='bbox 289 3635 399 3705; x_wconf 72' lang='lat' dir='ltr'>psalm</span> <span class='ocrx_word' id='word_1_246' title='bbox 427 3642 453 3688; x_wconf 87' lang='lat' dir='ltr'>et</span> <span class='ocrx_word' id='word_1_247' title='bbox 481 3642 506 3688; x_wconf 87' lang='lat' dir='ltr'>te</span> <span class='ocrx_word' id='word_1_248' title='bbox 535 3635 625 3705; x_wconf 86' lang='lat' dir='ltr'>ipsam</span> <span class='ocrx_word' id='word_1_249' title='bbox 646 3651 691 3688; x_wconf 85' lang='lat' dir='ltr'>res</span> <span class='ocrx_word' id='word_1_250' title='bbox 712 3635 777 3706; x_wconf 81' lang='lat' dir='ltr'>ipso</span> <span class='ocrx_word' id='word_1_251' title='bbox 799 3635 978 3688; x_wconf 76' lang='lat' dir='ltr'>demormtrot.</span> <span class='ocrx_word' id='word_1_252' title='bbox 1014 3631 1133 3686; x_wconf 76' lang='lat' dir='ltr'>Etenim</span> 
     </span>
     <span class='ocr_line' id='line_1_32' title="bbox 110 3715 1133 3791; baseline -0.005 -16"><span class='ocrx_word' id='word_1_253' title='bbox 110 3727 265 3791; x_wconf 78' lang='lat' dir='ltr'>antequam</span> <span class='ocrx_word' id='word_1_254' title='bbox 278 3719 413 3774; x_wconf 79' lang='lat' dir='ltr'>scriberet</span> <span class='ocrx_word' id='word_1_255' title='bbox 427 3727 522 3774; x_wconf 81' lang='lat' dir='ltr'>restra</span> <span class='ocrx_word' id='word_1_256' title='bbox 536 3720 704 3786; x_wconf 78' lang='lat' dir='ltr'>reverentia,</span> <span class='ocrx_word' id='word_1_257' title='bbox 722 3720 899 3789; x_wconf 84' lang='lat' dir='ltr'>capnonimas</span> <span class='ocrx_word' id='word_1_258' title='bbox 915 3726 1022 3789; x_wconf 81' lang='lat' dir='ltr'>paorntn</span> <span class='ocrx_word' id='word_1_259' title='bbox 1036 3715 1133 3786; x_wconf 81' lang='lat' dir='ltr'>pratia</span> 
     </span>
     <span class='ocr_line' id='line_1_33' title="bbox 108 3803 1131 3877; baseline -0.005 -18"><span class='ocrx_word' id='word_1_260' title='bbox 108 3805 192 3875; x_wconf 81' lang='lat' dir='ltr'>sacta</span> <span class='ocrx_word' id='word_1_261' title='bbox 214 3805 307 3858; x_wconf 86' lang='lat' dir='ltr'>estin</span> <span class='ocrx_word' id='word_1_262' title='bbox 332 3804 403 3873; x_wconf 78' lang='lat' dir='ltr'>Tyro</span> <span class='ocrx_word' id='word_1_263' title='bbox 422 3822 476 3877; x_wconf 86' lang='lat' dir='ltr'>per</span> <span class='ocrx_word' id='word_1_264' title='bbox 498 3812 574 3858; x_wconf 90' lang='lat' dir='ltr'>taam</span> <span class='ocrx_word' id='word_1_265' title='bbox 592 3805 833 3876; x_wconf 82' lang='lat' dir='ltr'>perseverantiam</span> <span class='ocrx_word' id='word_1_266' title='bbox 840 3824 849 3869; x_wconf 91' lang='lat'>‚·</span> <span class='ocrx_word' id='word_1_267' title='bbox 879 3811 904 3856; x_wconf 91' lang='lat' dir='ltr'>et</span> <span class='ocrx_word' id='word_1_268' title='bbox 926 3803 1131 3872; x_wconf 78' lang='lat' dir='ltr'>cornpaademtts</span> 
     </span>
     <span class='ocr_line' id='line_1_34' title="bbox 109 3885 1130 3961; baseline -0.006 -16"><span class='ocrx_word' id='word_1_269' title='bbox 109 3891 178 3954; x_wconf 81' lang='lat' dir='ltr'>tibi,</span> <span class='ocrx_word' id='word_1_270' title='bbox 207 3890 276 3961; x_wconf 78' lang='lat' dir='ltr'>prtia</span> <span class='ocrx_word' id='word_1_271' title='bbox 301 3906 356 3960; x_wconf 88' lang='lat' dir='ltr'>per</span> <span class='ocrx_word' id='word_1_272' title='bbox 384 3898 408 3944; x_wconf 88' lang='lat' dir='ltr'>te</span> <span class='ocrx_word' id='word_1_273' title='bbox 434 3891 563 3959; x_wconf 82' lang='lat' dir='ltr'>capnocit</span> <span class='ocrx_word' id='word_1_274' title='bbox 585 3897 610 3943; x_wconf 87' lang='lat' dir='ltr'>et</span> <span class='ocrx_word' id='word_1_275' title='bbox 635 3888 723 3957; x_wconf 59' lang='lat' dir='ltr'>[pras</span> <span class='ocrx_word' id='word_1_276' title='bbox 746 3898 850 3944; x_wconf 85' lang='lat' dir='ltr'>rectam</span> <span class='ocrx_word' id='word_1_277' title='bbox 871 3890 985 3943; x_wconf 81' lang='lat' dir='ltr'>uerbum</span> <span class='ocrx_word' id='word_1_278' title='bbox 1005 3885 1130 3957; x_wconf 83' lang='lat' dir='ltr'>pietatis.</span> 
     </span>
     <span class='ocr_line' id='line_1_35' title="bbox 108 3969 1132 4046; baseline -0.005 -16"><span class='ocrx_word' id='word_1_279' title='bbox 108 3975 148 4030; x_wconf 80' lang='lat' dir='ltr'>Et</span> <span class='ocrx_word' id='word_1_280' title='bbox 178 3991 227 4045; x_wconf 82' lang='lat' dir='ltr'>epa</span> <span class='ocrx_word' id='word_1_281' title='bbox 250 3975 361 4046; x_wconf 82' lang='lat' dir='ltr'>paidem</span> <span class='ocrx_word' id='word_1_282' title='bbox 382 3976 557 4029; x_wconf 83' lang='lat' dir='ltr'>occasionem</span> <span class='ocrx_word' id='word_1_283' title='bbox 578 3991 722 4028; x_wconf 80' lang='lat' dir='ltr'>assumens</span> <span class='ocrx_word' id='word_1_284' title='bbox 743 3974 847 4045; x_wconf 84' lang='lat' dir='ltr'>scripsi</span> <span class='ocrx_word' id='word_1_285' title='bbox 869 3974 927 4037; x_wconf 87' lang='lat' dir='ltr'>tibi,</span> <span class='ocrx_word' id='word_1_286' title='bbox 954 3969 1132 4027; x_wconf 82' lang='lat' dir='ltr'>dilectissima</span> 
     </span>
     <span class='ocr_line' id='line_1_36' title="bbox 109 4055 1132 4130; baseline -0.004 -17"><span class='ocrx_word' id='word_1_287' title='bbox 109 4069 135 4117; x_wconf 82' lang='lat' dir='ltr'>et</span> <span class='ocrx_word' id='word_1_288' title='bbox 160 4060 361 4114; x_wconf 77' lang='lat' dir='ltr'>amantissime.</span> <span class='ocrx_word' id='word_1_289' title='bbox 401 4059 441 4113; x_wconf 89' lang='lat' dir='ltr'>Ta</span> <span class='ocrx_word' id='word_1_290' title='bbox 462 4076 528 4114; x_wconf 86' lang='lat' dir='ltr'>nera</span> <span class='ocrx_word' id='word_1_291' title='bbox 551 4061 686 4130; x_wconf 83' lang='lat' dir='ltr'>quomoda</span> <span class='ocrx_word' id='word_1_292' title='bbox 708 4076 750 4113; x_wconf 88' lang='lat' dir='ltr'>me</span> <span class='ocrx_word' id='word_1_293' title='bbox 771 4060 909 4113; x_wconf 83' lang='lat' dir='ltr'>scribente</span> <span class='ocrx_word' id='word_1_294' title='bbox 930 4074 987 4110; x_wconf 89' lang='lat' dir='ltr'>non</span> <span class='ocrx_word' id='word_1_295' title='bbox 1011 4055 1132 4127; x_wconf 85' lang='lat' dir='ltr'>rescrip-</span> 
     </span>
     <span class='ocr_line' id='line_1_37' title="bbox 108 4140 1132 4217; baseline -0.008 -16"><span class='ocrx_word' id='word_1_296' title='bbox 108 4146 189 4210; x_wconf 80' lang='lat' dir='ltr'>sisti,</span> <span class='ocrx_word' id='word_1_297' title='bbox 219 4146 337 4200; x_wconf 84' lang='lat' dir='ltr'>mirotas</span> <span class='ocrx_word' id='word_1_298' title='bbox 359 4161 430 4200; x_wconf 87' lang='lat' dir='ltr'>sam.</span> <span class='ocrx_word' id='word_1_299' title='bbox 474 4143 572 4217; x_wconf 78' lang='lat' dir='ltr'>ltaque</span> <span class='ocrx_word' id='word_1_300' title='bbox 595 4161 651 4199; x_wconf 88' lang='lat' dir='ltr'>non</span> <span class='ocrx_word' id='word_1_301' title='bbox 672 4145 711 4199; x_wconf 83' lang='lat' dir='ltr'>sis</span> <span class='ocrx_word' id='word_1_302' title='bbox 732 4145 825 4215; x_wconf 76' lang='lat' dir='ltr'>sepnis</span> <span class='ocrx_word' id='word_1_303' title='bbox 846 4143 970 4197; x_wconf 84' lang='lat' dir='ltr'>scrihere</span> <span class='ocrx_word' id='word_1_304' title='bbox 993 4140 1132 4205; x_wconf 83' lang='lat' dir='ltr'>continue,</span> 
     </span>
    </p>

    <p class='ocr_par' dir='ltr' id='par_1_6' title="bbox 943 4236 996 4287">
     <span class='ocr_line' id='line_1_38' title="bbox 943 4236 996 4287; baseline 0 0"><span class='ocrx_word' id='word_1_305' title='bbox 943 4236 996 4287; x_wconf 80' lang='lat' dir='ltr'>ll*</span> 
     </span>
    </p>
   </div>
   <div class='ocr_carea' id='block_1_5' title="bbox 0 0 1298 4822">
    <p class='ocr_par' dir='ltr' id='par_1_7' title="bbox 0 0 1298 4822">
     <span class='ocr_line' id='line_1_39' title="bbox 0 0 1298 4822; baseline 0 1"><span class='ocrx_word' id='word_1_306' title='bbox 0 0 1298 4822; x_wconf 95' lang='lat' dir='ltr'> </span> 
     </span>
    </p>
   </div>
  </div>
 </body>
</html>
