2586 4822
61 298 86 347 'sl'

158 724 220 787 156
442 720 444 725 ’
611 738 725 790 renutu

154 897 267 952 tentiam
290 895 462 960 adscribunt,
487 895 561 971 quod
583 895 706 951 Christus
728 894 830 951 Pascha
852 894 928 951 Luna
953 896 995 953 13
1024 892 1173 961 celebrarit,

155 988 218 1037 ante
239 981 361 1043 ludaeos,
385 982 431 1056 qui
455 981 481 1037 id
504 980 634 1054 postridie
656 982 820 1054 peregerint.
851 979 909 1036 lion
932 981 1008 1036 enirn
1035 983 1072 1040 13
1095 980 1172 1047 hut,

155 1066 202 1122 sed
230 1067 266 1123 12
289 1067 425 1122 Christum
447 1066 473 1121 id
497 1066 585 1139 egisse
608 1074 710 1128 censet,
735 1074 867 1138 quatenns
888 1065 956 1121 seria
973 1064 1009 1121 lll
1032 1067 1173 1141 contigisse

154 1159 242 1224 putat.
288 1152 366 1220 Quod
396 1152 418 1206 si
447 1150 651 1214 excommun,
682 1151 885 1225 certissimaque
908 1151 1050 1208 sententia
1071 1150 1173 1207 lerini

155 1235 308 1292 celebrasse
325 1236 460 1291 Christum
484 1235 630 1291 arbitratus
654 1243 735 1299 esset,
758 1252 813 1291 non
836 1235 885 1291 alia
901 1235 978 1291 buna
1002 1252 1085 1308 quani
1108 1250 1172 1310 qnae

156 1337 186 1376 ex
210 1322 306 1377 vitioso
329 1320 409 1394 Cyclo
426 1321 481 1376 lllll
503 1322 582 1384 soret,
606 1321 704 1375 lactum
729 1328 872 1376 assereret.
902 1319 983 1375 Unde
1006 1336 1040 1376 ex
1061 1321 1172 1395 castiga·

153 1406 217 1462 tiori
238 1406 380 1479 Epiphauii
402 1406 501 1461 iudicio
525 1405 705 1461 deliniendum
730 1415 780 1470 est,
804 1405 941 1460 Christum
964 1406 1035 1461 scria
1050 1406 1079 1470 V,
1103 1406 1169 1462 lunt

153 1490 210 1546 lllV
232 1507 293 1546 eum
316 1490 453 1546 nonnullis
477 1490 590 1554 ludaeis,
615 1498 737 1546 caeteros
759 1506 822 1546 vero
845 1506 906 1546 cum
922 1490 1088 1553 Pharisaeis.
1108 1491 1168 1547 lenit

155 1575 186 1629 Vl
202 1575 305 1632 Pascha
328 1575 487 1631 comedisse.
520 1576 577 1644 Qua
600 1593 632 1630 er
646 1575 788 1648 Epiphauii
810 1575 938 1648 opinione
960 1575 1020 1632 duo
1043 1576 1168 1649 collique*

154 1667 209 1725 tor,
233 1678 302 1733 quae
324 1678 385 1716 oum
408 1660 441 1716 de
464 1661 599 1716 Passionis
622 1677 692 1716 anuo
715 1661 863 1733 quaeritur,
890 1661 1026 1717 acerrime
1048 1659 1164 1733 disputati

155 1745 261 1801 solent:
291 1745 406 1801 alterum
430 1746 589 1801 ludaeorum
619 1745 754 1818 principes
782 1762 836 1800 non
860 1745 957 1801 eodem
981 1762 1046 1802 cum
1065 1745 1163 1802 Christo

155 1830 198 1886 die
220 1829 339 1904 legitimo
363 1831 424 1905 ogni
448 1831 528 1903 epulo
550 1829 723 1903 perfunctos:
746 1830 859 1886 alterum
882 1846 945 1886 curn
969 1831 1034 1887 sine
1052 1846 1163 1888 eommu—

153 1915 257 1971 tatione
280 1916 367 1990 aliqua
390 1925 542 1988 temporum
566 1933 596 1970 ao
619 1915 749 1970 festorum
771 1915 797 1970 id
820 1915 943 1971 accidere
965 1932 1025 1972 non
1047 1915 1161 1990 potuerit,

154 2000 357 2055 translationem
380 2000 495 2072 aliquam
518 2000 568 2054 illis
593 1999 760 2073 temporibus
783 2001 911 2057 extitisse.
944 2000 1039 2068 Quare
1060 2001 1161 2056 edbert

51 2113 56 2127 ·
152 2083 293 2159 Epipliauii
322 2085 531 2157 disputationem
560 2084 744 2140 illustrandam
774 2086 886 2143 totidem
915 2085 977 2141 illae
1001 2085 1159 2159 quaestiones

152 2169 246 2242 paucis
270 2170 405 2225 hocloco
428 2169 617 2240 disceptandas
640 2179 712 2227 sunt.

239 2252 384 2327 [Sequitur
404 2253 540 2310 Excursus
556 2254 599 2309 lll.
637 2254 734 2311 Utrum
755 2255 856 2310 ludaei
878 2255 1069 2310 translatione
1088 2255 1158 2326 {utc-

152 2355 215 2394 rum
243 2341 310 2394 olim
339 2341 383 2395 usi
409 2340 517 2411 suerint
545 2348 572 2395 et
604 2339 703 2396 Utrum
726 2339 852 2394 cbristus
875 2341 971 2394 eodem
994 2354 1053 2411 quo
1075 2335 1156 2395 tobei

154 2425 239 2479 ceteri
261 2425 307 2480 die
329 2425 441 2480 Pascha
465 2425 616 2480 celebrarit
638 2443 664 2497 p.
678 2423 864 2495 tto—187]

87 2514 144 2567 ’181
241 2513 301 2568 448
319 2526 342 2567 c.
373 2503 619 2583 συλλαμβάνεται
649 2503 683 2565 δὲ
709 2510 748 2586 τῇ
774 2503 873 2585 τρίτῃ]
917 2507 972 2563 lani
999 2509 1070 2566 baec
1090 2506 1154 2565 [nolit

153 2603 226 2658 sunt,
250 2596 386 2653 intellecta
409 2597 492 2652 semel
514 2594 654 2669 Epipbauii
676 2595 819 2650 sententia.
865 2593 1027 2669 Quanquam
1052 2592 1155 2650 librario·
1203 2630 1205 2635 -

152 2696 212 2735 rum
237 2681 314 2755 culpa
338 2683 468 2756 quaedam
492 2689 555 2735 sunt
577 2688 707 2752 concepta
724 2696 874 2752 perperam,
899 2694 970 2750 quae
987 2697 1020 2735 ex
1039 2680 1153 2753 Uiagm·

152 2775 224 2822 mate
247 2768 406 2840 corrigenda
430 2775 502 2822 sunt.
548 2764 688 2820 Caeterum
710 2756 856 2841 ἦμερινὴν
877 2780 935 2818 earn
960 2762 1067 2820 Lunam
1087 2768 1154 2824 roal,

153 2866 222 2923 quae
245 2851 357 2908 civiliter
378 2852 410 2907 ab
434 2862 496 2907 ortu
512 2850 583 2906 Solis
606 2849 637 2903 ad
661 2865 786 2904 occasum
808 2848 976 2921 perducitur,
1000 2839 1158 2924 νυκτεριιδν

152 2951 216 2990 rero
239 2952 309 3009 quae
332 2945 438 2992 noctem
462 2944 585 3008 occupat.
617 2935 673 3003 Qua
696 2951 727 2989 ex
750 2933 937 2990 observatione
953 2943 1104 3006 corruptae
1113 2932 1160 2988 let·

151 3019 234 3074 tionis
256 3021 349 3075 vitium
373 3038 422 3093 por
442 3037 504 3075 sese
519 3020 651 3092 proditur.
682 3017 775 3074 Scribe
791 3019 880 3091 igitur,
906 3018 1026 3073 authore
1042 3018 1162 3093 lleplertt:

151 3097 272 3177 πέμπτη
306 3098 538 3179 τρισκαιδεκάτη
573 3097 742 3179 νυκτερινὴ,
775 3095 901 3176 ἡμερινὴ
934 3095 970 3157 δὲ
1003 3096 1163 3175 δωδεκάτη·

152 3185 230 3252 Uuod
252 3190 347 3261 utique
370 3189 550 3243 necessarium
575 3196 624 3251 cst,
658 3189 681 3243 si
703 3181 812 3263 τετράς
831 3187 913 3243 luerit
935 3181 1101 3263 δωδεκάτη
1119 3204 1166 3242 n·

152 3266 280 3345 κτερινή.
310 3271 375 3327 Nam
399 3273 449 3327 bae
472 3272 522 3326 sibi
546 3272 657 3327 invicem
680 3272 844 3337 succedunt,
869 3280 899 3328 ut
921 3289 993 3347 quae
1015 3264 1166 3349 νυκτερινδ

138 3353 247 3418 ¹luerit,
273 3355 318 3411 liat
346 3347 481 3431 ἡμερινή.
525 3356 624 3412 Notum
653 3359 722 3412 euim
753 3366 795 3413 est
816 3357 929 3413 ludaeos
957 3373 972 3412 a
996 3367 1082 3415 nocte
1101 3358 1166 3421 dit!

151 3439 293 3511 auspicari.
340 3440 454 3496 Ueinde:
483 3436 704 3517 προσάββατον
730 3436 1047 3518 τεσσαρεσκαιδεκάτη
1069 3458 1169 3500 runt·

152 3516 219 3599 ρινὴ
240 3518 300 3597 πρὸ
324 3520 490 3601 δεκατριῶν
511 3522 590 3580 not.
631 3526 695 3582 llam
717 3528 843 3601 superior
864 3527 920 3582 dies
942 3521 1004 3603 ιιρδ
1027 3523 1169 3587 demeu-

150 3601 256 3684 σάρων
276 3609 328 3665 iam
348 3610 450 3666 lrabuit.
481 3610 547 3665 ltcrn
563 3605 724 3682 σάββατον
737 3603 989 3685 πεντεκαιδεκάτη
1004 3603 1172 3691 concorsq-

151 3692 294 3750 Postremo
312 3689 527 3773 ἓπιριάσκοεσα
541 3692 669 3771 nuptum}
684 3690 935 3769 πεντεκαιδεκάτη
950 3687 1092 3774 ἡμερινή.
1108 3696 1171 3754 tta·

151 3777 316 3835 δεδίττεται
339 3781 412 3836 Luna
433 3779 563 3853 loquitur,
591 3797 643 3836 non
667 3782 700 3837 de
722 3781 837 3839 ludaica.
869 3783 943 3850 Quae
966 3783 1060 3839 omnin
1076 3800 1109 3840 cx
1123 3796 1173 3839 sn-

150 3864 250 3938 periori
274 3863 404 3921 laterculo
431 3863 578 3938 repetenda
600 3874 673 3921 sunt,

237 3950 296 4008 tlt
314 3949 339 4005 d.
369 3944 586 4025 irrequdoxovoo
608 3944 749 4026 καριακή]
792 3952 842 4020 Qu
865 3952 938 4008 huuc
960 3950 1107 4025 epiphanii
1128 3950 1172 4008 ln·

150 4051 211 4091 cum
233 4036 376 4110 percurrit,
399 4035 543 4110 diligenter
562 4034 589 4091 id
604 4036 815 4093 aniruadvertere
830 4036 919 4103 debet,
944 4037 1019 4110 quod
1034 4036 1173 4113 superiori
