2586 4822
162 764 224 827 262
605 770 727 824 reruni
802 780 805 787 ·

163 926 197 988 'de'
218 924 252 986 τὸ
275 919 372 1001 ὄνομα
394 918 489 1000 μόνον
504 920 701 997 διστάζοντος
715 933 767 980 ete.
799 926 957 996 Quanquam
974 925 1105 996 superior
1118 940 1179 978 ena-

163 1015 349 1072 themntismus
372 1013 494 1067 hrinnnm
523 1012 660 1086 perfidiam
690 1010 810 1072 redolet,
840 1026 901 1064 eum
931 1009 1047 1072 asserit,
1078 1009 1178 1064 l‘atrern

162 1118 216 1157 non
240 1094 360 1179 ἐξουσίᾳ
382 1098 480 1160 solum,
504 1101 551 1153 sed
567 1090 665 1176 οὐσίᾳ,
689 1095 746 1151 l'ilii
763 1095 869 1150 Patrem
886 1111 958 1155 esse,
983 1094 1060 1165 quod
1076 1096 1178 1149 omniun

163 1186 258 1241 lalsum
276 1194 318 1239 est
333 1193 360 1238 et
375 1183 552 1238 haereticum:
582 1183 675 1256 Neque
691 1181 762 1235 enirn
777 1179 859 1234 Pater
873 1180 899 1233 in
918 1178 1028 1241 Filium,
1052 1191 1179 1250 quatenns

164 1270 234 1326 bens
258 1278 307 1331 est,
332 1278 358 1323 et
381 1267 413 1322 ab
437 1269 495 1322 eins
518 1262 606 1348 οὐσίᾳ
630 1266 760 1339 procedit,
784 1260 925 1331 ἐξουσίαν
948 1263 1042 1325 ullum,
1067 1273 1113 1318 out
1132 1280 1178 1336 po-

163 1364 287 1411 testatem
311 1353 424 1407 obtinet.

249 1441 307 1494 859
326 1438 351 1492 b.
382 1431 416 1492 τὸ
439 1440 493 1510 τῆς
515 1427 620 1502 οὐσίας
642 1427 750 1508 ὄνομα]
791 1434 850 1490 Νοο
874 1434 1045 1489 mediocrem
1069 1434 1178 1506 Epipha-

163 1525 207 1578 nio
231 1522 350 1577 lrnudem
373 1521 463 1577 attulit
485 1523 583 1577 omissa
605 1524 632 1576 in
657 1523 707 1577 hoe
730 1522 789 1576 loeo
813 1538 827 1575 a
850 1519 969 1575 librariis
990 1519 1174 1592 interpunctio.

163 1608 226 1662 Nam
256 1617 318 1679 pust
341 1606 500 1679 Synodienin
524 1608 654 1680 Aneyrani
678 1605 867 1669 conciliabuli,
897 1622 970 1677 qtiae
1001 1604 1038 1659 ab
1062 1606 1107 1658 hoe
1127 1620 1174 1657 nu-

112 1701 238 1749 tttmero
263 1692 388 1764 deinceps
412 1700 573 1764 sequuntur,
597 1702 679 1764 prout
701 1691 779 1763 vutgo
797 1700 927 1762 concepta
945 1691 1033 1745 lectio
1049 1700 1093 1752 est,
1115 1688 1173 1760 Epi-

163 1777 253 1850 phanii
276 1793 336 1832 esse
358 1777 497 1832 videntur:
522 1793 571 1831 nee
594 1776 673 1831 aliter
694 1793 725 1830 ex
748 1775 855 1830 Graecis
879 1774 1041 1839 Godieihns.
1063 1785 1108 1829 um
1131 1783 1171 1845 ty-

164 1863 204 1935 pis
228 1862 332 1916 excusis
355 1879 434 1934 qinom
459 1862 581 1934 seriptis,
616 1862 737 1933 adeoque
760 1878 790 1915 en
814 1860 934 1914 Ceruarii
959 1860 1171 1932 interpretatione

164 1947 294 2018 suspicari
317 1947 413 2018 possis.
446 1947 522 2013 Quod
546 1963 596 2001 nus
619 1946 668 2019 ipsi
692 1963 752 2000 cum
768 1946 857 2000 Latina
882 1945 1054 1999 dictaremus
1076 1960 1173 2016 expres-

164 2032 257 2087 simus.
289 2031 357 2099 Quid
381 2032 450 2085 enim
475 2040 530 2085 tum
554 2031 625 2085 uliud
649 2048 799 2102 possemus,
824 2046 883 2084 eum
907 2029 941 2083 ad
961 2029 1096 2084 Grneettm
1116 2045 1173 2083 ron-

165 2126 266 2170 textutn
284 2116 384 2177 Latina,
409 2117 498 2188 quoad
521 2116 578 2170 heri
602 2126 701 2187 potest,
725 2116 950 2171 accommodanda
968 2116 1025 2170 sint
1044 2124 1072 2170 et
1086 2111 1172 2186 siquid

166 2201 218 2257 illic
242 2200 321 2272 paulo
345 2200 530 2255 vehementius
554 2199 726 2272 deprurntum
750 2199 907 2260 occurrerit,
933 2200 958 2253 id
976 2201 1003 2254 in
1022 2200 1103 2256 dotus
1117 2215 1172 2254 con-

165 2285 308 2340 iieiendnm
331 2285 422 2357 potius
446 2285 576 2349 videntur,
600 2302 679 2356 uitam
703 2288 760 2340 sine
777 2285 901 2339 Veterum
925 2286 1096 2340 authoritate
1109 2299 1172 2338 eom·

165 2370 252 2424 intruis
281 2369 308 2424 in
338 2379 465 2424 contentu
489 2371 548 2442 ipso
571 2369 728 2425 solicitandn
752 2369 841 2425 lectio.
886 2368 953 2423 llum
977 2370 1033 2425 hoe
1057 2368 1170 2441 igiturin

163 2454 256 2510 Latina
279 2464 371 2509 nostra
394 2456 617 2527 interpretatione
640 2456 808 2511 retinendum
832 2455 1030 2526 putaverimus,
1055 2455 1097 2509 hie
1118 2454 1172 2507 bee-

165 2550 251 2595 tnrem
280 2540 429 2612 gravissimi
458 2550 485 2595 et
515 2558 528 2595 a
558 2541 631 2594 nullo
660 2539 834 2594 animadversi
857 2540 990 2593 hactonus
1015 2539 1115 2601 erroris
1134 2537 1174 2591 ad-

165 2625 344 2688 monebimus,
380 2625 513 2697 simulque
536 2625 713 2697 Epiphanium
736 2634 859 2679 nostrum
882 2623 914 2678 ah
938 2623 1040 2678 invidia
1064 2623 1131 2680 omni
1150 2638 1175 2674 ac

166 2710 260 2782 eulpae
283 2710 436 2782 suspicione
460 2709 640 2766 liberabimus.
672 2710 763 2781 Neque
780 2710 849 2763 enim
867 2709 990 2781 prolecto
1007 2708 1175 2764 dubitandum

166 2803 207 2850 est
230 2795 293 2866 quin
318 2795 340 2848 si
363 2795 412 2848 ista
436 2795 574 2866 scripserit
590 2796 763 2867 Epiphanius,
787 2795 1030 2857 Sumiarianorum‚
1055 2793 1175 2867 qnoshae

166 2880 191 2934 in
216 2879 325 2935 Haeresi
349 2880 389 2934 vel
411 2881 541 2935 aarerrime
565 2880 713 2953 impugnat.
738 2881 826 2934 latetur
848 2896 877 2934 ae
901 2889 1037 2951 patronus
1061 2877 1176 2937 estiterit,

166 2965 329 3037 iniuimequo
353 2963 516 3020 Catholieus.
561 2965 664 3020 Etenim
696 2964 761 3020 nihil
783 2964 853 3019 alind
877 2973 933 3018 tuta
958 2965 1010 3019 hnc
1034 2963 1177 3019 narratione

168 3067 254 3123 nsque
277 3050 310 3104 ad
333 3066 391 3121 erp,
410 3052 447 3106 23
472 3059 573 3122 pugnat
598 3067 676 3121 quam
700 3040 806 3122 ὅμοιον
828 3042 906 3103 κατὰ
929 3041 986 3120 τὴν
1009 3042 1126 3116 οὐσίαν,
1156 3047 1177 3100 id

167 3143 208 3187 est
236 3132 386 3188 substantia
417 3135 530 3189 similem
553 3151 613 3189 esse
636 3135 722 3189 Patris
747 3134 856 3196 Filium,
886 3134 918 3188 ile
941 3125 1102 3211 batoricnr'tp
1122 3147 1178 3185 nero

165 3216 248 3271 altum
273 3215 372 3288 ubique
395 3217 539 3273 silentium.
571 3219 711 3274 l‘raeteren
726 3221 785 3276 hoc
809 3220 866 3290 ipso
883 3218 1013 3282 Numero,
1040 3219 1091 3274 sub
1107 3218 1178 3272 linem

166 3300 211 3360 ait,
242 3300 335 3354 titium
365 3293 486 3356 ἀκούειν
512 3306 567 3358 τοῦ
596 3298 711 3380 πατρὸς
738 3301 786 3357 καὶ
816 3295 980 3379 ὑπουργεῖν
1009 3307 1056 3383 τῷ
1085 3296 1178 3377 narpl,

166 3388 342 3447 auscultare,
379 3384 430 3439 hoe
467 3397 507 3441 est
542 3390 654 3443 odedire
682 3396 707 3442 et
734 3391 895 3443 miiiistrcre
927 3388 1021 3444 Petri.
1068 3389 1180 3460 ltemque

166 3487 223 3541 cap.
237 3473 273 3527 18
297 3470 376 3523 Pater
399 3470 496 3526 dieitur
519 3465 707 3540 addemnatos
727 3477 830 3542 airzein,
854 3474 936 3528 Filius
960 3466 1020 3527 ndu
1045 3465 1181 3528 estnon-

167 3558 235 3621 κιῦς,
259 3546 323 3609 dll’
346 3547 544 3630 r‘rnorppuunig.
576 3560 652 3625 Quod
676 3575 755 3613 nemu
778 3560 828 3614 nisi
843 3562 957 3614 drianus
981 3559 1090 3615 dixerit.
1119 3557 1180 3610 lum

167 3640 266 3712 ubique
289 3641 416 3695 adversus
440 3643 591 3697 diionioeos
614 3645 687 3699 solos
710 3644 842 3716 disputat,
865 3660 944 3715 qnam
968 3636 1027 3716 τὴν
1050 3647 1102 3698 νῦν
1123 3638 1181 3697 ἔπι-

167 3719 322 3799 ᾳοομὲνην
344 3720 459 3799 αἵρεσιν
480 3737 565 3789 vortit,
588 3746 679 3800 nttper
701 3739 826 3784 emortum
842 3729 1000 3791 Haeresim,
1028 3740 1058 3784 ut
1082 3746 1136 3799 rap.
1149 3730 1180 3781 ta

166 3807 295 3863 authores
319 3810 391 3882 ipsos
414 3806 536 3878 uurnndr
556 3807 747 3887 Alpenxnr‘u.
778 3815 841 3869 ltem
865 3830 922 3884 cap.
938 3817 973 3868 15
997 3812 1180 3869 lhinstantinui

166 3910 329 3966 triagnopere
352 3897 493 3961 collaudet,
517 3900 589 3972 qnod
606 3899 700 3954 Filium
718 3900 787 3954 l‘ntri
810 3899 970 3972 peremnia
993 3900 1111 3954 similem
1126 3914 1181 3952 esse

165 3979 390 4050 promeruissent,
413 3989 443 4036 ut
464 4001 523 4047 nos,
550 3983 681 4056 inqttiunt,
708 3984 846 4039 Catholici
868 3984 1016 4040 credimus.
1051 3987 1124 4040 ltane
1140 3991 1180 4036 ant

166 4063 320 4121 (lutholieus
342 4065 374 4121 ab
391 4066 540 4141 Epiphanio
563 4067 670 4134 habitus
690 4079 731 4126 est
747 4069 930 4133 Constantius,
953 4080 1001 4125 aut
1018 4070 1182 4128 Catholieum
