2586 4822
330 842 369 892 nc
387 841 538 895 amnonis
556 843 593 893 ar
611 842 809 895 ronnanraus.
1036 829 1076 895 85

54 997 88 1054 sti
113 998 186 1061 285,
210 1014 268 1053 non
291 998 362 1061 286,
385 1008 417 1054 ut
438 997 521 1056 babet
540 998 704 1055 chronicon.
734 999 824 1056 lieleo
847 998 880 1055 sal
895 999 1131 1074 Scaligerumaltt

58 1082 106 1156 qni
128 1092 272 1157 postremo
294 1083 321 1139 in
344 1083 412 1157 lsap.
437 1083 500 1139 Can.
523 1102 551 1158 p.
570 1087 629 1142 305
653 1085 733 1141 docet
755 1084 825 1140 aliud
849 1100 909 1141 esso
924 1083 1081 1144 Diocletiani

57 1183 157 1232 tenna,
182 1168 255 1223 aliud
277 1167 383 1224 initium
407 1168 536 1225 ciusdem.
566 1168 631 1224 liam
655 1169 812 1226 Diocletiani
832 1186 894 1226 aera
916 1168 950 1225 ad
971 1171 1081 1227 mctbo-

58 1251 122 1308 dnm
139 1252 209 1326 cpoli
225 1253 362 1309 reserastis
378 1254 525 1311 constituta
541 1262 583 1311 cst
598 1271 669 1310 anno
686 1255 848 1328 Dionysiauo
865 1255 937 1317 284,
959 1270 973 1309 a
991 1253 1079 1312 Thotb

58 1338 242 1412 Aegyptiace,
268 1337 309 1393 vel
332 1337 365 1393 ab
388 1346 520 1411 sequente
542 1338 646 1394 llartio.
676 1339 858 1396 Diocletianus
881 1348 971 1395 autem
994 1339 1081 1412 impc-

57 1423 128 1479 rium
149 1422 211 1479 iniit
233 1438 305 1478 anno
328 1423 427 1479 Christi
444 1424 515 1488 288,
539 1433 656 1497 quatuor
677 1425 753 1480 annis
774 1423 867 1480 solidis
889 1433 952 1496 post
975 1424 1080 1481 initium

58 1523 138 1564 serae
160 1507 299 1564 Pascbalis
321 1508 509 1581 Aegyptiacae.
554 1509 591 1564 lta
615 1509 775 1564 sententiam
797 1517 899 1572 mutat,
922 1525 1002 1581 quam
1024 1499 1079 1567 ta
1128 1567 1135 1583 ,

57 1592 91 1648 de
114 1592 228 1648 limenal.
251 1601 442 1666 proposuerat,
466 1593 512 1648 ubi
527 1593 721 1649 Diocletianum
744 1593 866 1666 coepisse
890 1591 986 1666 probat
1007 1608 1079 1651 annu

60 1678 134 1736 287.
164 1676 219 1733 Sed
244 1676 390 1750 utrobique
413 1677 558 1750 plurimum
580 1678 769 1734 hallucinatur.
801 1679 986 1734 Certissimum
1008 1679 1079 1735 enim

59 1772 110 1826 cst,
136 1761 331 1818 Diocletianum
356 1761 451 1818 eodem
473 1780 545 1819 anno
568 1764 710 1836 imperium
733 1764 860 1836 acleptum
884 1779 960 1828 esse,
988 1781 1002 1818 a
1025 1780 1079 1836 quo
1142 1774 1147 1781 ·

57 1847 132 1903 illius
154 1856 197 1903 est
218 1863 279 1903 aera
302 1855 396 1920 postca
419 1847 543 1912 deducta,
566 1864 664 1922 nempe
687 1865 757 1903 antro
778 1848 878 1903 Christi
895 1849 944 1905 24.
974 1847 1080 1905 Etenim

59 1932 218 1988 mmnnus
245 1932 322 1988 initio
344 1931 362 1987 l.
380 1934 419 1990 23
448 1933 532 1988 refert
557 1935 668 1989 nuttam
692 1935 838 2006 poectum
863 1932 1000 1988 bominem
1027 1932 1081 1989 otti

56 2016 183 2089 Aupuato
212 2018 347 2088 collectam
375 2018 463 2088 solare
492 2035 511 2073 o
531 2017 709 2074 Diocletiano
731 2017 835 2089 Aona
864 2027 891 2072 ct
918 2015 1079 2073 Aristobulo

58 2101 137 2157 Coeo.
159 2103 201 2157 od
222 2110 347 2175 torpore
369 2102 479 2158 lulloni
499 2100 661 2175 Apostotcc.
691 2102 777 2176 igitur
790 2103 940 2176 imperator
954 2102 1006 2159 iam
1021 2110 1080 2159 erat

58 2186 254 2251 Diocletianus,
278 2187 385 2260 qnando
409 2187 510 2243 Consul
530 2190 548 2244 2
571 2205 630 2244 cum
654 2186 810 2244 Aristobulo
832 2187 892 2244 tuit.
923 2187 1080 2243 lluncAm·

56 2272 140 2328 miani
166 2273 259 2328 locum
286 2272 391 2345 prolert
415 2272 442 2327 in
464 2268 903 2346 Animadversionibns-Scaliger,
931 2282 1013 2345 atqaae
1036 2273 1078 2328 bis
1117 2300 1122 2333 ;

57 2357 136 2415 Coss.
159 2356 337 2413 indictionem
360 2361 379 2415 4
407 2356 500 2413 iniisse
523 2357 588 2414 dicit
608 2374 703 2414 mense
725 2356 893 2431 Septembris
915 2374 945 2413 ac
968 2354 1079 2413 liovilu·

55 2443 132 2498 sium
155 2441 282 2498 incidisse
305 2444 344 2500 29
360 2443 484 2516 Augusti.
514 2442 565 2511 Qui
587 2443 641 2499 aluo
658 2441 834 2499 characteres
855 2443 882 2497 in
902 2441 1016 2497 eundem
1033 2440 1079 2497 lu·

54 2527 159 2584 haum
181 2544 283 2583 annum
305 2527 449 2584 convenire
472 2538 620 2601 nequeunt.
650 2527 715 2583 Nam
738 2527 852 2583 indictio
873 2530 890 2583 d
915 2544 928 2580 a
951 2526 1080 2598 Septenu

55 2611 98 2668 bri
120 2613 254 2686 competit
275 2607 347 2668 anno
370 2614 442 2676 285,
464 2612 634 2669 Nooilunium
651 2628 715 2668 vero
730 2613 769 2671 28
781 2612 908 2685 Augusti,
925 2626 1000 2666 anno
1017 2611 1077 2669 284

56 2698 135 2770 cyclo
161 2699 215 2761 ra,
240 2707 272 2753 nt
293 2697 374 2771 paulo
396 2706 459 2754 ante
480 2698 644 2753 monuimus.
676 2696 729 2753 Sed
751 2697 805 2753 sive
828 2712 899 2752 anno
924 2696 1001 2760 284,
1023 2695 1078 2751 sire

56 2783 128 2846 285,
153 2781 287 2839 Consules
308 2781 369 2838 illos
392 2782 523 2847 defixerit,
547 2782 720 2856 perspicuum
736 2789 786 2846 cst,
810 2789 980 2854 quantopere
994 2779 1077 2836 salsus

57 2868 105 2932 sit,
136 2882 200 2922 cnm
223 2876 318 2940 postea
340 2867 367 2922 in
390 2868 454 2923 Can.
478 2868 546 2941 lsag.
571 2866 765 2923 Diocletianum
787 2866 878 2922 iniisse
900 2865 987 2921 voluit
1007 2880 1077 2921 anno

58 2952 136 3016 288,
168 2960 280 3025 quarto,
310 2952 363 3008 imo
392 2951 487 3025 quinto
517 2969 602 3014 anno,
631 2968 711 3025 quam
734 2951 884 3023 imperator
910 2959 952 3007 est
976 2949 1076 3009 laetus.

57 3038 165 3111 (tnippe
187 3046 331 3110 :nuquam
355 3037 529 3094 Consulatum
552 3036 716 3093 ordinarium
737 3052 800 3092 cum
817 3035 973 3093 Aristobulo
986 3050 1077 3108 μνο-

57 3132 114 3186 ret,
146 3138 178 3177 ea
202 3121 261 3177 llal.
283 3122 338 3177 lan.
360 3122 511 3195 imperator
538 3122 589 3177 iam
617 3140 631 3178 a
660 3120 789 3177 militibus
817 3129 876 3176 erat
903 3119 1076 3183 acclamatas.

57 3208 140 3280 iique
161 3223 177 3261 s
200 3204 344 3270 Palilibus,
374 3216 405 3262 ut
425 3222 459 3262 ex
480 3207 654 3280 Panegyrista
676 3205 929 3280 colligitScaliper.
959 3203 1077 3261 Proinde

58 3308 130 3349 enno
147 3292 220 3350 284.
250 3290 317 3346 Nam
332 3290 513 3348 Diocletianus
536 3300 563 3347 et
576 3290 750 3347 Aristobnlus
770 3290 892 3349 incidunt
914 3290 942 3345 in
963 3306 987 3345 a.
1005 3289 1075 3347 288.

57 3376 127 3432 'lum
154 3392 221 3433 vero
250 3375 319 3432 idern
349 3392 380 3431 ex
407 3377 490 3432 veteri
512 3376 690 3448 lnscriptione
719 3375 908 3443 confirmatur,
937 3389 1007 3446 quac
1033 3382 1078 3431 cst

57 3463 129 3536 aped
143 3461 292 3518 Gnatcrum
313 3477 465 3534 pecuum,
489 3462 516 3516 in
539 3477 591 3534 qua
614 3460 795 3517 Diocletianus
818 3460 928 3517 Coss2
951 3468 981 3515 et
1002 3457 1075 3517 rrius

57 3547 116 3603 rot.
133 3548 154 3605 2
175 3546 287 3619 legiter.
317 3545 408 3615 Quare
428 3545 452 3601 si
474 3544 649 3602 Consulatum
674 3547 692 3604 2
713 3546 773 3601 iniit
794 3562 865 3601 anno
887 3544 987 3627 Christi
1005 3543 1075 3608 288,

57 3648 117 3689 cum
147 3631 309 3688 Aristobulo
336 3630 456 3704 collega,
487 3630 663 3686 Tribunitism
691 3638 853 3703 potestatem
881 3630 933 3685 iam
960 3629 1076 3701 adeptus

57 3727 112 3773 erat
134 3733 209 3773 anno
231 3715 385 3789 superiore.¹
413 3714 468 3793 Sed
488 3716 516 3770 in
539 3715 603 3772 iisce
627 3713 817 3772 Consulatibus
839 3712 992 3788 digerendis
1015 3720 1077 3769 tun

59 3801 120 3858 bant
144 3800 270 3858 uonnibil
292 3798 428 3874 vulgatam
450 3800 582 3856 rationem
597 3799 789 3872 inscriptiones
811 3808 925 3857 emeres
957 3797 1076 3866 Quartutt

60 3886 108 3949 Da,
131 3901 242 3961 quaes
268 3883 384 3941 Duronio
404 3884 573 3959 producitur,
597 3884 772 3941 Consulatum
794 3883 950 3940 Diocletiani
974 3882 992 3937 2
1014 3895 1076 3935 cunr

61 3971 129 4028 tiu.
157 3973 220 4029 Pot.
246 3971 268 4029 2
300 3970 449 4043 componit.
492 3970 583 4027 Altera
610 3986 691 4034 vero,
726 3985 795 4042 qnae
825 3968 897 4042 apud
931 3966 1077 4023 Gruterum

60 4071 86 4128 p.
99 4074 198 4115 ccam
213 4056 328 4131 legitur,
346 4054 478 4112 eiusmodi
493 4064 544 4113 est.
574 4071 668 4111 nanu.
683 4071 744 4110 auc.
850 4053 876 4109 ii.
892 4064 1076 4109 nroomnaao·

61 4158 156 4201 nme.
171 4160 220 4201 sos
234 4156 335 4200 nuez
350 4154 428 4197 noe.
444 4157 505 4198 ane
515 4137 547 4197 ai.
562 4157 660 4197 ram.
669 4154 884 4211 anaoauaaauu.
896 4133 987 4208 llulgo
996 4132 1077 4207 :Cop—
