2586 4822
428 270 454 335 ιε·
473 286 477 291 ·

162 721 224 784 tm
617 740 731 792 esrem

280 941 284 949 ’
522 958 666 1020 Menses
695 959 822 1024 attici.
1119 902 1125 1030 ι

290 1129 329 1186 lix
351 1129 495 1187 Theodoro
518 1130 597 1185 Gaza.
798 1131 835 1187 Ex
858 1130 1010 1205 Scaligero.

387 1291 513 1374 Θερινοί
843 1292 971 1377 &sperni

281 1390 522 1471 ‘Exarnprssamir
717 1392 954 1474 Ἔκατομβιιιών

285 1479 516 1559 Μεταγειτνιών
720 1477 953 1560 Μεταγειτνιών

286 1562 491 1646 Βοηδρομιών
720 1563 927 1645 Βοηδρομιών

369 1728 533 1814 Ὀιιωρινοί
823 1730 995 1816 Ὀπωρινοί

286 1833 539 1916 Μαιμακτηριῶν
720 1833 913 1913 Πυανεψιῶν

286 1919 478 1996 Πυανεψιών
722 1918 976 2002 Μαιμακτηριών

281 2002 509 2085 Ἀνθεστηριών
721 2004 900 2066 Ποσειδιών

335 2188 337 2197 ’
364 2171 540 2253 Χιιμιρινιιί
815 2175 997 2255 Χειμιρινοί

286 2271 464 2335 Ποσειδεών
722 2276 752 2335 Γ
751 2272 888 2353 αμηλιῶν

287 2360 317 2419 Γ
315 2358 454 2438 αμηλιών
715 2356 941 2442 Ἀνθεστηριών

283 2440 524 2527 Ἐλαφηβολιών
718 2441 955 2527 Ἐλαφηβολιών
1016 2495 1028 2518 ,

379 2610 521 2696 Ἔιιρινοί
834 2610 974 2694 Ἕιιρινο(

289 2712 476 2794 Moeragene
721 2712 912 2793 Μουνυχιών

289 2797 473 2884 Θαργηλιιῦν
725 2797 908 2882 Θαργηλιῶν
983 2818 986 2824 ’

286 2882 520 2968 Σκιρροφοριιῦν
720 2881 957 2967 Σκιρροφοριιῦν

111 3124 156 3176 tm
246 3101 276 3158 ln
299 3103 349 3159 hae
364 3101 514 3159 Atticorum
537 3103 669 3158 mensium
692 3102 851 3158 recensione
873 3102 1008 3175 quaedam
1026 3102 1173 3160 reetaSm·

160 3184 230 3258 liger
256 3184 385 3241 adversus
408 3185 504 3242 Gazam
527 3187 661 3250 defendit.
690 3187 741 3243 alia
764 3203 904 3260 perperam
927 3203 958 3243 ac
981 3187 1061 3245 false.
1106 3182 1173 3257 Qud

161 3269 232 3326 enim
249 3270 485 3325 Anthesterionem
508 3288 590 3327 verno
607 3272 722 3343 tempori
738 3270 874 3335 adscribit,
894 3288 948 3326 nnn
965 3272 1109 3329 inclinanti
1130 3273 1174 3327 iam

159 3361 306 3418 autumno,
331 3353 468 3427 praeciare
492 3353 563 3410 iacit.
600 3355 652 3410 Sed
676 3356 709 3411 tle
728 3356 951 3412 Maemacterinne
973 3374 1005 3412 ac
1030 3357 1175 3414 Posideum

160 3455 255 3514 parum
285 3438 426 3495 commode
455 3439 574 3495 sensisse
602 3440 666 3495 mihi
689 3441 802 3497 videtur.
847 3440 965 3496 Primum
989 3439 1177 3498 Boetmmton'

159 3524 389 3598 Pyanepsinnem,
414 3541 468 3579 non
491 3524 741 3581 Maemacterinnem
766 3526 900 3599 adiungit,
925 3525 1007 3598 itique
1031 3525 1178 3601 compluri-

158 3608 211 3665 bus
233 3609 400 3683 argumentis
423 3611 586 3682 persuadere
609 3611 721 3666 nititur:
745 3627 814 3682 qnae
837 3611 935 3674 omnia,
959 3610 981 3664 si
1007 3612 1091 3667 unius
1114 3610 1179 3667 tter*

160 3694 326 3768 poenationis
348 3694 530 3751 testimoninm
554 3696 678 3769 excipias,
702 3696 775 3750 irrita
798 3706 860 3751 sunt
884 3706 911 3751 et
933 3695 1032 3751 inania.
1064 3697 1111 3753 Sic
1131 3711 1181 3751 an·

160 3789 216 3836 tem
244 3780 434 3842 ratiocinatur,
464 3779 647 3853 Pyanepsiom
678 3789 708 3835 nt
735 3775 835 3836 authnr
863 3788 905 3835 est
931 3780 1001 3835 Plut.
1028 3781 1119 3838 Tract.
1147 3779 1179 3835 de

160 3865 239 3930 Iside,
263 3866 388 3939 congruit
409 3865 502 3938 Athyr,
530 3865 582 3920 hnc
604 3874 646 3920 est
669 3864 821 3921 Novembri.
865 3865 998 3920 Posideon
1023 3875 1117 3922 antem
1138 3874 1181 3922 est

160 3949 310 4015 lanuarius,
332 3959 363 4006 nt
378 3949 448 4005 mut.
465 3949 491 4005 in
508 3949 622 4006 Caesare
634 3948 735 4013 scribit,
759 3966 821 4005 cum
844 3966 951 4022 semper
973 3941 1038 4023 pest
1056 3951 1180 4007 brumam

160 4035 278 4110 incipiat.
302 4037 391 4112 Atque
405 4034 475 4092 idem
485 4034 557 4092 Plut.
572 4035 599 4091 in
613 4034 732 4091 Damnst.
749 4044 804 4092 tres
819 4035 886 4091 istos
903 4051 1010 4091 menses
1027 4038 1180 4100 continuat,
