2586 4822
412 804 489 888 neri
507 836 727 889 celsinensi.
803 859 806 863 -
1035 836 1083 881 nu

71 990 149 1051 data
170 990 311 1067 Epiphanii
338 1000 367 1048 et
388 992 494 1049 loannis
521 999 615 1048 mutua
643 993 678 1050 de
699 992 864 1050 seinvicem
886 992 1079 1067 praedictione.

71 1074 143 1135 iflat
158 1076 300 1134 Socrates:
325 1076 440 1135 “lltrum
461 1094 545 1152 perte
566 1093 629 1135 vera
651 1078 716 1134 milri
738 1078 854 1135 dixerint
875 1077 921 1151 qui
943 1077 994 1133 ista
1015 1094 1081 1134 uar-

71 1170 173 1229 eruut,
196 1160 321 1235 equidem
344 1179 399 1218 uen
421 1179 532 1236 pessunt
554 1162 702 1229 ellirmare;
731 1163 841 1237 utrique
863 1171 951 1217 tannen
973 1161 1080 1217 illenim

71 1246 220 1305 itiusmodi
242 1248 329 1303 exitus
351 1248 473 1321 contigit.
504 1248 673 1321 Numaeque
689 1247 854 1321 Epiphanius
870 1262 962 1302 nauem
978 1245 1082 1320 appulit

71 1330 192 1407 &prum
214 1341 277 1406 pest
298 1331 447 1388 discessum
469 1332 541 1389 euim
563 1342 688 1389 mortuus
710 1343 752 1389 est
774 1333 800 1388 iu
816 1332 936 1405 navigio:
960 1340 987 1387 et
1002 1330 1082 1387 lean-

71 1432 113 1477 κ
134 1417 207 1473 llaud
229 1416 314 1473 multe
336 1426 400 1490 pest
420 1434 453 1473 er
474 1418 632 1491 epispepatu
655 1418 776 1474 deieetus
798 1418 866 1473 est''.

72 1512 95 1547 ἵ·
151 1506 201 1560 dl.
245 1503 337 1557 Potuit
364 1519 429 1558 sene
458 1503 610 1559 hitiusrnedi
636 1504 724 1559 ortua
744 1502 889 1577 utriusque
911 1500 1081 1557 occasionem

71 1586 172 1645 ledisse
194 1585 363 1649 lierninibus,
386 1596 496 1643 mutuae
518 1588 672 1646 interillos
695 1588 872 1645 dissensionis
893 1586 1019 1649 ceusciis,
1042 1588 1082 1641 ni-

71 1688 166 1745 neque
187 1681 296 1728 sanctes
318 1688 369 1727 sue
384 1672 453 1745 pede
468 1672 651 1737 metientibus,
675 1682 705 1728 ut
720 1671 921 1730 altercationem
937 1670 1082 1728 neritonum

71 1758 174 1831 attiqtm
196 1772 290 1831 pieriam
313 1757 419 1829 diguam
442 1757 611 1830 attingerent,
635 1756 861 1831 quemadmodum
884 1757 1009 1813 iudicarit
1031 1756 1084 1811 lla·

71 1842 170 1906 nutus,
194 1852 222 1898 et
244 1850 306 1915 pest
329 1859 390 1897 raian
414 1842 534 1899 Secundis
555 1852 638 1918 atque
653 1842 797 1899 Senemeui
820 1842 969 1898 illusissem
990 1850 1018 1898 et
1040 1842 1083 1896 iu·

71 1936 171 2001 terpres
195 1928 356 1983 uei-issimus
379 1926 511 1983 llenricus
534 1927 663 1983 Valesius.
709 1927 818 1984 lluliitat
839 1928 919 1983 ctiam
942 1926 1082 1989 llareuius,

71 2026 163 2071 tercne
185 2012 359 2086 Epiphanius,
384 2013 424 2067 uti
446 2011 539 2068 scribit
561 2012 702 2077 Semeles,
727 2013 815 2068 “llum
837 2014 869 2067 ed
893 2011 1030 2068 llasilicam
1053 2011 1081 2066 S.

71 2094 172 2155 l'eenms
196 2097 361 2171 appulisset,
384 2114 454 2171 quae
476 2108 581 2171 septem
605 2114 734 2171 pessinun
756 2096 873 2153 tuillilius
895 2096 928 2152 ab
951 2094 1020 2152 turbe
1041 2095 1084 2151 di-

71 2192 127 2248 tltl,
152 2200 219 2238 nave
241 2198 382 2255 egressus,
407 2183 546 2238 cellcceam
569 2182 605 2237 tet
627 2182 771 2238 eeleluarit
793 2192 820 2239 et
842 2183 985 2238 iliaceuum
1008 2180 1084 2237 ordi·

71 2268 150 2331 tatit,
180 2268 337 2341 prinsquam
360 2267 492 2323 ciuitatem
516 2268 729 2340 ingreileretur”.
775 2267 889 2323 l'erotur
911 2283 1027 2340 namquo
1049 2282 1084 2321 ne

71 2352 203 2429 querclam
232 2352 338 2408 loannis
366 2350 601 2425 lliereselptuitaui
630 2352 663 2407 de
692 2352 857 2426 Epiphanio,
890 2352 938 2407 ad·
957 2351 1084 2407 loannem

71 2436 393 2511 tonstaniiuepetuanum
421 2454 562 2511 perperam
595 2437 764 2493 transtulerit
792 2436 933 2501 Socratas,
962 2436 1083 2511 quamuis

71 2526 129 2579 hnc
153 2538 214 2578 cern
237 2539 282 2578 res
303 2530 431 2595 ageretur
446 2521 679 2596 Constantinopoli
701 2522 800 2577 niveus.
831 2520 924 2596 Neque
946 2521 1018 2576 euim
1034 2536 1085 2594 ap·

71 2617 142 2681 parat
171 2608 215 2665 liic
243 2617 296 2663 tam
325 2608 394 2663 insta
417 2624 497 2680 quem
520 2606 556 2663 ibi
579 2606 723 2662 excursandi
745 2606 886 2680 Epiphanii
909 2606 993 2668 ratio,
1022 2621 1084 2661 cum

71 2692 183 2751 tortostn
207 2693 235 2749 S.
258 2693 364 2749 loannis
393 2693 459 2748 citra
486 2692 697 2748 controuersiam
727 2699 800 2747 esset
827 2689 879 2745 suli
906 2690 1084 2763 dispositione

71 2776 357 2851 detestantiuepelitani
379 2777 509 2850 episcopi,
533 2776 579 2832 ulu
601 2794 653 2833 nee
668 2776 750 2831 huius
766 2775 869 2831 iniussu
885 2774 1006 2831 licuisset
1021 2774 1087 2849 Epi-

71 2864 168 2937 plieuio
190 2863 330 2919 llissarum
358 2862 495 2927 seleuuia,
524 2861 623 2918 nedum
652 2861 837 2918 ordinationes
868 2859 1021 2917 celebrere:
1051 2857 1085 2915 de

71 2956 184 3022 uroque
206 2957 295 3004 tamen
318 2957 478 3023 querentem
495 2947 718 3021 chrysostomum
733 2946 861 3003 Secmtes
879 2944 995 3007 inducit;
1018 2944 1096 3017 quin

71 3032 145 3090 ffistn
169 3033 202 3090 de
225 3034 257 3089 iis
280 3050 349 3106 quae
371 3034 397 3089 iu
414 3032 606 3105 Apostolorum
630 3031 731 3105 temple
753 3032 873 3087 lactttrus
893 3039 950 3087 erat
965 3028 1086 3103 Epipha-

71 3118 137 3181 stas,
160 3119 211 3174 nisi
235 3118 439 3176 denuntiatione
461 3118 568 3173 loannis
590 3134 640 3190 per
654 3116 830 3189 Serapionem
853 3115 905 3171 silei
927 3116 995 3171 laeta
1016 3114 1086 3169 sitis-

71 3212 108 3261 tet
129 3202 302 3267 absterritus,
327 3203 360 3259 ile
382 3204 422 3265 iis,
446 3204 564 3275 iuquam,
587 3218 656 3275 quoe
678 3201 766 3258 selum
789 3201 937 3257 constituta
952 3200 1015 3257 dicit
1031 3200 1085 3253 Su-

71 3304 206 3353 tomeuus,
230 3298 356 3363 tauquam
380 3288 413 3343 de
435 3288 524 3360 reipsa
546 3287 622 3342 lactis
645 3286 734 3342 minius
756 3286 944 3343 verosimiliter
965 3285 1086 3359 loquitur

71 3372 201 3435 Socrates,
225 3390 257 3428 ae
279 3381 336 3429 tum
359 3372 466 3429 ileiuotu
489 3373 616 3428 leauneni
638 3372 683 3436 ait,
707 3388 742 3428 ue
765 3371 858 3427 eadem
880 3370 1010 3445 postridie
1033 3371 1086 3425 ite-

71 3470 200 3521 mitia,
229 3459 351 3531 ingresse
374 3474 469 3514 rursus
491 3458 516 3512 in
541 3456 680 3513 ecclesiam
703 3455 853 3530 Epiphanio
876 3456 981 3512 misisse
1003 3456 1086 3510 Sera-

71 3544 184 3619 panem

151 3631 203 3686 tt.
248 3628 282 3683 l't
303 3639 334 3684 nt
356 3630 406 3693 sit,
436 3637 561 3701 apparet,
591 3627 721 3700 optimum
745 3626 808 3681 alius
831 3625 1085 3698 sanctissimumque

71 3729 170 3775 senem,
194 3714 337 3787 deceptum
361 3713 444 3769 luisse
467 3712 656 3786 alheephile,
681 3720 735 3767 uin
758 3710 784 3766 iu
807 3728 887 3766 caiisa
906 3726 1000 3766 eorum
1016 3725 1085 3783 ques

71 3798 181 3855 lmuuos
204 3798 336 3855 teloraliat
356 3798 562 3862 monachorum,
586 3813 665 3872 quani
688 3796 774 3870 ipsius
797 3796 920 3862 loannis:
943 3806 971 3851 ct
990 3811 1020 3851 es
1036 3793 1087 3849 ab·

71 3882 195 3941 radantia
218 3884 268 3940 zeli
290 3900 400 3957 passum
423 3900 484 3939 esse
506 3883 653 3938 humanum
676 3881 791 3955 aliquid,
822 3881 899 3936 cuius
922 3882 1009 3954 ipsunt
1032 3880 1086 3935 cite

71 3969 242 4034 teonituerit,
266 3970 406 4043 magisque
428 3969 564 4042 potuisset
586 3968 735 4041 poenitere,
760 3967 875 4041 siquae
897 3976 961 4039 pest
983 3966 1088 4021 ‹tiseos-

71 4070 127 4111 κω
150 4071 230 4110 suurn
253 4064 317 4109 stant
336 4061 492 4116 consecuta,
515 4053 634 4109 vidisset.
666 4052 773 4107 iuterim
791 4051 843 4108 liee
858 4050 1085 4108 msuliiuutienum

71 4154 177 4197 martum
199 4156 329 4197 sitcccssu
351 4140 438 4197 elatus
453 4137 629 4213 l'lteepliilus,
652 4137 809 4212 priusquam
827 4134 1087 4210 Constantinopolim
