2586 4822
216 753 255 811 10
418 762 454 815 11.
488 765 553 813 τετυ·
570 766 645 814 τετυ
663 765 787 813 ’τευτευ
805 765 876 813 τον
892 762 1033 812 moy.

215 913 249 978 σί
271 912 370 994 δῆμοι
392 916 444 977 καῖ
461 914 496 978 αἱ
513 914 646 991 στάσεις
668 912 721 978 καὶ
738 913 773 978 αἱ
790 913 900 991 τάξεις
921 914 975 978 καλ
997 909 1042 977 τὰ
1065 907 1156 976 όπλα
1184 910 1234 977 κσῖ

215 1008 257 1074 τά
280 1007 420 1091 δόρατα,·
453 1012 519 1074 πού
544 1010 575 1073 οἱ
597 1012 747 1093 βασιλεῖς
776 1012 829 1074 καλ
861 1010 959 1091 ἱερεῖς
987 1007 1042 1073 καί
1064 1010 1173 1090 κριταὶ
1205 1005 1235 1072 ολ

214 1105 423 1188 κατάκριτυι,·
463 1109 530 1170 ποῦ
566 1106 601 1170 αλ
630 1106 802 1188 λαμπάδες
838 1105 892 1170 καὶ
924 1105 1086 1187 μάχαιραι
1117 1106 1171 1168 καῖ
1206 1101 1235 1168 σί

214 1201 357 1287 θρύλλοι
379 1203 411 1267 οἱ
435 1201 588 1282 άτακτοι,·
623 1206 689 1268 ποῦ
713 1203 744 1268 οῖ
768 1203 841 1267 λαοί
864 1204 917 1268 καὶ
941 1201 979 1265 τό
1003 1201 1160 1287 φρύαγμα
1183 1204 1236 1264 καί

190 1295 233 1385 δή
257 1300 442 1365 κουστωδία
463 1295 482 1383 ἡ
506 1295 665 1380 δι’σεμνοςς
709 1295 846 1385 άληθῶς
869 1296 982 1377 ὅντως,
1006 1299 1080 1364 ἐπεὶ
1103 1299 1157 1362 καὶ
1182 1293 1236 1362 όν·

214 1423 280 1474 τως
302 1394 438 1480 άληθῶς
461 1396 536 1462 λαοὶ
558 1396 755 1483 ἐμελέτησαν
777 1396 889 1462 καινά·
924 1395 1029 1475 καινά,
1060 1390 1146 1461 άλλά
1174 1392 1237 1478 μήν

215 1495 269 1560 καί
297 1493 432 1577 μάταια.
469 1500 686 1577 προσέκοψαν
714 1497 760 1578 τῷ
791 1488 1016 1578 άκρονωνιαίιμ
1040 1496 1128 1577 λίθῳ
1153 1498 1264 1575 Χρι-Β

195 1592 295 1675 στῶ,
320 1586 387 1656 ἀλλ’
413 1585 506 1656 αύτολ
530 1598 774 1677 συνετρίβησαν.
819 1592 1045 1676 προσέρρηξαν
1067 1593 1107 1676 τῇ
1131 1594 1239 1675 πέτρη

215 1692 254 1774 τῇ
279 1691 403 1773 στερεᾷ,
436 1682 504 1754 ἀλλ’
530 1683 623 1754 αὐτοὶ
648 1695 882 1774 συνετρίβησαν
911 1691 963 1754 καῖ
994 1688 1041 1765 είς
1064 1682 1175 1774 ἀφρὸν
1197 1685 1240 1751 τὰ

179 1786 343 1868 ιθκύματα
366 1780 474 1850 αύτῶν
498 1785 707 1871 διελύθησαν.
745 1792 994 1869 προσέκρουσαν
1017 1787 1062 1868 τῷ
1087 1778 1240 1870 άηττήτῳ

217 1882 335 1966 ἄκμονι
366 1885 419 1948 καὶ
449 1878 541 1948 αύτολ
566 1881 856 1968 συνεθλάσθησαν.
896 1879 1036 1964 ὕψωσαν
1059 1881 1115 1947 ἐπὶ
1142 1879 1241 1958 ξύλου

216 1981 275 2067 τήν
298 1986 422 2063 πέτραν
444 1984 502 2065 τῆς
525 1981 616 2065 ζωής,
650 1983 702 2045 καί
731 1981 941 2045 κατελθοῦσα
964 1973 1083 2056 αύτούς
1113 1976 1242 2043 ἐθανά-

217 2100 330 2142 τωσεν.
380 2077 578 2157 ίδίσμευσαν
611 2077 669 2140 τόν
703 2082 804 2159 μέγαν
832 2075 983 2159 Σαμψὼν
1018 2072 1110 2160 ήλιον
1146 2073 1239 2149 θεὸν,

217 2168 301 2237 ἀλλὰ
324 2172 424 2248 λύσας
446 2173 487 2237 τὰ
510 2168 565 2238 ἀπ’
585 2173 705 2250 αίῶνος
729 2172 834 2254 δεσμά
855 2172 932 2250 τοὺς
955 2167 1164 2257 ἀλλοφύλους
1186 2174 1240 2237 καὶ

180 2269 431 2353 Ιόπαρανόμους
460 2264 640 2335 ἀπώλεσεν.
682 2270 737 2335 ἔδυ
766 2270 848 2347 θεὸς
878 2267 969 2354 ήλιος
991 2267 1142 2352 Χριστὸς
1172 2265 1241 2333 ύπὸ

216 2369 349 2452 μήνκαὶ
374 2365 489 2443 σκότος
511 2373 721 2450 πανέσπερον
741 2364 911 2444 Ἰουδαίοις
939 2372 1130 2449 πεποίηκεν.
1180 2366 1241 2451 σή-

215 2489 315 2548 μερον
339 2470 484 2548 σωτηρία
506 2474 577 2541 τοῖς
600 2463 656 2529 ἐπί
679 2467 737 2550 γῆς
759 2467 811 2529 καῖ
835 2475 907 2541 τοῖς
930 2459 987 2528 ἀπ’
1008 2463 1130 2540 αι’ῶνος
1153 2458 1240 2527 ύπσ-

215 2561 304 2627 κάτω
326 2565 383 2644 τῆς
405 2564 476 2649 γῆς·
508 2560 649 2644 σήμερον
672 2568 818 2647 σωτηρία
839 2565 886 2645 τῷ
909 2560 1032 2645 κόσμῳ,
1056 2556 1137 2637 ὅσος
1161 2556 1263 2643 ὅρα-ὓ

215 2658 272 2736 τὸς
299 2662 351 2724 καῖ
382 2655 460 2736 ὅσος
493 2655 643 2742 άόρατσς.
690 2658 781 2742 διττή
812 2658 952 2744 σήμερον
981 2659 1039 2723 τού
1069 2656 1239 2723 δεσπότου

175 2763 394 2838 ευπαρουσία,
419 2756 510 2841 διττή
536 2756 717 2837 οἰκονομία,
742 2755 834 2840 διττή
858 2757 1111 2841 φιλανθρωπία,
1145 2754 1237 2836 διττή

216 2852 396 2936 κατάβασις
420 2848 501 2932 ὁμοῦ
525 2855 577 2917 καὶ
602 2851 853 2936 συγκατάβασις,
879 2850 969 2937 διττή
993 2851 1079 2934 πρὸς
1102 2845 1240 2933 άνθρῶ-

217 2971 302 3024 πους
325 2949 511 3031 ἐπίσκεψις,
536 2943 592 3013 ἀπ’
612 2944 752 3030 ούρανοῦ
775 2947 834 3014 ἐπὶ
858 2946 913 3033 τὴν
928 2950 996 3034 γῆν,
1021 2943 1089 3013 άπὸ
1104 2950 1166 3033 τής
1182 2951 1242 3033 γῆς

217 3039 373 3108 ὑποκάτω
402 3046 459 3129 τῆς
485 3048 543 3129 γῆς
573 3041 590 3109 ό
620 3045 702 3124 θεὸς
730 3051 957 3130 παραγίνεται.
998 3040 1241 3111 πύλαιἍιδου

217 3135 414 3224 ἀνοίγονται.
454 3142 485 3206 οῖ
509 3136 565 3207 ἀπ’
591 3144 712 3221 αίῶνος
733 3149 961 3227 κεκοιμημένοι
984 3137 1183 3227 ἀγάλλεσθε,
1208 3140 1241 3207 οἱ

176 3237 250 3307 κείν
274 3236 382 3303 σκότει
404 3240 458 3303 καὶ
487 3243 563 3325 σκιᾷ
592 3240 742 3305 θανάτου
771 3240 955 3324 καθήμενοι
987 3238 1025 3303 τό
1052 3245 1137 3323 μέγα
1167 3241 1241 3324 φῶς

215 3330 437 3412 ὑποδέξασθε.
476 3335 648 3418 μετὰτῶν
672 3337 797 3403 δούλων
821 3332 838 3401 ό
863 3336 1035 3422 δεσπότης,
1064 3334 1239 3417 μετὰτῶν

215 3433 336 3515 νεκρῶν
365 3426 382 3495 ό
406 3431 501 3510 θεὸς,
535 3433 619 3516 μετὰ
647 3437 713 3498 τῶν
742 3437 875 3519 θνητῶν
898 3429 916 3518 ή
941 3434 1021 3518 ζωή,
1055 3432 1142 3513 μετὰ
1172 3434 1239 3497 τῶν

215 3523 414 3596 ὑπευθύνων
438 3525 455 3594 ό
479 3525 675 3608 ἀνεύθυνος,
704 3530 789 3614 μετά
815 3533 881 3595 τῶν
905 3530 938 3595 ίν
961 3530 1072 3596 σκότει
1100 3529 1142 3594 τὸ
1165 3522 1264 3598 MD

215 3649 339 3710 σπερον
369 3630 456 3713 φῶς,
488 3627 572 3709 μετὰ
604 3630 669 3693 τῶν
703 3626 918 3708 αἰχμαλώτων
952 3623 971 3691 ό
1001 3625 1239 3711 ἐλευθερωτής,

174 3724 298 3805 ευμετὰ
320 3727 384 3789 κῶν
407 3724 585 3791 κατωτάτω
609 3721 626 3789 ὁ
650 3722 804 3808 όπεράνω
819 3728 885 3790 τῶν
902 3719 1058 3809 οὐρανῶν.
1089 3721 1241 3807 Χριστός

216 3819 272 3885 ἐπὶ
296 3822 369 3905 γῆς,
399 3821 681 3905 πεπιστεύκαμεν·
720 3821 869 3905 Χριστὸς
892 3820 925 3886 ἐν
947 3830 1088 3905 νεκροῖς,
1119 3841 1242 3903 συγκα-

214 3918 388 3999 τέλθωμεν
410 3921 463 3983 καὶ
488 3917 663 3999 θεάσωμεν
685 3920 739 3984 καῖ
755 3918 797 3984 τά
813 3918 879 3986 ἐκεῖ
898 3917 1072 4005 μυστήρια.
1110 3919 1242 4000 γνῶμεν

215 4016 299 4080 θεοῦ
327 4016 473 4097 κρυπτοῦ
502 4014 631 4100 κρυπτά
666 4010 733 4081 ὑπὸ
761 4018 821 4102 γῆν
849 4013 1022 4102 μυστήρια.
1072 4012 1243 4097 μάθωμεν
