2586 4822
327 833 366 883 ll!
383 833 533 885 dunstatus
554 834 589 883 ΕΤ
608 834 804 885 honestatatis
1024 823 1075 881 -43

56 990 152 1051 detur,
182 983 289 1062 qno‘io
312 991 463 1063 Aegyptum
486 989 627 1063 proiectus
649 1001 704 1053 est,
737 991 776 1047 rel
797 991 833 1046 ab
855 1008 903 1054 eo,
933 1008 988 1064 quo
1010 1009 1076 1048 avos

57 1074 139 1148 ipsius
163 1073 240 1130 lesus
262 1074 361 1130 librum
384 1073 521 1139 ediderat,
546 1092 597 1130 non
622 1092 635 1129 a
659 1076 806 1132 Ptolemaei
831 1075 996 1150 Philadelphi
1018 1078 1078 1150 pri-

57 1159 176 1222 mordio,
207 1160 285 1215 euius
314 1159 479 1215 mentionem
508 1160 631 1232 prolecto
660 1160 783 1226 iecisset,
813 1162 835 1216 si
856 1179 872 1217 a
895 1162 982 1234 primo
1005 1161 1076 1218 illius

57 1262 125 1301 anno
156 1254 265 1318 tempus
292 1256 389 1318 putare
418 1245 505 1300 vellet.
551 1245 694 1301 Postremo
717 1245 860 1320 singularis
884 1255 926 1301 est
947 1246 1076 1318 loquendi

55 1331 133 1395 ratio,
156 1346 240 1404 quarn
262 1329 405 1402 aliquoties
428 1329 593 1403 Epiphanius
616 1341 738 1404 usurpat,
760 1326 849 1406 μέχρι
862 1323 1075 1406 Κλεοπάτρας,

57 1408 110 1482 ἓως
125 1406 307 1491 Ἀδριανοῦ,
330 1432 380 1488 pro
403 1415 532 1488 eoquod
556 1426 614 1479 est,
639 1417 780 1488 usquead
803 1416 883 1472 linem
908 1414 1075 1489 Cleopatrae,

54 1499 93 1557 et
114 1499 238 1556 Adriani.

145 1587 204 1643 169
220 1583 248 1639 b.
271 1573 306 1650 iit,-
327 1574 452 1639 ἱππικὸν
464 1580 497 1639 ἓν
506 1576 730 1664 Ἀλεξανδρείᾳ]
759 1584 795 1640 lle
812 1585 864 1641 hoc
880 1585 1075 1658 hippodromo,

55 1689 83 1727 ao
106 1687 200 1744 agone
222 1669 352 1742 equestri.
376 1669 418 1724 cui
435 1667 508 1724 Laio
531 1686 629 1725 nomon
651 1670 764 1725 inditum
788 1671 832 1733 sit,
856 1671 921 1726 nibil
945 1672 1076 1728 hactenus

56 1757 184 1813 ooeurtit·
221 1753 387 1810 Crediderim
409 1754 542 1825 Lepidm,
565 1746 691 1829 Λάγιον
712 1754 745 1809 ab
769 1755 827 1810 eius
850 1756 1005 1820 eonditore,
1037 1757 1077 1813 vel

56 1842 172 1899 authore
195 1839 288 1913 potius
310 1839 419 1912 generis
435 1839 507 1912 Lago
530 1856 591 1894 esse
613 1839 724 1895 dietum.
756 1840 809 1896 Sed
832 1841 928 1896 mirum
947 1842 1076 1914 estquod

54 1925 223 2001 Epiphanius
245 1923 354 1988 scribit,
383 1939 399 1979 a
421 1924 495 1996 Lago
516 1924 654 1980 eonditum
677 1942 738 1980 esse
760 1925 933 1981 Alexandriae
955 1918 1078 1983 ἱππικὸν

55 2012 117 2069 illud
148 2020 177 2067 et
201 2009 294 2064 Laium
316 2009 496 2082 appellatum,
519 2018 566 2065 aut
589 2009 709 2082 hagiam
754 2009 848 2082 Neque
870 2012 940 2065 enim
963 2011 1019 2066 seio
1042 2029 1076 2068 an

54 2095 243 2154 Alexandnnn
265 2095 353 2167 Lagus
382 2095 433 2150 iste
461 2093 572 2159 viderit,
602 2110 673 2168 quae
707 2096 814 2150 condita
842 2106 884 2151 est
912 2095 1076 2168 Olympiadis

58 2184 112 2242 tta
136 2198 212 2238 anuo
237 2181 265 2243 2,
288 2187 319 2234 ut
340 2180 439 2234 author
461 2187 504 2235 est
525 2178 668 2235 Diodorus
699 2179 764 2235 Eius
785 2196 868 2253 porro
891 2179 961 2236 lilius
984 2182 1075 2237 statim

54 2277 112 2341 post
135 2266 246 2323 obitum
260 2263 401 2320 Alexandri
424 2266 451 2320 in
473 2264 670 2337 provinciarum
686 2264 875 2320 distributione
890 2265 1076 2322 Alexandriam

53 2363 76 2408 et
97 2357 259 2425 Aegyptum
287 2348 416 2405 obtinuit,
460 2349 548 2418 Quare
576 2359 623 2405 aut
646 2352 794 2423 superstite
816 2349 903 2405 adhue
926 2351 1075 2406 Alexandro

52 2446 197 2512 superstes
220 2443 249 2492 et
269 2434 328 2507 ipse
346 2435 436 2508 Lagus
450 2435 635 2490 Alexandriam
659 2435 790 2490 eiusmodi
813 2434 902 2508 aliquo
924 2452 1008 2508 opere
1024 2452 1076 2491 oo-

56 2522 176 2586 hilitam't,
202 2528 249 2576 aut
271 2520 330 2574 eius
352 2519 424 2575 lilius
438 2518 597 2593 Lepidorum
616 2520 813 2575 monimentum
829 2520 854 2575 in
872 2520 991 2575 eiusdem
1007 2537 1077 2593 opo-

55 2608 87 2663 n's
109 2606 297 2681 appellatione
318 2605 468 2669 eonstituit,
492 2621 562 2676 quoe
584 2605 720 2677 posterior
740 2605 895 2660 coniectura
911 2604 1077 2677 probabilior

56 2701 102 2749 est.
135 2693 177 2747 lle
192 2692 265 2762 tago
288 2697 316 2744 et
331 2688 486 2745 Ptolemaeo
510 2690 568 2743 eius
591 2688 646 2744 lilio
669 2689 842 2745 memorabile
861 2689 985 2762 quiddam
1002 2690 1076 2762 leges

57 2778 122 2850 apud
143 2776 267 2833 Suidam.

105 3129 158 3191 ut:
182 3126 424 3190 lththOllllll
447 3126 718 3190 IMPERATORUM
741 3126 1021 3190 ennuntiatione.
1054 3121 1127 3243 ⁸³⁸⁴

142 3286 203 3342 toa
219 3283 247 3340 b.
271 3272 336 3340 else
356 3281 495 3356 βασιλεῖς
512 3275 684 3355 Ῥωμαίων]
717 3283 899 3339 Rornanorum
925 3282 1078 3358 lmperato·
1094 3306 1120 3325 -’

63 3387 114 3426 rum
135 3371 185 3443 qui
210 3371 335 3442 sequitur
357 3369 492 3425 indiculus
515 3369 601 3424 altero
624 3368 669 3423 illo
692 3368 850 3440 castigatior
871 3376 921 3429 est.
945 3385 1026 3442 quem
1048 3368 1076 3424 iu

61 3454 191 3512 incanto
215 3471 240 3510 c.
257 3457 297 3511 dl)
319 3454 473 3527 proposuit,
497 3471 586 3526 neque
609 3464 698 3509 tamen
721 3452 821 3525 ubique
843 3453 910 3508 satis
934 3462 1077 3510 atreuratus

61 3550 105 3596 est.
134 3540 229 3610 Quare
251 3555 362 3612 operam
385 3538 507 3595 paraturi
529 3539 663 3602 videmur,
687 3538 710 3593 si
731 3537 759 3592 ia
781 3537 904 3611 singulos
927 3539 1078 3611 lmperato-

59 3640 112 3682 mn
135 3624 313 3697 aunos‚⁰qui
335 3623 443 3697 quidem
465 3623 633 3696 quaestionis
654 3622 754 3695 aliquid
775 3621 892 3686 babeat,
922 3623 1077 3697 diligentius

58 3710 236 3788 inquimus.
266 3709 294 3764 ld
316 3709 387 3765 enim
410 3725 470 3764 eum
493 3709 525 3763 ad
544 3708 720 3782 Epiphaniam
737 3707 941 3772 illustrandum,
965 3719 1021 3765 tum
1045 3708 1077 3762 ad

58 3794 202 3853 humanam
238 3795 379 3850 historiam
410 3793 595 3851 stabiliendam
627 3794 809 3849 rreoessarium
838 3792 958 3858 videtur,
993 3807 1076 3865 quum

57 3883 216 3954 mertia
239 3879 269 3935 iu
289 3879 343 3935 illis
365 3879 564 3952 quamplurima
583 3879 648 3941 sint,
671 3895 740 3950 quae
762 3878 891 3934 maiorem
914 3897 927 3933 a
952 3878 1077 3933 Cbroao-
1176 3880 1178 3883 ’

56 3965 119 4042 lagia
142 3967 225 4024 iidem
249 3964 426 4037 studiumque
448 3974 613 4020 mereantur.

134 4044 328 4128 Αὔγουστος
350 4043 402 4123 i'rq
426 4044 480 4120 vd]
512 4049 549 4104 lle
575 4049 653 4105 annis
668 4048 767 4121 quibus
782 4048 921 4122 imperavit
937 4050 1076 4118 Augustos

57 4139 241 4213 copiosissime
258 4135 361 4193 dietum
379 4134 467 4190 estad
484 4132 621 4191 llaor.5l.
648 4132 696 4189 llic
719 4133 912 4207 quinquaginta
936 4149 982 4189 sea
1004 4131 1078 4191 dune
