2586 4822
451 852 741 905 murmvenstoues.
1059 840 1097 903 ιι
1210 886 1213 891 -

93 1008 142 1064 tus
168 1007 269 1081 ipsias.
313 1006 365 1077 Qui
393 1008 573 1082 posteriorem
596 1017 698 1065 sectam
721 1016 830 1076 tenent,
860 1008 995 1068 ldeherom
1017 1012 1110 1070 meunt

93 1090 184 1149 matu
198 1091 363 1165 Prophetieo
386 1093 572 1166 praesensisse
587 1094 744 1151 diuisionem
758 1094 840 1159 iliam,
864 1112 945 1170 quam
959 1105 1024 1170 post
1038 1096 1112 1152 Pha-

93 1176 257 1253 legionum
280 1176 429 1250 quamlibet
450 1178 540 1252 longo,
564 1179 674 1253 impune
696 1187 770 1235 certe
793 1188 972 1236 summovent.
1004 1180 1110 1238 Tertius

93 1262 248 1337 tPhalego
271 1262 374 1319 Seruch
398 1272 455 1331 est;
485 1265 531 1339 qui
555 1280 626 1320 anuo
649 1257 721 1337 ap'ud
743 1264 852 1321 Latinos
874 1267 971 1322 aetatis
995 1268 1034 1324 30
1057 1265 1112 1321 No-

93 1348 204 1407 ehorem
232 1348 341 1422 genuit,
372 1366 433 1404 eum
456 1349 557 1422 Phaleg
580 1350 620 1407 32
653 1358 755 1422 ageret.
801 1349 891 1427 Quare
912 1349 964 1406 suh
986 1350 1111 1408 Serueho

93 1434 175 1491 turris
202 1432 336 1489 aedificari
365 1434 463 1507 potuit.
507 1434 606 1490 Verum
635 1434 688 1490 hoe
710 1434 776 1490 Lxx
799 1434 943 1491 Seniorum
972 1435 1112 1493 ratiocinia

93 1532 144 1577 ton
167 1518 268 1574 ierunt.
308 1518 374 1574 Nam
396 1518 429 1574 ah
452 1526 516 1574 ortu
530 1519 633 1593 Phaleg
653 1518 686 1574 ad
701 1519 854 1575 Seruehum
876 1522 940 1576 anni
960 1530 1026 1578 sunt
1039 1521 1110 1594 apud

93 1602 209 1661 Sneeos
233 1604 304 1661 262.
348 1603 417 1658 Vixit
445 1611 536 1660 autem
565 1604 667 1678 Phnteg
695 1620 781 1659 annos
809 1620 863 1659 non
894 1606 1009 1679 emplius
1039 1608 1109 1665 239.

93 1686 147 1785 Μ
178 1696 270 1762 potest
291 1689 374 1761 igitur
396 1688 447 1743 sub
471 1689 594 1746 Semeho
619 1689 732 1745 excitata
755 1705 817 1744 osse
841 1690 934 1755 turris,
957 1691 981 1746 si
1002 1692 1110 1765 quidem
1124 1698 1150 1747 ιι

93 1772 260 1831 moadhue
282 1774 410 1848 Phaiego
437 1782 464 1829 et
484 1776 516 1830 in
537 1776 636 1830 diebus
658 1775 720 1830 eius
741 1774 834 1829 divim
855 1776 892 1830 sit
915 1782 1002 1831 terro.
1046 1775 1109 1831 ldeo

93 1854 255 1957 ιλιιτιικῶς
273 1857 440 1933 Epiphanius
463 1858 544 1925 dixit,
575 1877 645 1935 αχρι
666 1859 722 1915 τοῦ
743 1852 879 1938 πύργου,
902 1855 1031 1915 καὶτοῦ
1052 1854 1112 1915 Σε-

93 1934 184 2021 μιύχ,
207 1944 269 2018 quia
292 1944 441 2001 seeundum
463 1945 547 2002 turris
564 1944 778 2002 aedificationem
801 1944 916 2001 Seruchi
941 1943 1111 2018 temporibus

93 2028 244 2085 hdolohtria
265 2038 385 2101 grassata
409 2038 460 2086 est.

174 2113 416 2170 Αιιιιιιιιιιιειιριιιιι
446 2123 473 2170 et
503 2113 557 2169 hoe
584 2113 661 2179 ioco,
690 2122 719 2170 et
740 2113 804 2171 alibi
826 2113 940 2188 sparsim
963 2113 1111 2170 constituta

93 2197 161 2273 pud
184 2197 362 2271 Epiphanium
395 2198 533 2273 religionis
557 2214 587 2255 ae
609 2208 744 2254 sectamur
768 2199 934 2273 progressio.
975 2198 1110 2271 Principio

93 2282 160 2341 niun
176 2281 374 2339 Barbarismum
397 2283 431 2339 ab
453 2283 528 2340 orbis
551 2284 627 2340 initio
651 2283 683 2339 ad
699 2283 831 2339 diluvium
854 2283 1008 2341 decurrisse
1023 2291 1109 2357 putat.

93 2366 152 2425 brie
176 2366 323 2424 adortum
346 2367 460 2424 Seruehi
482 2368 674 2442 Septhismum.
705 2368 873 2424 hSerueho
895 2368 1023 2441 deinceps
1046 2367 1112 2425 ttet-

93 2450 220 2509 iteismus
241 2451 370 2509 obtinuit.
400 2453 468 2509 Tum
490 2453 728 2510 hbraamineorum
750 2451 783 2508 ab
799 2452 931 2507 Ahraamo
947 2460 1030 2508 secta.
1057 2452 1112 2508 Ex-

95 2536 151 2594 hde
173 2536 325 2593 Iudaismus
348 2536 380 2593 ah
403 2555 474 2594 anno
490 2537 662 2594 Petriorchae
686 2540 736 2595 99.
768 2537 842 2606 Quae
864 2537 974 2610 partitio
997 2536 1110 2593 maxime

99 2618 332 2695 theythismum
360 2623 493 2679 hutonem
522 2639 564 2678 me
592 2640 648 2679 non
676 2622 769 2678 hehet.
813 2621 907 2694 h'eque
936 2621 1007 2676 enim
1030 2620 1110 2676 fando

99 2718 209 2782 mquam
232 2715 275 2764 est
300 2708 421 2763 auditum
444 2707 538 2763 Nodmi
558 2717 685 2781 posteros
701 2717 763 2764 aute
781 2707 876 2763 turrim
892 2705 1026 2763 conditam
1043 2706 1112 2779 Sey-

102 2788 152 2847 thas
174 2791 334 2866 appellatos,
358 2793 484 2867 autlaliis
508 2792 633 2867 denique,
657 2808 738 2867 quam
762 2791 888 2864 Scythiae
910 2790 1022 2855 incolis,
1048 2799 1111 2863 post

104 2876 231 2932 Uionum
244 2878 340 2950 utique
355 2878 476 2941 divortia,
490 2878 650 2950 Scytharum
664 2875 827 2933 voeabuium
843 2875 1014 2932 attributum.
1036 2875 1111 2931 Hunc

105 2954 239 3035 tpiphanio
262 2962 436 3035 partitionem
458 2961 562 3036 peperit
585 2972 681 3036 arguta
704 2961 749 3017 illa
764 2960 838 3017 Pauli
854 2960 1053 3034 interpretem,
1078 2959 1111 3016 ad

107 3038 206 3110 ltmql
229 3047 277 3103 uhi
291 3046 479 3111 harbarorum,
503 3046 673 3120 Scytharum,
698 3046 871 3111 Graecorum,
895 3045 1111 3117 ludaeorumque

108 3122 131 3183 u
146 3132 255 3189 mentio.
293 3132 346 3189 Sed
368 3148 448 3205 quam
471 3132 574 3188 alienus
597 3131 630 3187 ah
653 3131 796 3206 Epiphanii
819 3139 909 3187 mente
931 3130 967 3186 sit
988 3128 1111 3204 Apostoli

108 3206 169 3271 leem
188 3216 243 3282 ille,
267 3234 312 3272 res
334 3218 392 3291 ipsa
413 3217 543 3289 loquitur.

175 3301 235 3361 ec.
265 3294 424 3377 Ζεμβρὰν,
447 3300 495 3358 καὶ
517 3292 622 3375 Ἰίζαν]
646 3300 778 3357 Hebraice
794 3299 886 3356 iecsan
901 3300 967 3355 Lxx
986 3288 1111 3355 Ἰεκτάν.

104 3376 329 3525 zt'Eptptod'ipe
356 3395 483 3460 corrupte
508 3387 580 3460 apud
601 3384 781 3460 Epiphaniam
801 3400 851 3458 pro
873 3373 1003 3441 Μαδάν.
1046 3383 1112 3439 Lxx

177 3555 239 3615 ed.
280 3539 367 3625 ἐξ
341 3574 385 3613 ων
413 3547 445 3611 αἱ
473 3549 583 3633 φυλαὶ]
628 3554 666 3610 ite
703 3530 914 3612 Sarrae-enorum
943 3550 1057 3629 φυλαῖς
1084 3561 1112 3608 et

99 3634 263 3719 φυλάρχοις
284 3642 412 3744 [nequiens
435 3641 507 3715 apud
528 3640 691 3715 Procopium
718 3639 840 3714 aliosque
861 3637 973 3694 mentio.

180 3730 258 3783 tha.
288 3710 379 3795 ἐξ
341 3743 437 3803 ιιυιιερ
458 3719 609 3800 πέμπτος]
632 3725 671 3781 De
693 3725 751 3780 iohi
773 3725 858 3798 stirpe
880 3732 908 3779 et
930 3722 1034 3797 origine
1056 3738 1111 3778 non

94 3810 186 3869 niem
212 3810 263 3867 hit
275 3812 456 3907 antiquonum
479 3811 581 3884 opinio.
611 3810 666 3867 Sed
686 3826 768 3883 ᾳιιιιιι
789 3808 955 3882 Epiphanius
977 3806 1110 3880 sequitur,

93 3912 121 3955 ιι
142 3896 306 3961 eommunis,
330 3897 498 3970 maximeque
519 3894 667 3969 probabilis
690 3902 761 3950 est:
771 3893 818 3951 lob
842 3892 957 3949 eundem
973 3906 1112 3948 esserum

93 3978 183 4047 ΙοΙιιΙι,
208 3980 243 4038 de
265 3996 320 4055 quo
343 3982 440 4037 Genes.
465 3982 515 4046 36,
533 3983 583 4038 33.
617 3979 725 4050 Quod
718 3997 745 4036 m
768 3978 891 4035 diditione
913 3977 979 4034 txx
1000 3976 1033 4033 ad
1055 3975 1113 4031 eat·

93 4082 148 4125 ru
171 4065 248 4123 Libri
270 4065 317 4123 tob
339 4066 498 4124 adnotatum
520 4073 571 4130 est,
595 4054 674 4122 ὥστε
698 4053 828 4121 εἶναι’
789 4055 884 4120 αυτὸν
897 4055 1036 4135 πέμπτον
1050 4050 1111 4115 ἀπὸ

93 4146 248 4229 &pedm
271 4150 380 4209 excluso
403 4150 506 4208 seilicet
527 4148 676 4218 Abraam03
707 4159 737 4207 ut
758 4148 924 4223 Epiphanius
946 4147 1113 4219 interpreta-
