2586 4822
105 736 168 801 rao
561 751 676 803 rursm

98 925 188 966 annos
211 915 308 983 putent
331 908 408 973 628,
432 907 485 964 hoe
507 914 550 964 est
571 923 585 962 a
608 905 712 964 Diluvio
734 906 770 963 ad
791 905 921 965 Ahmari

101 994 254 1069 comperire
282 1010 337 1049 non
365 992 450 1066 potui.
495 992 588 1064 Neque
617 992 689 1049 enim
717 990 853 1049 liebraiea
880 1002 930 1049 aut

101 1089 150 1136 aut
171 1087 310 1153 postremo
333 1077 398 1133 Lxx
419 1078 563 1134 Seniorurn
586 1076 719 1133 editiones
742 1078 780 1133 ita
802 1094 930 1135 numerat

103 1181 200 1221 vereor
221 1173 252 1220 ut
273 1164 394 1235 integrae
416 1163 471 1219 sint
492 1161 645 1218 numerales
667 1162 811 1235 Epiphanii
834 1172 927 1220 notae.

101 1248 285 1306 Samaritanus
314 1256 341 1303 et
364 1247 493 1303 nonnulla
515 1247 580 1302 Lxx
602 1247 786 1320 iuterpretum
810 1248 930 1322 exempla

101 1334 206 1391 biiuno
233 1332 267 1388 ad
293 1340 383 1388 ortum
405 1331 530 1387 dbraanri
557 1349 643 1388 annos
666 1342 812 1388 numerant
835 1335 914 1399 942,

100 1418 171 1476 fiunt
192 1416 226 1473 ab
248 1425 311 1472 ortu
334 1416 397 1472 Sem
420 1416 452 1472 ad
476 1420 515 1476 80
538 1416 662 1473 dbraarni
683 1418 747 1473 anni
775 1419 865 1475 1122.

188 1504 249 1560 476
266 1501 292 1557 b.
321 1496 532 1577 peuoyoir'dror]
564 1502 696 1559 Nicander
714 1502 797 1558 Ther.
821 1496 930 1577 cvphp

101 1581 177 1663 δ’νὴν
204 1605 235 1643 τε
262 1584 388 1664 βροτοῖς
415 1582 462 1642 hd
490 1582 591 1663 λοιγὸν
619 1579 753 1661 ἄγουσαν
781 1582 930 1662 propade'rp

99 1667 143 1729 tri
164 1665 364 1747 θνήσκουσαν
385 1664 527 1745 ἁμάξαις.
570 1672 678 1728 Scholia
710 1672 810 1728 docent
833 1674 860 1728 in
883 1681 930 1729 rot

100 1758 302 1832 deprehensum
325 1774 429 1813 murem
451 1775 594 1820 araneum,
624 1757 696 1830 quod
719 1773 817 1813 caecus
841 1758 892 1821 sit,
922 1757 930 1813 i

100 1846 135 1901 dt
149 1843 251 1901 Plinius
268 1845 296 1907 9,
315 1844 363 1901 58.
393 1843 482 1898 Iidem
504 1843 668 1914 ubieunque
689 1843 755 1906 sint,
779 1844 902 1898 orbitarn
921 1858 930 1897 a

100 1931 280 1985 moriuntur:
305 1928 383 2002 quasi
406 1946 459 1985 uon
482 1928 584 1984 obtritu
608 1938 743 1993 rotarum,
773 1928 822 1984 sed
845 1929 869 1982 ri
892 1943 930 2002 qu

102 2015 168 2088 ipsis
191 1994 485 2070 indita'cendciantnn

187 2093 229 2163 εἷς
250 2090 386 2168 λώβησιν
407 2092 559 2171 κελεφιάς]
591 2097 638 2153 bin
662 2097 726 2170 quiid
743 2106 816 2153 esset
832 2088 930 2175 nebrod,

101 2182 292 2255 ignoravimus,
317 2182 424 2237 tametsi
446 2182 617 2238 doctissimos
640 2182 787 2256 pleresque
811 2183 930 2247 virosae

101 2266 222 2323 medicos
251 2266 285 2322 de
314 2281 344 2321 ea
373 2283 438 2322 roeo
466 2268 708 2323 consuluissemus.
754 2268 844 2334 Quare
874 2268 924 2323 Gra

101 2368 202 2407 nomen
229 2351 257 2407 in
279 2351 372 2406 harim
394 2352 616 2425 interpretatione
640 2353 844 2424 exprimentium
867 2360 920 2426 puta

101 2437 251 2510 marginem
272 2436 477 2493 haesitationem
501 2448 620 2492 nostram
644 2438 760 2509 ingenue
784 2437 900 2509 professi

101 2539 207 2587 omncs,
230 2539 300 2595 quos
317 2520 436 2586 adhibui,
460 2522 602 2577 constabat
617 2522 790 2595 depravatum
808 2524 860 2578 irene
876 2539 909 2578 es

102 2607 207 2677 Quibus
229 2624 263 2662 ne
286 2606 432 2662 assentirer
454 2607 579 2663 obstabat
601 2608 674 2679 ‹prrod
696 2607 754 2661 aliis
778 2607 803 2661 in
827 2607 894 2663 locia

102 2693 198 2750 riatate
227 2708 277 2747 vox
305 2691 399 2747 eadem
421 2694 536 2764 repetita
559 2692 705 2764 legeretur.
751 2692 830 2748 tetur
852 2690 898 2747 ilar

103 2779 159 2843 28,
182 2775 228 2834 ubi
252 2776 468 2832 Manichaeorum
493 2778 544 2832 herc
568 2796 627 2832 esse
651 2777 789 2833 decretum
812 2775 893 2832 asseri

100 2864 202 2919 minem
231 2862 361 2918 occiderit
383 2856 426 2927 εἷς
453 2859 580 2939 crispos>
602 2864 707 2933 σῶμα,
739 2856 755 2935 h
780 2857 822 2928 εἰς
841 2861 887 2934 μᾶ·

102 2949 231 3004 transiret
251 2955 314 3020 post
338 2945 451 3003 obitum.
482 2946 600 3002 Tarrdem
624 2965 686 3002 cero
709 2947 848 3002 athaeeis
870 2945 882 3003 it

102 3033 161 3103 gari
183 3033 347 3088 Graecorum
370 3031 505 3088 idiotismo
528 3026 655 3108 aeirerpdr
676 3032 804 3105 appellari
828 3024 877 3088 τὸν

103 3111 213 3193 iamiar
232 3116 344 3189 lepram.
375 3117 432 3184 Qua
455 3117 481 3172 in
503 3117 698 3189 significatione
721 3117 792 3171 vocis
808 3131 871 3190 aequ

101 3209 169 3257 tror.
199 3200 292 3274 Neque
315 3201 386 3256 enirn
408 3201 480 3274 apud
501 3202 661 3273 scriptorem
684 3202 768 3256 ulium
791 3199 867 3257 coxi

100 3300 153 3343 nee
174 3284 279 3358 uspiam
302 3295 419 3358 reperta.
451 3288 592 3341 Caeterum
616 3290 660 3360 «pn
685 3304 699 3340 u
723 3303 800 3341 nmre
821 3302 860 3341 ara

99 3370 169 3426 haec
197 3369 268 3442 ipsa,
297 3387 366 3442 quae
396 3381 540 3425 narrantur
562 3371 595 3437 ab
618 3372 783 3443 Epiphanio,
814 3387 855 3442 exp

102 3464 144 3513 est
165 3454 259 3511 aetius
286 3457 390 3520 tata.
422 3455 477 3523 por
499 3457 585 3526 ipitnr
607 3458 642 3510 nb
667 3473 698 3511 eo
720 3457 807 3510 morsi
826 3470 849 3509 rr

99 3557 172 3598 nero
192 3540 344 3612 mnufesto
365 3543 444 3615 fiunti
477 3542 642 3614 Quadripdo
665 3543 737 3596 enirn
759 3541 843 3596 ordin

101 3627 219 3681 dentur.
262 3625 299 3681 Er
320 3627 437 3697 annpur'a
460 3628 568 3696 quidem
588 3627 707 3697 primurn
729 3641 818 3698 purus

98 3718 165 3785 poet
184 3727 253 3767 varo
272 3712 414 3767 remotus.
443 3710 556 3765 drairnnl
579 3712 650 3764 enirn
672 3713 762 3782 t'psorn
781 3716 833 3782 put

52 3794 314 3857 wcommeramt
335 3797 408 3851 enim
431 3797 526 3851 buddae
548 3813 713 3866 excerpere,
742 3810 812 3866 punt

103 3898 217 3938 onmem
237 3882 426 3937 subiacentem
446 3880 634 3952 faeculentam
657 3882 760 3934 ridebit
780 3894 822 3951 per

103 3975 170 4025 wan.
199 3966 313 4037 dadano
334 3974 427 4022 nutem
448 3966 575 4036 seqnitur
597 3967 746 4019 demorsos.

102 4108 108 4123 ,
187 4044 225 4111 τὸ
245 4045 399 4127 δικαίωμα
418 4042 559 4126 ὑπάρχει]
591 4048 750 4105 llehraicum
773 4055 811 4103 est
