2586 4822
418 832 709 885 inistoieusrones.
1008 818 1069 883 139

87 989 128 1055 td,
149 1004 205 1063 qun
225 1003 299 1045 anno
320 987 411 1061 coepit
431 989 488 1044 τοῦ
504 990 724 1064 χρηματισμοῦ
737 990 960 1047 Antiochensium
981 1004 1069 1047 annus

87 1074 128 1133 ib·
171 1072 217 1129 Sic
244 1072 315 1129 enim
335 1073 526 1129 Antiochensis
547 1090 626 1130 aerae
648 1075 752 1147 primus
773 1091 860 1132 annus
882 1074 1069 1148 binnysiensm

87 1174 145 1217 ram
167 1159 207 1215 48
230 1157 322 1214 solidis
344 1158 422 1213 annis
444 1159 599 1215 antecessit.
629 1158 745 1216 Necesse
767 1169 809 1215 est
824 1160 907 1233 igitur
921 1177 983 1217 cuin
998 1176 1069 1216 anno

87 1242 137 1303 obi
160 1244 178 1301 2
201 1252 230 1298 et
250 1242 413 1316 dionysiano
433 1245 492 1301 tit
516 1245 642 1317 componi
664 1245 885 1307 Antiochensium
906 1261 986 1301 aerae
1009 1247 1068 1303 att

87 1332 191 1387 sentem
213 1337 241 1383 et
261 1328 400 1384 ineuntem
418 1330 488 1392 325.
512 1328 592 1401 Cyclo
615 1329 680 1386 solis
697 1330 737 1395 vt,
760 1329 840 1385 lunae
855 1330 909 1386 1111.
939 1329 978 1385 be
993 1329 1069 1385 initio

87 1412 136 1471 ubi
158 1413 263 1470 dicetur
284 1412 318 1468 ad
339 1411 386 1470 lib.
410 1414 443 1470 de
457 1413 542 1470 biens.
565 1422 593 1470 et
608 1413 786 1471 Ponderibus.
815 1415 893 1479 Anni.
915 1423 947 1471 ut
968 1414 1070 1470 dictum

87 1508 106 1565 1,
128 1499 212 1555 forma
225 1497 323 1554 iubana
346 1499 405 1564 init,
428 1499 560 1554 mensium
583 1499 676 1555 eadem
698 1516 768 1572 quae
783 1499 855 1572 apud
869 1501 1005 1555 Romanos
1020 1498 1071 1555 de-

87 1584 175 1657 mptio,
199 1601 278 1656 quam
300 1583 327 1638 in
349 1583 475 1656 sequenti
497 1584 639 1640 Latercnlo
660 1585 863 1658 proponendam
886 1585 1048 1658 putavimus.

223 1786 394 1843 Latcrculnm
417 1786 550 1843 mensium
572 1785 820 1853 Antiochenomm,
844 1787 900 1844 sive

449 1882 675 1967 Συροελλήνων.

222 2067 403 2141 Λύδυναῖος
608 2075 747 2133 ianuarius

222 2154 368 2235 Περίτιος
444 2217 447 2221 ,
609 2158 772 2216 Februarius

223 2237 368 2320 Δύστρος
608 2243 718 2300 blartius
774 2290 777 2295 .

224 2319 384 2395 Ξανθικός
609 2329 708 2401 Aprilis

124 2461 127 2467 .
218 2406 408 2490 >deceptiores
609 2413 693 2469 blains

222 2493 353 2565 Δαίσιος
608 2497 701 2553 iunius

222 2576 369 2656 Πάνεμος
608 2581 691 2638 lulius

221 2666 320 2748 Λῴος
607 2669 747 2741 Augustus

224 2751 253 2810 Γ
252 2756 390 2831 ορπιαῖος
609 2751 771 2826 September

218 2832 472 2915 Ὑπερβερεταΐος
609 2836 729 2893 October

221 2920 300 2990 Δῖος
608 2921 761 2979 November

216 3002 394 3074 Ἀπελλαῖος
609 3005 759 3064 December

137 3196 213 3266 Quae
235 3196 368 3251 mensium
390 3193 534 3250 concordia
558 3208 589 3247 ex
608 3191 735 3256 Socrate,
758 3193 884 3266 Enagrio‚
908 3194 1000 3260 Suidt,
1023 3205 1122 3256 ire-tat

87 3298 142 3341 mm
172 3281 352 3337 Conciliorum
381 3276 602 3351 inscriptionibus
631 3287 658 3333 et
684 3277 795 3333 infinitis
822 3278 880 3335 aliis
908 3279 1071 3339 testimoniis

87 3384 133 3425 em
155 3377 286 3422 meretur.
330 3363 397 3420 illud
421 3380 483 3419 vero
505 3371 626 3426 constat,
650 3361 828 3435 Epiphanium
851 3381 941 3421 meros
962 3382 1071 3423 menses

87 3452 171 3509 bonos
193 3450 354 3522 intelligere.
384 3448 449 3503 Nam
465 3447 603 3520 dudynaei
624 3440 681 3521 τὴν
702 3440 790 3521 ἕκτην
810 3449 965 3522 (perperam
984 3443 1072 3507 terno

87 3535 186 3611 ripuim
209 3538 263 3601 est)
286 3550 347 3590 curn
371 3534 459 3589 dian.
483 3539 629 3605 comparat.
662 3531 765 3587 bursus
787 3533 858 3589 anim
881 3535 976 3591 vitiosa
991 3535 1072 3593 lectio

87 3630 96 3678 t
115 3614 238 3695 πέμπτη
251 3612 449 3693 Ἰανουαρίων,
473 3634 522 3689 pro
544 3610 624 3690 ἕκτη.
653 3616 772 3673 Tametsi
788 3617 931 3675 Cornarius
947 3620 1073 3692 quintani

87 3707 187 3763 marii
215 3703 340 3766 verterit,
370 3703 443 3775 quod
471 3700 608 3757 nonnullis
636 3701 781 3774 imposuit.
812 3702 858 3775 qui
885 3704 952 3760 haec
974 3703 1072 3778 bpipb.

87 3788 136 3847 rba
156 3783 216 3865 πρὸ
239 3781 319 3845 ὀκτώ
341 3782 431 3842 sid'oir
451 3786 490 3842 sic
512 3786 650 3859 accepisse
666 3785 798 3852 videntur:
821 3787 900 3862 quasi
915 3797 989 3845 esset
1002 3788 1072 3862 prid.

87 3874 110 3933 11
131 3874 223 3939 bidus.
247 3874 300 3930 hoe
322 3879 363 3928 est
378 3870 461 3927 Nonis
483 3870 549 3943 ipsis
571 3871 695 3927 ianuarii.
724 3871 779 3928 Sed
800 3865 859 3949 πρὸ
881 3863 962 3929 ὀκτὼ
984 3868 1075 3929 εἰδῶν

102 3959 205 4017 similes
228 3956 356 4031 loquendi
378 3954 509 4011 formulae
531 3955 631 4011 batinis
654 3955 718 4012 iisne
741 3956 908 4030 respondent
922 3961 953 4013 Α.
969 3957 1000 4013 11.
1017 3958 1072 4015 11111

87 4052 168 4101 .··etc.
191 4044 245 4101 boc
266 4053 308 4099 est
330 4042 389 4115 ipso
411 4041 455 4097 die
478 4039 633 4096 1111111111
654 4049 682 4097 ct
703 4040 765 4097 alibi
786 4041 953 4115 scripsimus.
984 4042 1074 4110 Quare

95 4128 192 4204 -prinri
215 4137 279 4185 nota
302 4126 363 4192 diei,
387 4126 440 4182 boc
458 4134 501 4182 cst
516 4124 571 4181 Vidi
586 4123 624 4181 ld.
640 4125 696 4181 lan.
712 4126 873 4200 corrigenda
887 4144 936 4184 vnn
951 4120 1072 4203 πέμπτη
