2586 4822
175 820 235 884 162
630 833 755 884 roncini

271 996 304 1048 dt
332 1008 409 1055 vcro,
441 990 511 1046 haud
541 991 576 1046 ita
606 999 648 1046 est
669 989 702 1045 de
725 987 843 1046 lliodoro
867 989 994 1062 episcopo
1018 988 1088 1061 Tyri.
1134 987 1208 1044 Nihil

186 1087 238 1143 cst,
261 1094 315 1151 equo
337 1075 484 1150 prohemus
507 1093 550 1132 an.
568 1075 666 1131 Christi
683 1075 743 1132 392
767 1091 828 1130 eum
851 1090 866 1130 c
888 1073 940 1129 vita
956 1074 1115 1131 excessisse.
1137 1077 1207 1130 dcta

187 1162 297 1220 Concilii
313 1160 483 1224 hutioclreni,
506 1159 579 1233 quod
601 1158 767 1217 celebratum
790 1167 832 1214 est
847 1175 891 1214 an.
908 1161 979 1223 379,
1003 1175 1054 1215 nec
1068 1175 1123 1214 non
1139 1161 1208 1214 heta

187 1247 297 1304 Concilii
313 1246 616 1318 Constantinopolitani,
644 1246 717 1318 quod
739 1243 906 1300 celebratum
929 1253 971 1299 est
994 1262 1037 1300 an.
1055 1245 1133 1308 381,
1157 1260 1209 1300 re-

186 1341 299 1390 censent
321 1332 429 1404 quidem
452 1332 523 1386 inter
545 1330 638 1386 Patres
661 1331 818 1403 episcopum
842 1329 903 1402 Tyri
926 1329 1035 1385 nomine
1057 1329 1208 1392 Zenonem,

187 1419 234 1475 sed
257 1416 354 1472 iamdiu
378 1416 500 1472 novimus
523 1423 588 1470 tnnc
610 1415 740 1487 temporis
764 1415 906 1487 episcopos
922 1414 948 1469 in
964 1413 1033 1470 urhe
1049 1413 1119 1487 Tyro
1135 1413 1209 1470 duos

186 1503 285 1567 luisse;
309 1501 432 1557 llulhnus
455 1500 536 1563 enim,
560 1500 605 1572 qni
629 1499 722 1555 eadem
746 1508 908 1571 tempestate
931 1499 1036 1564 claruit,
1060 1507 1208 1573 postquam

186 1588 261 1644 Hist.
285 1586 330 1642 hh.
347 1585 368 1641 ll
392 1603 415 1640 c.
433 1587 482 1650 21,
506 1585 689 1641 Antiochense
712 1583 847 1640 Ecclesiae
870 1583 978 1640 infando
1001 1583 1146 1640 schismate
1163 1583 1209 1638 di·

185 1672 273 1737 uisae,
303 1670 410 1727 duolins
438 1672 463 1725 in
487 1687 517 1725 ea
541 1669 675 1743 episcopis
698 1668 793 1725 eodem
816 1679 939 1742 tempore
962 1668 1120 1725 sedentibus
1143 1668 1210 1723 Ela-

187 1758 263 1813 viano
286 1766 313 1812 et
336 1756 456 1817 landino,
481 1756 641 1818 meminerit,
666 1754 701 1810 ita
724 1754 862 1827 seqnitur:
887 1755 949 1810 Hoc
968 1755 1042 1809 idem
1056 1754 1133 1826 apud
1152 1754 1211 1823 Tp-

186 1860 248 1897 rron
269 1843 339 1913 suit:
362 1843 409 1896 uhi
433 1858 492 1895 cunr
508 1839 657 1903 Diodorus,
680 1856 752 1895 anus
775 1853 845 1894 sone
867 1856 903 1894 ea
917 1840 1042 1911 antiquis
1058 1838 1209 1893 catholicis

186 1929 239 1991 cir,
263 1936 287 1981 et
310 1927 492 1982 tentationum
514 1925 685 1980 documentis
704 1927 852 1996 probatus,
875 1924 1026 1979 Athanasii
1048 1925 1209 1979 testimonio

187 2030 206 2068 a
228 2012 434 2082 consessoribus
457 2019 527 2065 esset
549 2011 696 2082 episcopus
717 2010 820 2080 factas,
843 2011 979 2065 ntohstia
1002 2011 1060 2064 eius
1083 2016 1210 2063 contem·

188 2105 226 2161 to,
250 2098 324 2151 alius
348 2113 367 2149 a
387 2094 495 2151 dialett'i
513 2096 643 2168 partibus
667 2096 824 2149 ordinatur.
1166 2091 1169 2096 ’

136 2192 180 2232 stt
274 2181 312 2235 En
329 2180 378 2235 lrac
393 2189 482 2235 autern
495 2179 592 2235 llullmi
608 2180 770 2235 anctoritate
785 2195 839 2235 non
856 2178 1061 2252 solumlyrinm
1076 2177 1209 2242 schisma,

188 2265 234 2322 sed
262 2265 327 2321 illud
356 2265 435 2320 etiam
464 2264 692 2337 opportunissime
722 2264 810 2337 colligi
832 2281 914 2337 posse
936 2265 1026 2320 rideo:
1057 2261 1207 2319 Diodorum

187 2350 248 2424 'lpri
277 2367 320 2405 an.
343 2349 441 2405 Christi
466 2351 525 2406 392
554 2350 726 2422 episcopatus
753 2366 839 2405 anuos
870 2348 978 2422 triginta
1007 2349 1039 2405 ad
1069 2364 1208 2404 summum

186 2452 328 2491 numerare
344 2435 480 2507 potuisse:
504 2435 676 2490 comessores
693 2434 763 2489 enim
780 2432 826 2497 illi,
843 2448 857 2488 a
873 2433 982 2508 quihus,
999 2432 1106 2489 dullino
1122 2441 1207 2497 teste,

186 2536 248 2577 eum
278 2520 398 2576 ordinem
428 2520 546 2593 accepit,
577 2528 607 2574 ut
635 2527 709 2574 recte
731 2518 917 2574 'lillemontins
946 2527 1054 2591 reputat
1074 2520 1206 2575 mutto

185 2605 227 2660 lle
242 2604 272 2661 S.
286 2605 452 2669 Athanasio,
476 2614 522 2661 aut
544 2621 576 2660 ex
598 2604 649 2659 illis
673 2604 755 2659 luisse
778 2604 902 2659 videntur
924 2603 1067 2676 episcopis,
1091 2603 1137 2677 qui
1154 2600 1208 2657 suli

186 2691 288 2746 luliano
311 2692 473 2764 imperatore
494 2690 527 2745 ah
551 2689 644 2745 exsilio
667 2688 784 2745 revocati
806 2697 870 2743 strnt
887 2705 931 2743 an.
948 2688 1046 2744 Christi
1064 2689 1134 2752 362,
1160 2695 1210 2743 aut

187 2792 219 2831 cx
241 2775 306 2839 illis,
330 2776 376 2847 qm
399 2776 515 2831 revocati
539 2785 602 2830 sunt
625 2792 667 2830 an.
693 2774 790 2829 Christi
804 2775 891 2837 ¹363,
916 2774 1065 2846 imperante
1086 2771 1207 2836 loviano,

186 2858 365 2915 Ecclesiaruur
389 2875 480 2914 curam
502 2859 612 2932 gerendi
636 2859 712 2932 copia
729 2859 768 2913 eis
784 2859 861 2914 lacta.
888 2858 1018 2931 Equidem
1034 2858 1060 2913 in
1076 2865 1207 2930 promptu

184 2941 272 2999 haheo
297 2944 495 3006 testimonium,
525 2961 579 3018 quo
603 2943 758 3008 ostendam,
789 2950 863 2999 certe
886 2959 928 2998 an.
953 2943 1052 2999 Christi
1076 2944 1136 3000 359
1161 2958 1210 2998 se-

185 3026 257 3083 disse
273 3027 334 3099 'lyri
356 3027 437 3082 alium
461 3028 628 3100 episcopum,
652 3028 779 3084 Uranium
802 3027 920 3094 nomine,
944 3045 1005 3084 cum
1021 3026 1209 3100 subscriptum

185 3127 248 3168 eum
270 3112 401 3167 inveniam
423 3111 515 3167 libello
538 3111 579 3166 De
599 3114 661 3185 fide,
685 3130 766 3186 quem
789 3114 900 3169 Aeacius
924 3112 1111 3168 Caesareensis
1134 3112 1211 3167 reci-

186 3197 249 3254 tavit
271 3195 298 3251 in
321 3196 425 3270 synodo
448 3197 586 3254 Seleuciae
616 3199 667 3253 hoc
690 3214 761 3253 anno
784 3199 884 3254 hahita.
926 3198 1068 3255 Praeterea
1091 3195 1210 3269 epistola

186 3281 323 3337 Athanasii
346 3283 385 3336 ad
400 3282 553 3337 Diodorum
568 3282 630 3355 'lpri
646 3299 708 3338 mox
730 3282 870 3338 reserenda
893 3283 1016 3339 fortassis
1038 3299 1093 3338 non
1115 3280 1210 3337 solum

186 3382 216 3422 se
240 3382 300 3421 esse
322 3366 410 3422 datam
434 3367 523 3440 prodit
544 3368 614 3423 circa
637 3367 710 3424 initia
733 3368 906 3442 episcopatus
921 3368 1039 3431 iliodori,
1062 3376 1092 3423 ut
1106 3364 1211 3422 ohser-

187 3449 317 3516 nabimus,
341 3452 489 3508 sedetiam
514 3469 575 3508 cum
598 3453 648 3509 iam
665 3452 799 3509 Ecclesiae
822 3471 871 3526 pan
888 3453 958 3510 toret
973 3453 1107 3515 restituta,
1130 3451 1210 3525 quod

188 3551 220 3591 ex
243 3552 273 3591 ea
295 3535 411 3609 liqueat,
440 3537 585 3593 Diodorum
609 3547 703 3594 contra
727 3539 877 3593 haereticos
899 3538 935 3594 ita
958 3537 1043 3593 libere
1066 3536 1156 3609 egisse
1180 3545 1212 3592 et

187 3629 308 3684 strenue,
332 3631 362 3677 ut
385 3639 432 3677 eos
454 3622 580 3695 inegerit,
610 3631 637 3679 et
664 3633 765 3679 rectam
787 3622 866 3678 sidem
890 3623 916 3677 in
939 3622 1006 3679 urhe
1030 3621 1100 3695 Tyro
1122 3622 1214 3677 resti-

186 3706 279 3762 tnerit.
310 3706 398 3774 Quare
421 3707 442 3761 si
465 3707 569 3769 aetatis,
593 3724 645 3780 qua
662 3717 727 3763 tunc
743 3709 871 3781 temporis
888 3706 1058 3781 eligebantur
1073 3706 1210 3779 episcopi,

186 3791 397 3854 meminerimus,
420 3793 542 3863 proiecto
565 3792 616 3847 lroc
639 3793 718 3847 etiam
741 3792 849 3864 planum
873 3791 911 3857 fit,
942 3808 1031 3866 neque
1053 3806 1140 3847 annos
1159 3807 1211 3847 ae-

187 3875 259 3940 tatis,
283 3892 353 3950 qnos
369 3874 485 3932 Diodoro
501 3876 562 3949 Tyri
585 3885 694 3949 oportet
716 3875 845 3941 tribuere,
868 3877 914 3933 uhi
938 3894 999 3933 eum
1023 3875 1136 3932 velimus
1150 3892 1211 3932 uon

187 3970 250 4017 ante
272 3977 316 4017 an.
333 3961 432 4016 Christi
449 3962 508 4019 392
531 3962 669 4033 accepisse
691 3959 724 4015 alr
740 3961 889 4035 Epiphanio
911 3961 1010 4018 librum
1027 3961 1211 4032 degeneretis,

187 4061 229 4111 ea,
252 4063 321 4120 quac
343 4046 476 4102 hactenus
497 4045 700 4118 disputavimus,
725 4045 867 4104 infirmare.
