2586 4822
160 744 221 805 722
615 749 727 802 seusun

157 912 285 968 maiorem
307 911 333 966 in
357 909 466 964 modum
490 906 640 963 confirmat.
671 903 719 961 Est
741 903 813 961 enim
840 903 1008 960 Laodiceni
1025 901 1132 959 conatii
1145 899 1187 957 cs

158 1015 211 1053 non
237 999 290 1053 57:
320 986 366 1051 ὅτι
394 986 429 1048 οὐ
457 988 507 1048 ds7
530 988 561 1048 ir
546 993 655 1056 νταῖς
681 979 799 1062 κώμαις
830 983 887 1043 uui
922 985 959 1045 ἐν
995 991 1068 1054 ταῖς
1090 977 1186 1061 χώραις

158 1077 371 1137 καθίστασθαι
394 1070 609 1144 'Ensoudnocc,
637 1067 718 1130 ἀλλὰ
738 1068 975 1147 περιοδευτάς
1007 1069 1085 1140 τοὺς
1101 1066 1182 1146 pirou

158 1148 503 1238 apoirusuoraiis'usuep
505 1156 588 1235 todia
608 1153 753 1232 πράττειν
774 1151 850 1214 ἄνευ
875 1153 1021 1234 γνώμης
1042 1160 1097 1216 τοῦ
1115 1153 1181 1234 ἐνιῇ

157 1245 251 1308 πό.λει
297 1249 380 1317 Quod
405 1264 463 1301 non
491 1252 620 1319 oporteat
641 1245 671 1299 tn
692 1245 798 1300 viltulis
823 1251 851 1299 et
873 1246 912 1300 in
938 1247 1027 1316 apris
1049 1244 1181 1317 episopo

157 1335 303 1397 constitui,
331 1334 382 1388 sed
408 1332 578 1387 visitatores.
628 1329 818 1386 Verumtamen
847 1330 1041 1403 iampridem
1064 1325 1181 1385 comit&

156 1421 230 1476 nihil
249 1420 361 1490 faciam
376 1424 492 1489 praeter
507 1416 707 1471 conscientiam
720 1414 860 1486 Episcopi
876 1416 1031 1471 civitatis.
1064 1416 1098 1470 De
1111 1413 1179 1469 Chor-

158 1503 293 1578 episcopis
321 1499 506 1575 praescribere
535 1501 654 1562 videtur,
684 1516 753 1572 qnos
784 1499 948 1572 Episcopos
982 1501 1118 1572 agnoscit,
1141 1494 1178 1553 ssi

158 1588 283 1661 usurpari
306 1586 332 1642 id
354 1585 468 1658 amplius
490 1594 570 1649 vetat,
594 1602 682 1657 neque
705 1585 834 1656 deinceps
858 1583 894 1640 iis
913 1586 943 1640 in
962 1585 1037 1642 locis
1053 1585 1175 1658 Epistupst

159 1673 230 1746 eligi.
275 1672 359 1739 Quam
388 1669 496 1744 quidem
520 1671 686 1727 sanctionem
709 1685 881 1743 nequequam
910 1669 1090 1727 observatam
1107 1667 1174 1723 luisse

159 1757 224 1813 satis
246 1773 277 1813 ea
300 1757 502 1819 demonstrant,
532 1772 601 1829 quae
624 1772 655 1810 ex
678 1753 848 1810 Antiocheno
872 1753 1011 1811 Concilio
1037 1764 1065 1811 et
1081 1753 1171 1809 alionrm

160 1843 268 1898 l‘atrnm
291 1841 407 1897 decretis
428 1839 577 1896 attulimus.

244 1925 284 1981 Ad
306 1942 437 1980 summam
461 1924 654 1997 Chorepiscopi
677 1926 733 1998 τῆς
749 1916 865 1999 χώρας,
890 1941 969 1996 quae
995 1924 1063 1980 olim
1083 1920 1173 1996 propris

158 2005 304 2086 naposur'a
325 2009 474 2073 dicebatur,
498 2008 639 2081 Episcopi,
663 2025 694 2064 ac
717 2009 859 2065 rusticanis
883 2007 1024 2065 Ecclesiis
1048 2004 1172 2082 praeposi

160 2097 278 2151 luerunt.
311 2094 347 2149 lle
371 2110 488 2168 quornm
511 2093 680 2148 institutione
703 2093 824 2150 Balsama
847 2092 880 2148 ad
912 2099 948 2152 ld
977 2093 1171 2149 eandorem

49 2192 53 2199 '
161 2179 270 2235 Consilii
293 2179 329 2234 ita
352 2178 486 2250 disputat:
511 2177 659 2250 Episcopus
681 2180 707 2232 in
731 2179 819 2234 lacurn
842 2178 1047 2250 Apostolorum
1070 2180 1103 2234 ta
1124 2190 1172 2232 sut·

97 2301 99 2306 -
160 2264 284 2325 cessisse,
308 2263 407 2337 quilius
429 2261 528 2335 ligandi
551 2261 725 2337 solvendique
741 2272 862 2336 potestas
877 2272 921 2318 cst
937 2263 1014 2319 data.
1059 2261 1172 2319 sescus

160 2348 192 2404 ad
221 2348 354 2420 Evangelii
384 2347 624 2420 praedicationem.
654 2357 829 2421 caeterasque
858 2347 1021 2403 functiones
1050 2345 1172 2404 obeundas

160 2432 283 2506 Apostoli
305 2433 413 2489 mininie
435 2431 601 2495 sufficerent,
625 2432 759 2488 adhibitos
781 2435 808 2489 in
831 2433 1004 2488 consortium
1029 2431 1172 2489 certoshs·

162 2519 257 2581 mines,
281 2535 327 2592 qur
348 2517 489 2590 Discipuli
509 2517 623 2572 Domini
645 2527 813 2580 vocarentur,
837 2518 882 2590 qui
906 2517 1021 2590 quidem
1045 2516 1173 2573 remittet·

162 2603 257 2660 dorum
282 2614 455 2676 peccatorum
477 2611 613 2676 potestate
636 2612 768 2658 carerent.
799 2601 901 2658 Horum
923 2602 957 2657 ad
982 2602 1171 2661 similitudinem

163 2688 382 2761 thorepsscopos
412 2688 495 2743 inisse
523 2686 667 2752 sullectos,
697 2687 743 2760 qui
766 2687 967 2743 Ecclesiasticus
998 2684 1171 2760 pecuniaria

163 2790 297 2846 pauperes
320 2773 478 2829 dividerent.
515 2772 590 2829 Unde
613 2789 702 2845 neque
724 2772 901 2845 Presbyteros
923 2788 954 2827 ne
980 2772 1115 2829 Diaconos
1133 2784 1172 2826 or·

161 2859 253 2914 dinare
281 2868 413 2931 possunt,
442 2875 531 2930 neque
560 2868 669 2930 peccata
697 2858 852 2921 remittere,
880 2856 1113 2930 quemadmodum
1131 2868 1173 2911 neo

161 2943 227 2999 txx
255 2943 380 3016 discipuli
402 2952 536 3015 poterant.
581 2942 653 2998 Haec
675 2942 731 2998 iere
754 2942 884 2997 balsamo.
916 2941 966 2997 llbi
991 2942 1070 3014 quod
1092 2939 1176 2998 reinit-

161 3028 306 3084 tendorum
328 3036 492 3101 potestatem
516 3037 687 3100 peecatorum
707 3026 913 3099 chorepiscopis
936 3026 1041 3089 adimit,
1066 3042 1099 3082 ac
1119 3024 1176 3081 solis

161 3110 302 3205 Episcopis
332 3111 441 3175 tribuit,
470 3129 525 3187 quo
554 3129 637 3168 seusn
666 3112 765 3167 dictum
794 3111 830 3168 sit
857 3111 937 3186 paulo
960 3120 1027 3184 post
1049 3111 1176 3167 declarat:

161 3184 207 3250 iim
231 3187 259 3250 oi
282 3187 371 3269 ἷερεῖς
392 3188 428 3250 οὐ
451 3190 596 3252 δύνανται
619 3191 763 3269 δέχεσθαι
785 3190 958 3272 λογισμοὺς,
985 3191 1037 3250 nai
1062 3188 1177 3296 dquam

162 3269 324 3353 ἁμαρτίας,
348 3275 374 3333 si
394 3272 437 3352 μὴ
461 3275 661 3354 ἰκχωρηθῶσι
683 3282 783 3338 ταῦτα
803 3275 888 3357 παρὰ
911 3281 966 3336 τοῦ
989 3271 1178 3337 'Encausinuu

161 3360 226 3418 Nan
246 3371 366 3435 possunt
380 3363 555 3427 Sacerdotes,
578 3373 608 3419 ut
630 3382 680 3420 nec
698 3366 897 3439 chorepiscopi
918 3365 1115 3436 confessiones
1135 3378 1179 3420 α·

163 3447 271 3519 cipere,
294 3463 383 3520 neque
402 3456 523 3520 peccata
544 3451 692 3514 remittere,
714 3452 772 3506 nisi
793 3452 830 3506 ab
851 3451 995 3524 Episcopo
1015 3456 1180 3523 potestaten

111 3533 243 3604 wlprius
264 3533 484 3604 impetraverint.
514 3535 602 3606 Atque
625 3536 677 3591 hoc
699 3537 732 3592 ds
746 3534 853 3609 publica
867 3535 1069 3609 poenitentium
1086 3550 1181 3592 mcor

163 3616 298 3673 cilistione
320 3618 489 3690 potissimum
512 3618 715 3692 intelligendum
739 3629 789 3684 est,
814 3637 893 3693 quom
915 3619 949 3674 ab
971 3618 1111 3693 Episcopo
1133 3619 1180 3676 tri-

162 3697 209 3755 bui
241 3700 364 3758 (lenones
392 3702 595 3776 praescribunt:
626 3705 698 3762 velut
726 3705 752 3760 in
777 3704 902 3779 Carthsg.
920 3707 948 3769 3,
972 3703 1039 3759 Can.
1057 3707 1115 3763 32:
1147 3701 1181 3760 llt

162 3783 312 3856 stesbpter
342 3787 501 3842 inconsulto
528 3786 670 3862 Episcopo
702 3807 759 3846 non
786 3790 948 3846 reconciliet
979 3788 1179 3845 Possitsntsst

162 3870 217 3926 Leo
245 3887 356 3944 quoqne
376 3871 500 3928 Pontiles
522 3871 605 3945 Epist.
624 3876 662 3933 88
690 3874 764 3930 inter
791 3890 837 3937 ea,
868 3891 937 3948 quae
965 3873 1018 3929 soli
1045 3873 1180 3948 proopu

162 3970 300 4019 concesse,
325 3955 526 4030 chorepiscopo
548 3967 644 4030 negata
667 3958 739 4023 dicit,
763 3960 816 4016 hoc
838 3959 926 4032 ipsum
949 3968 1093 4015 recenset:
1125 3955 1180 4013 Ns·

163 4055 230 4112 pue,
258 4039 359 4114 inquit,
378 4042 492 4130 publice
514 4042 624 4114 wdem
645 4044 675 4101 in
696 4043 789 4103 Missa
809 4060 968 4118 quenquam
989 4042 1181 4100 Poenitestsss
