2586 4822
45 39 1243 307 u

382 831 430 882 aa
439 831 590 884 ueusoms
608 833 647 883 m
664 832 862 885 iuraremus
1091 819 1135 883 uu

109 986 235 1043 leretur.
267 986 388 1045 Tametsi
406 987 483 1044 litera
508 1003 534 1048 m
556 1006 617 1045 aum
632 989 743 1050 sinistro
758 999 862 1064 puncto
876 1007 927 1113 pro
943 1002 962 1051 ο
979 990 1135 1063 promiscue

111 1086 311 1146 nonuunquam
334 1084 492 1146 usumatur.

204 1159 262 1214 178
278 1157 306 1212 tl.
328 1148 367 1215 τὸ
385 1149 460 1214 δι’“
440 1176 529 1234 αγιιιν
542 1152 667 1232 μέτρον]
697 1159 782 1230 igitur
796 1159 865 1215 alius
881 1106 931 1215 luit
946 1159 1051 1216 modius
1068 1176 1135 1233 uro-

112 1244 201 1306 lanus,
226 1241 295 1297 alius
316 1258 404 1298 sacer.
435 1242 482 1299 llic
504 1244 556 1299 erit
578 1253 675 1306 satum,
703 1253 799 1315 quarta
822 1254 898 1316 parte
920 1245 1022 1317 vulgari
1044 1245 1135 1305 merliu

112 1328 209 1383 maius.
241 1327 313 1384 liaeo
335 1327 510 1400 Epiphanius.
534 1344 603 1402 quae
625 1345 677 1384 uos
699 1328 834 1384 hocloco
857 1345 912 1384 nou
935 1329 1104 1386 discutimus.

197 1412 236 1488 τῇ
265 1405 322 1485 μὲν
347 1407 407 1487 γὰρ
435 1404 555 1490 πρώτῃ]
586 1414 709 1485 Sequens
731 1413 877 1485 disputatio
901 1416 1079 1485 praetermitti
1100 1413 1135 1473 aa

113 1497 266 1569 Epiphanio
290 1506 408 1569 poterat.
437 1498 531 1570 Neque
554 1498 625 1553 erum
648 1498 681 1554 etl
704 1514 760 1554 rem
783 1497 926 1555 admodum
950 1499 1021 1561 lecit,
1044 1514 1135 1574 neque

113 1582 259 1654 quiequam
283 1583 413 1646 eontinet,
437 1583 511 1655 quaed
534 1584 604 1638 scire
627 1584 711 1655 tnagis
733 1600 813 1654 quam
840 1583 965 1655 ignorare
980 1594 1072 1640 nostra
1088 1584 1186 1641 ιιι-424

113 1670 190 1722 terat
236 1668 395 1740 Quanquam
425 1684 455 1723 oa
482 1684 593 1742 quoque
621 1668 654 1723 ub
678 1667 781 1723 Isidoro
809 1669 835 1723 iu
863 1670 909 1731 16.
927 1670 965 1726 25
995 1670 1069 1742 θήρ.
1093 1678 1135 1725 ιιι

114 1751 252 1807 translata.

199 1828 230 1890 ui
262 1829 295 1891 ala*
322 1833 454 1930 aemulari
483 1832 551 1912 περὶ
575 1819 618 1892 ὧν
640 1825 733 1910 εἶπεν]
765 1833 981 1893 Perturbatus'
964 1854 994 1892 ac
1017 1854 1135 1910 praepo-

115 1931 203 1976 sterus
235 1921 302 1978 ordo
326 1922 464 1977 nominum
486 1931 539 1978 eet.
585 1922 670 1990 Qua
664 1939 690 1977 ιιι
714 1939 743 1978 re
766 1923 829 1995 quid
852 1923 915 1980 insit
937 1923 1057 1979 misterii
1080 1940 1134 1981 uua

115 2007 199 2063 video.

204 2092 261 2148 180
279 2089 307 2145 Ιι.
338 2085 448 2164 laquo&
476 2084 495 2165 ἡ
525 2092 580 2148 τοῦ
604 2081 717 2164 Ἰησοῦ]
751 2091 895 2163 llepraaeta
919 2101 982 2147 sunt
1005 2091 1134 2166 pleraque

117 2192 254 2230 sacrorum
277 2174 407 2231 librorum
431 2175 569 2233 vocabule.
613 2176 668 2232 seu
690 2193 740 2232 nos
762 2176 829 2233 nihil
850 2176 1044 2232 immutandum
1068 2193 1135 2235 ceth

117 2260 227 2315 suimus.
274 2260 413 2333 Plerisque
442 2261 518 2317 litera
543 2256 561 2316 (i
583 2261 715 2334 praelim.
745 2262 792 2334 qui
823 2270 866 2316 est
888 2261 1045 2317 Chalduieus
1067 2261 1134 2318 atti-

117 2345 200 2401 aulus.

204 2431 256 2487 181
278 2447 301 2484 a.
326 2424 503 2504 πληρωθεὶς
524 2422 582 2504 γὰρ
606 2421 621 2486 ὁ
644 2420 763 2502 μόδιος]
795 2429 891 2485 Eadem
909 2430 1013 2485 rationo
1029 2430 1134 2489 uullum

119 2532 167 2569 uon
189 2530 335 2571 mensurae
358 2532 444 2587 genus
467 2515 586 2570 modium
610 2515 745 2587 appellere
768 2514 840 2570 lieet.
871 2514 935 2570 Num
959 2513 1062 2569 nullum
1082 2523 1132 2578 est,

118 2600 187 2672 quod
208 2617 264 2655 ιιιιιι
288 2599 409 2672 perinde
432 2617 493 2656 oum
515 2600 656 2672 impletum
678 2600 723 2662 sit,
746 2599 855 2672 plenum
878 2615 909 2655 ee
931 2615 991 2655 esse
1008 2599 1132 2655 letentur.

119 2685 233 2740 lsidorus
261 2685 339 2740 aliam
368 2685 439 2740 voris
462 2685 654 2758 etymologiam
676 2683 768 2749 effert,
798 2682 831 2738 ab
853 2700 902 2749 eo,
932 2685 1005 2756 quod
1027 2684 1061 2740 sit
1083 2700 1134 2742 sue

117 2771 194 2826 ιιιοιΙο
220 2771 368 2843 perlectus.

205 2857 303 2912 tete.
332 2845 453 2927 πλήσας
480 2849 513 2909 δι’
541 2846 575 2910 τὸ
603 2847 716 2927 μέτρον
737 2847 786 2907 καὶ
809 2842 988 2927 ῥητλιάσας]
1020 2799 1133 2911 uirum

118 2956 162 2995 mx
185 2957 218 2996 ae
239 2940 392 3012 peregrina,
416 2954 539 3011 quaeque
562 2938 699 2994 emendari
721 2937 791 2993 varie
807 2936 901 3010 possit.
932 2937 1002 2992 Sunt
1016 2938 1063 3011 otri
1077 2929 1134 3012 ῥη

116 3017 241 3098 ιὶιάσιις
264 3024 414 3079 rescribant
437 3042 451 3077 a
474 3015 586 3103 ῥῆγλιι,
612 3041 682 3096 quae
704 3033 747 3078 est
769 3022 879 3094 regule,
903 3021 976 3095 quod
998 3022 1068 3078 ialem
1092 3031 1134 3081 eat

117 3127 144 3164 ae
166 3110 285 3170 rutulus,
309 3109 364 3164 sive
386 3108 499 3164 baculus
520 3108 664 3164 rotuntlus.
705 3108 781 3164 llutle
803 3106 873 3180 apud
895 3106 1057 3179 Hesychium
1080 3106 1135 3179 legi
1160 3170 1163 3175 ,

117 3195 240 3249 smiltuut
267 3184 454 3269 ἀποριγλοῦν
485 3211 535 3266 pro
565 3210 613 3256 eu,
637 3192 710 3265 quam
733 3202 774 3249 est
798 3206 950 3247 mensuram
973 3208 1133 3264 exaequare

117 3279 166 3334 Sed
190 3279 258 3334 uiliil
278 3278 411 3335 eiusmodi
426 3279 497 3351 apud
512 3278 587 3333 illum
602 3277 701 3350 reperi
732 3277 789 3333 Hoo
805 3294 866 3332 vero
882 3275 986 3330 solum:
1009 3268 1060 3352 ῥῆ]
1049 3274 1135 3350 yios·

116 3360 237 3438 olorem,
260 3355 304 3429 ὡς
323 3355 447 3437 ράβόιι,
471 3371 501 3418 ut
522 3364 577 3419 siut
599 3361 700 3426 baerrli,
725 3371 771 3417 aut
793 3362 882 3433 virgae
904 3360 1017 3416 lemme.
1062 3361 1134 3433 Ergo

116 3449 186 3520 apud
203 3449 385 3520 Epiphaniam
406 3440 573 3524 ῥυύιιισιις
594 3448 708 3503 tortasse
731 3447 783 3518 leg.
808 3446 847 3501 rel
869 3436 1044 3519 borleiano,
1067 3456 1135 3503 uta

117 3533 207 3589 rutulo
231 3533 376 3596 derivetur,
400 3533 446 3605 qui
470 3542 511 3588 est
533 3534 615 3588 veetia
637 3531 781 3594 rotundus,
808 3547 862 3603 quo
885 3532 994 3585 uomina
1016 3548 1136 3603 repagu-

117 3618 168 3673 lun
200 3617 358 3674 versatile
352 3635 378 3673 ιιι
400 3617 607 3690 Amphitheatro
630 3615 700 3689 aputl
724 3615 897 3687 Calpurnium
921 3616 971 3670 diei
1004 3615 1136 3671 obserua-

117 3713 170 3757 tum
195 3720 208 3757 ι
233 3703 333 3776 lipsio.
364 3705 453 3774 Atque
473 3701 510 3757 ite
533 3702 645 3765 realium,
673 3718 721 3756 seu
745 3710 848 3756 vectem
871 3700 1018 3755 rotundum
1039 3699 1136 3772 appel-

115 3786 168 3844 lare
192 3788 271 3852 licet,
303 3804 356 3859 quo
383 3797 574 3860 exaggeratum
598 3787 624 3841 iu
647 3785 737 3841 mollio
760 3785 924 3842 trumentum
946 3784 1085 3840 abraditur
1106 3791 1136 3840 et

116 3889 242 3928 merismu
265 3880 457 3946 peraequatur,
481 3872 527 3944 qui
549 3881 577 3929 et
599 3870 694 3943 ruptus
710 3869 866 3926 nominatur
881 3870 906 3924 in
923 3869 1060 3926 Glaesaria
1076 3869 1134 3925 leta

116 3957 223 4030 ltaplas
245 3949 400 4032 στροφεῦς
421 3947 603 4032 γαλεάγρας,
624 3951 674 4011 καὶ
697 3945 901 4031 ἄπιιψήκιιον.
944 3954 1068 4026 ltuplaa,
1092 3954 1136 4010 iu-

115 4059 210 4114 quam,
240 4042 266 4097 in
291 4041 443 4105 Glossario,
472 4058 528 4097 nau
551 4041 683 4104 listulas,
714 4049 743 4096 ut
771 4038 878 4113 quidam
903 4054 996 4110 parum
1020 4037 1136 4097 fideliter

116 4127 249 4201 corripit,
278 4128 425 4202 exponitur
453 4116 662 4201 ιἰποψήκιιον,
690 4126 743 4181 hoe
773 4133 814 4181 est
840 4123 940 4179 radiae
968 4126 1135 4187 ιιιιιιοιιιιι.

943 4219 981 4268 ’μ
