2586 4822
111 776 195 847 'anu
524 771 550 819 s.
569 768 718 819 eorrumu

564 882 576 906 Ο

52 951 55 955 ·
114 942 229 1000 neopum
253 942 314 982 cum
336 927 459 1000 petiisset
481 925 514 980 de
537 924 608 980 illius
631 925 831 980 controversiae
853 924 928 979 exitu
943 923 1039 980 doeeri
1053 941 1068 980 a
1083 924 1135 981 Sa-

113 1012 193 1076 bino,
223 1011 286 1086 quia
313 1028 345 1067 ex
368 1011 477 1084 Calippo
506 1010 618 1065 diacono
641 1009 756 1065 audierit
778 1008 852 1064 illum
876 1008 1053 1065 constantiae
1074 1010 1134 1082 epi·

114 1114 227 1170 aoopum
250 1096 411 1152 ordinatum.
485 1128 488 1134 ·

200 1185 248 1238 57.
294 1181 397 1244 llabes,
420 1181 533 1241 Lector,
557 1179 598 1233 bis
622 1177 728 1233 duobus
751 1177 883 1251 capitibus
906 1180 1130 1251 comprehensam

114 1268 199 1324 totius
222 1267 340 1339 prolixae
363 1266 427 1319 alins
451 1263 555 1318 laliulae
577 1280 718 1325 summam,
742 1281 775 1319 eu
799 1263 860 1325 sine,
885 1272 915 1318 ut
937 1265 959 1319 si
983 1265 1049 1336 quid
1072 1263 1130 1320 alibi

113 1351 233 1425 reperias
256 1368 270 1405 a
294 1350 371 1405 nobis
395 1348 570 1421 praeteritum
593 1348 618 1402 iu
642 1348 735 1420 primis
761 1349 879 1420 quinque
902 1349 1038 1421 capitibus
1061 1349 1129 1421 quod

114 1436 158 1492 hic
181 1436 262 1491 etiam
284 1435 445 1505 attingatur,
470 1434 624 1488 discernere
642 1432 739 1504 possis,
763 1443 854 1488 utrum
870 1433 896 1488 id
912 1434 976 1489 bino
991 1444 1129 1506 acceptum

114 1520 248 1577 aestimari
272 1536 326 1573 aron
349 1518 460 1582 debeat;
485 1535 518 1572 an
534 1535 607 1582 vero,
631 1527 662 1572 ut
677 1536 707 1573 ex
724 1518 828 1573 meliori
843 1527 956 1574 auclore
972 1519 1027 1575 huc
1044 1529 1129 1575 trans-

113 1607 206 1667 latum,
230 1604 308 1659 sulem
333 1612 469 1659 mereatur
490 1620 551 1658 eum
575 1603 710 1675 prioribus
733 1603 867 1659 obtinere.
907 1603 1039 1659 Similiter
1060 1603 1128 1659 aruo

113 1690 166 1746 trio
190 1698 236 1745 tuo
260 1689 394 1762 relinquo,
417 1688 518 1743 velisne
541 1705 590 1761 pro
613 1688 730 1760 genuino
747 1689 775 1743 S.
793 1688 932 1760 Epipbauii
955 1689 1013 1745 fetu
1033 1688 1129 1747 baben

112 1792 175 1831 oum
198 1774 358 1829 bellarmino
381 1772 478 1828 librum
501 1773 544 1828 De
564 1775 623 1828 vitu
642 1772 845 1844 propbeturnrn
868 1790 1018 1845 eorumque
1039 1774 1140 1846 aepul-

113 1868 195 1923 tnru‚
219 1859 339 1932 qiiaintis
362 1859 484 1931 ignotum
508 1858 604 1912 Pbotio
627 1874 653 1911 u.
668 1860 722 1914 122
748 1868 774 1913 et
797 1876 874 1931 seqq.
898 1858 956 1912 eius
980 1876 1067 1931 opera
1089 1875 1140 1915 re-

114 1945 251 2008 censenti;
275 1962 308 1998 an
331 1961 392 1999 eum
415 1944 558 1998 novissimo
582 1942 639 1997 eius
663 1942 811 2014 interprete
833 1943 957 2007 Patauio,
988 1937 1165 2016 meudem'a

113 2046 235 2105 ypapov
256 2030 377 2092 cautiore,
401 2037 534 2100 “proptor
555 2037 695 2082 sexcentas
718 2028 918 2083 uiendacinrum
941 2045 1047 2101 nugas,
1075 2030 1175 2102 quie

38 2178 43 2187 ,
114 2115 166 2168 bus
194 2112 263 2168 liber
294 2113 338 2168 ille
369 2112 484 2167 refertus
514 2112 581 2166 est'’.
625 2112 733 2168 Petavio
757 2112 918 2168 Simnuudus
941 2123 969 2168 et
992 2114 1175 2171 babbaeufl

114 2197 318 2269 subscripsere,
347 2197 432 2251 saneti
456 2196 542 2251 Patris
564 2197 661 2252 bonori
684 2199 818 2262 satietatem
848 2206 876 2252 et
898 2197 998 2253 borum
1020 2209 1175 2256 senten-³

114 2283 178 2338 tiam
205 2299 238 2338 ex
266 2282 360 2336 endem
388 2280 487 2336 motivo
516 2280 644 2336 libentius
673 2291 769 2346 linteo.
799 2282 861 2338 licet
891 2283 956 2338 satis
987 2284 1175 2358 intelligan-

113 2384 175 2423 oum
198 2366 331 2429 labbaeo.
355 2383 415 2422 esse
438 2365 484 2437 qui
506 2376 650 2429 censeant,
675 2376 748 2422 “uon
773 2369 861 2424 omnia
884 2367 1023 2423 veteribus
1050 2370 1175 2425 Patri-⁴

114 2451 167 2508 bus
190 2451 382 2515 subtrahenda,
406 2451 433 2506 in
455 2451 554 2524 quibus
573 2451 745 2526 Tbalmudica
767 2462 920 2508 commenta
941 2461 970 2508 et
986 2451 1175 2510 Hebraico&

116 2538 246 2611 quaedam
268 2538 427 2592 deuteroses
448 2537 631 2591 eontinentur.

202 2625 250 2680 58.
296 2622 340 2677 Sit·
368 2621 437 2677 liber
464 2621 506 2675 De
533 2621 594 2678 tuta
622 2628 648 2675 et
675 2628 762 2675 morlo
782 2622 932 2686 iustorum,
961 2621 1084 2680 Bnronio
1109 2624 1175 2679 it-

115 2708 187 2763 notis
209 2706 241 2762 ad
264 2707 412 2762 Romanum
434 2705 653 2778 llartyrologium
682 2705 772 2782 llloii
793 2716 820 2762 et
836 2709 874 2764 25
899 2707 1075 2780 “cuiuspiam
1096 2709 1175 2764 al*

116 2794 200 2848 terius
223 2792 313 2865 potius
337 2809 416 2865 qiraua
432 2791 461 2846 S.
477 2791 572 2846 lsidori
595 2808 654 2846 esse
677 2790 791 2854 videtur,
816 2809 848 2847 eo
871 2791 944 2864 qiiod
963 2792 990 2846 in
1008 2811 1043 2848 eo
1059 2795 1175 2849 eom*

115 2876 192 2950 plura
216 2877 399 2948 reperiantur,
423 2876 526 2931 Isidoro
549 2876 672 2947 indigna,
696 2886 882 2947 coagmentata
904 2876 1080 2934 mendacia'‘:
1102 2877 1175 2934 da

116 2979 149 3017 eo
177 2971 266 3016 tamen
295 2979 349 3017 uon
377 2961 441 3015 sinit
468 2979 519 3015 nos
547 2960 669 3016 dubitare
692 2961 720 3015 S.
736 2960 843 3017 braulio
871 2962 897 3016 iu
925 2964 1175 3034 praenomina&

115 3045 245 3101 librorum
270 3046 342 3100 eius:
367 3046 402 3101 ita
425 3053 456 3099 ut
478 3045 541 3100 buic
563 3044 715 3101 excusando
732 3045 803 3101 aliud
820 3063 873 3101 non
889 3055 1029 3118 suppetat,
1054 3058 1175 3121 quatr-

116 3146 177 3185 oum
199 3129 323 3186 labbaeo
341 3130 382 3185 vel
397 3147 544 3201 agnoscere
561 3129 613 3185 “ab
630 3130 719 3203 aliquo
736 3131 930 3204 interpolatore
944 3122 1175 3206 corruptum‚'⁴

115 3213 157 3269 vel
178 3214 296 3287 ingenue
317 3214 403 3278 lateri,
427 3215 500 3285 ipiod
523 3215 622 3270 “nimis
644 3216 779 3280 credulus,
803 3234 872 3289 quae
894 3215 927 3270 ab
950 3215 1011 3272 aliis
1034 3219 1169 3290 scriptu

116 3300 233 3371 reperit,
262 3299 350 3353 naiuus
379 3299 514 3364 discusso,
545 3317 599 3356 non
628 3308 681 3355 tam
704 3318 752 3355 sua
776 3318 855 3374 quam
878 3300 962 3356 aliena
987 3302 1153 3375 protulerit.

116 3383 195 3439 llde''.
239 3383 369 3451 Quamdiu
391 3393 480 3440 tamen
508 3385 668 3441 alterutrum
698 3386 787 3441 dicere
815 3404 864 3459 pro
887 3386 990 3456 tuendo
1013 3388 1062 3460 qui
1083 3386 1145 3444 aul>

115 3467 256 3541 Epiphanii
278 3469 387 3524 nuntiae
408 3470 619 3525 controvertitur
633 3469 711 3532 libro.
735 3471 828 3527 similis
844 3470 972 3544 ponderis
989 3489 1045 3529 nou
1062 3472 1149 3546 eogit-

116 3555 277 3617 auctoritas,
308 3553 377 3609 bene
405 3554 437 3609 de
466 3553 511 3610 illo
534 3572 628 3610 omnes
651 3556 749 3610 nnormi
772 3556 909 3620 existimo,
939 3557 986 3628 qui
1010 3557 1036 3612 id
1061 3556 1143 3632 quod

116 3637 174 3692 eius
194 3638 324 3711 gravitate
345 3639 483 3711 indiguum
507 3657 568 3694 esse
583 3640 777 3696 rationabiliter
792 3650 913 3704 censent,
937 3640 1050 3715 abipso
1064 3642 1145 3698 nori·-

115 3731 191 3794 ptum
218 3740 356 3780 essenon
378 3724 645 3790 libentercredunt;
678 3725 746 3781 male
770 3735 895 3788 econtra,
924 3727 971 3798 qui
994 3727 1137 3783 mendicus

114 3807 141 3863 id
162 3809 298 3864 sustinere
321 3809 422 3872 volunt,
446 3819 477 3865 ut
499 3809 557 3865 eius
579 3811 749 3875 auctoritate,
773 3812 843 3867 sicut
864 3820 893 3866 et
915 3811 942 3866 S.
960 3811 1058 3868 lsidori
1078 3810 1142 3869 tol-

114 3892 340 3957 deluderentur,
364 3911 433 3966 quae
456 3892 491 3949 ibi
514 3894 546 3950 do
568 3894 641 3951 Eliae
663 3897 813 3968 propbetae
835 3894 970 3952 natalibus
992 3897 1136 3970 leguntur.

113 3976 244 4051 Equidem
267 3978 390 4034 existimo
412 3979 505 4034 Patres
528 3980 610 4043 istos,
635 3980 657 4034 si
680 3980 742 4035 talia
764 3981 814 4053 ipsi
837 3997 929 4037 revera
951 3983 1130 4056 scripserunt.

111 4079 186 4146 mere
210 4065 389 4138 interpretum
412 4072 440 4120 et
461 4064 637 4121 collectorum
659 4064 735 4138 lungi
757 4065 847 4125 ollioio
869 4065 1003 4132 noluisse,
1027 4067 1132 4125 nullan
