2586 4822
399 822 443 877 m.
481 830 519 879 ln
539 828 673 880 renunes
692 828 786 881 eruc.
806 827 884 881 nina.
1111 815 1152 880 83

130 975 222 1041 llarid
245 978 317 1040 alins
338 981 542 1059 generationes
564 980 799 1061 quatuordecim:
822 1000 897 1062 qnae
912 981 1154 1062 vigintiquatuor

131 1078 338 1155 generationes
359 1076 446 1139 simul
470 1079 578 1140 iaciunt
606 1098 701 1140 annes
728 1078 775 1140 bis
804 1078 883 1139 mille
912 1087 1030 1139 centum
1051 1080 1152 1140 desem

131 1183 160 1237 et
181 1186 306 1256 septem,
329 1175 451 1254 spiritus
473 1186 592 1238 sauctus
608 1179 637 1237 iu
655 1178 805 1255 trigesimo
821 1186 921 1237 actare
938 1176 1062 1249 Psalmo,
1085 1194 1153 1237 cum

85 1279 308 1352 muneremur
329 1273 366 1334 de
388 1274 525 1335 omnibus
548 1274 726 1346 haminibus,
750 1276 828 1353 qued
851 1276 882 1334 iu
905 1275 1030 1335 vanitate
1050 1273 1154 1334 ambu-

130 1370 235 1443 larent,
257 1380 287 1431 et
309 1373 435 1450 peccatis
458 1383 558 1433 esseut
580 1373 708 1447 obnoxii,
737 1372 865 1451 loquitur
888 1378 1098 1432 “veruntamen
1120 1370 1177 1434 int

131 1469 259 1549 imagine
286 1470 469 1548 perambulat
498 1472 593 1531 omnis
621 1469 736 1530 h0m0.''
791 1470 850 1530 Nec
880 1488 938 1529 nnn
963 1477 1029 1548 post
1052 1468 1153 1542 David,

131 1568 218 1628 etiam
240 1566 297 1628 sub
319 1566 477 1628 Solomone
499 1567 558 1628 ldie
580 1567 652 1642 eius,
679 1568 803 1646 legimus
825 1567 881 1628 tale
903 1567 1039 1646 quiddam
1063 1584 1154 1645 super

134 1664 178 1725 dei
200 1663 328 1742 imagine
350 1665 543 1727 nominatum.
578 1666 653 1727 Dicit
675 1666 703 1725 in
721 1665 878 1745 Sapientia,
901 1683 974 1743 quiae
991 1663 1073 1724 titulo
1088 1664 1153 1724 eius

135 1760 302 1823 inscribitur
331 1764 458 1823 “creavit
487 1765 559 1824 deus
583 1764 786 1842 incorruptum
809 1762 968 1834 bominem,
1002 1771 1031 1822 et
1051 1761 1153 1839 imagi·

137 1877 200 1921 nem
223 1878 295 1920 snae
324 1861 511 1939 proprietatis
539 1861 619 1921 dedit
647 1859 699 1921 ei.''
749 1862 786 1921 Et
815 1878 933 1922 rursum
961 1872 1029 1940 pest
1056 1866 1193 1923 annostb

136 1964 281 2018 trecentos
303 1958 439 2018 undecim
462 1959 530 2037 plus
551 1959 658 2031 minus,
682 1959 711 2018 in
735 1977 811 2019 neve
827 1958 949 2037 legimus
967 1956 1150 2031 testamento,

136 2055 209 2130 «ped
234 2074 293 2115 non
316 2056 509 2135 perdiderunt
531 2057 667 2117 homines
681 2057 837 2135 imaginem
853 2056 907 2116 dei.
935 2055 1057 2116 lacobus
1072 2055 1151 2115 enim

85 2152 285 2228 Aapestelus
308 2163 336 2214 et
359 2156 447 2214 lrater
469 2155 589 2227 domiui,
619 2155 702 2215 cuius
725 2166 753 2215 et
775 2173 865 2234 supra
887 2153 1084 2225 meminimus,
1107 2152 1153 2212 in·

136 2252 220 2313 struit
243 2270 308 2325 nes,
332 2271 368 2312 ue
393 2251 529 2329 Origenis
551 2252 661 2331 laqueis
683 2254 842 2331 capiamur,
872 2251 979 2312 habere
1002 2250 1150 2311 bominem

134 2341 289 2428 imaginem
312 2359 343 2410 et
364 2349 583 2410 similitudinem
607 2350 662 2410 dei.
710 2351 783 2410 Nam
806 2369 896 2429 qurum
919 2350 955 2410 de
978 2348 1076 2427 lingna
1098 2348 1192 2410 bele

133 2443 220 2506 minis
242 2447 329 2507 latius
351 2447 537 2526 disputasset,
567 2448 672 2508 adiecit
700 2448 854 2510 “instabile
877 2448 1001 2507 malum:
1035 2446 1064 2505 in
1088 2445 1152 2524 ipsa

131 2542 241 2624 suippe
263 2544 465 2606 benedicimus
487 2546 573 2605 deum
596 2555 719 2624 patrem,
753 2557 782 2606 et
809 2546 838 2605 in
867 2546 929 2625 ipsa
953 2543 1152 2604 maledicimus

130 2636 221 2703 deum
236 2654 360 2722 patrem,
384 2652 413 2703 et
434 2643 464 2702 iu
488 2644 550 2722 ipsa
567 2643 765 2703 maledicimus
788 2642 931 2715 hemines,
956 2641 1004 2719 quii
1020 2640 1055 2701 ad
1072 2639 1153 2700 sirni-

126 2729 287 2800 liludinem
311 2740 357 2801 dei
380 2741 489 2801 conditi
514 2739 609 2801 suut.”
652 2740 760 2800 Paulus
782 2757 898 2819 qunque
919 2758 969 2799 vas
991 2737 1151 2811 electionis,

127 2839 151 2891 tl
187 2840 240 2917 qni
268 2838 431 2899 doctrinam
455 2838 647 2917 evangelicam
677 2856 728 2898 sua
752 2836 967 2916 praedicatione
990 2834 1193 2914 campleritmd

128 2926 220 2996 decet
234 2953 290 2996 nos
306 2937 384 3014 qured
400 2937 489 2996 lrnme
511 2936 546 2996 ad
564 2936 720 3013 imaginem
744 2946 772 2995 et
787 2934 1005 2995 similitudinem
1022 2933 1066 2993 dei
1083 2952 1154 2994 cnu-

130 3024 215 3093 ditus
233 3033 280 3106 sit,
303 3033 404 3094 diceus
428 3035 492 3094 “vir
506 3053 566 3093 non
584 3033 670 3094 debet
685 3033 797 3093 nutrire
812 3050 935 3106 comam,
957 3050 1046 3111 quum
1062 3030 1153 3110 glorie

111 3120 157 3180 Bet
175 3125 276 3208 imago
288 3131 334 3191 dei
349 3132 386 3191 sit
394 3130 417 3191 :’'
433 3131 588 3209 imaginem
604 3130 775 3209 simpliciter
789 3130 938 3209 appellans
954 3149 1007 3191 sue
1023 3128 1152 3203 nemine,

135 3217 357 3288 similtudinem
380 3238 476 3288 autem
500 3228 609 3306 gloriae
631 3226 825 3307 appellatione
847 3228 1024 3306 signillcans.

222 3324 279 3386 Pro
302 3325 397 3387 tribus
418 3326 507 3404 igitur
530 3326 713 3398 testimoniis,
737 3344 810 3405 qnae
831 3324 894 3400 tibi,
917 3326 941 3386 si
957 3326 993 3386 de
1009 3324 1193 3402 scupturans

140 3430 237 3482 sattcla
252 3424 423 3502 reperirem,
447 3423 564 3485 dicebas
586 3443 675 3503 pesse
698 3424 839 3498 sulllcere,
862 3443 929 3484 ecce
946 3432 1058 3502 septem
1072 3419 1156 3481 testi·

144 3520 235 3580 monta
258 3520 401 3582 dedimus.
448 3521 520 3592 Quis
542 3539 612 3600 ergo
635 3521 792 3582 sustinebit
806 3520 942 3599 Origenis
964 3518 1098 3599 ineptias,
1121 3524 1155 3577 ut

148 3619 339 3696 tungravius
362 3618 468 3697 aliquid
492 3619 603 3697 loquar,
633 3628 662 3679 et
685 3618 786 3680 similis
814 3619 922 3680 efficiar
949 3617 993 3678 vel
1015 3615 1080 3695 ipsi,
1109 3613 1154 3673 vel

150 3705 288 3793 discipulis
307 3717 380 3790 eius,
403 3717 452 3795 qui
474 3717 584 3777 sudent
605 3716 634 3777 in
658 3716 787 3796 periculo
809 3716 923 3777 enimse
939 3734 1009 3776 suae
1023 3728 1155 3775 asserere

153 3812 335 3892 qualemque
359 3813 452 3874 eisin
475 3813 596 3875 lurccam
626 3816 751 3888 venerit,
784 3821 813 3874 et
840 3813 932 3892 magis
962 3811 1062 3873 iubere
1090 3810 1196 3882 deese

156 3912 181 3960 et
199 3924 251 3970 nau
273 3911 310 3971 ab
333 3930 368 3972 en
392 3911 435 3972 vel
450 3930 535 3972 orare
549 3912 593 3973 rel
609 3913 721 3973 discere
736 3909 905 3972 veritatem?
939 3910 1061 3983 Quidam
1077 3906 1157 3967 enim

160 4017 246 4067 sonim
266 4009 369 4070 dicunt
391 4010 469 4087 qrrod
491 4010 588 4088 image
615 4009 670 4083 dei,
699 4028 786 4088 qnam
815 4009 896 4089 prius
923 4007 1034 4087 accepit
1055 4004 1157 4076 Adam,

141 4095 204 4156 ssilll
221 4116 352 4182 peccante
375 4107 502 4187 perierit.
548 4107 601 4168 dlii
624 4108 811 4187 suspicantur
832 4125 948 4187 corpus,
982 4103 1059 4184 qrrod
1082 4099 1160 4160 tilius

965 4207 1002 4258 6*
