2586 4822
162 733 226 796 190
618 744 732 796 aarum

251 903 311 960 525
327 920 351 959 a.
382 890 449 957 ἀλλ’
466 892 523 958 οὐκ
545 893 658 974 ἔμεινεν
680 891 776 979 αὐτῷ]
806 900 881 957 llane
898 901 1023 974 origenis
1047 901 1187 960 historiam

163 988 321 1062 aelapsam
344 987 521 1044 revocantia
543 985 655 1042 dnbium
676 986 794 1042 Annales
816 985 1008 1050 Ecclesiastici,
1033 1004 1106 1044 anno
1127 990 1187 1049 2³3

164 1090 238 1130 num.
253 1075 309 1130 tao
338 1082 365 1128 et
395 1072 538 1145 deinceps:
568 1072 638 1136 imo,
670 1071 742 1144 quod
765 1071 882 1144 amplius
905 1080 956 1136 est,
980 1071 1073 1128 locum
1096 1074 1187 1140 istum,

163 1176 219 1236 qno
242 1159 359 1215 narratio
382 1157 426 1213 illa
449 1149 619 1222 continetur,
643 1166 801 1230 suspectum
824 1156 955 1221 reddunt,
979 1159 1060 1230 quasi
1082 1158 1117 1214 ah
1139 1159 1189 1216 ali-

164 1260 219 1317 quo
247 1258 390 1318 perperam
418 1243 454 1298 sit
481 1242 610 1297 insertus.
651 1241 778 1310 ¹Quorum
806 1241 859 1298 hoc
881 1243 1020 1315 posterius
1044 1246 1188 1318 perspicue

111 1328 408 1392 258lalsum,.alterum
431 1342 486 1382 non
508 1327 574 1382 satis
595 1326 757 1399 probatum,
781 1335 926 1400 utrumque
949 1326 1100 1384 levioribus
1121 1346 1188 1386 con-

164 1414 275 1470 iecturis
298 1413 417 1468 innixum
441 1420 483 1467 est
505 1428 586 1484 quam
613 1420 644 1468 ut
668 1411 852 1467 vetustissimo
875 1412 1105 1486 sanctissimoque
1117 1415 1186 1471 Patri

164 1500 231 1556 tides
254 1500 304 1554 hae
327 1498 352 1552 in
376 1505 452 1570 parte
475 1496 631 1570 derogetur.
663 1496 851 1553 Commeatum
867 1505 917 1562 est,
941 1497 1081 1570 inquiunt,
1105 1509 1133 1556 et
1146 1500 1187 1556 al·

164 1585 262 1641 sectata
291 1582 437 1647 calumnia,
468 1582 542 1654 quod
569 1580 602 1637 de
626 1582 749 1654 Origenis
778 1581 855 1655 lapsu
883 1582 1061 1639 anonnullis
1083 1584 1185 1641 iacitur.

166 1669 222 1725 Cur
242 1668 279 1724 ita
301 1664 429 1724 tandem?
473 1667 605 1736 Quoniam
628 1666 797 1740 Scriptorum
820 1676 940 1723 ueterum
964 1685 1057 1733 nemo,
1080 1671 1124 1742 qui
1143 1669 1183 1725 vel

164 1770 215 1828 pro
232 1754 348 1826 Origene
364 1752 509 1826 Apologins
533 1752 684 1814 ediderunt,
708 1751 749 1807 ecl
772 1752 861 1824 ipsum
884 1769 899 1807 e
921 1755 1062 1809 contrario
1081 1755 1183 1827 scriptis

165 1840 222 1895 suis
245 1846 447 1912 oppugnarunt,
472 1837 530 1893 eins
553 1836 592 1892 rei
614 1836 745 1892 meminit.
775 1836 857 1909 dtqui
873 1853 922 1892 nos
937 1836 1119 1910 Epiphaniam
1133 1856 1183 1912 op-

164 1925 306 1999 ponimus,
337 1939 392 1997 quo
422 1939 510 1995 neque
533 1922 713 1994 antiquiorem
735 1922 894 1984 authorem,
923 1937 1014 1996 neque
1039 1925 1184 1997 graviorem

165 2010 305 2082 requirere
327 2007 473 2072 debemus3
497 2007 599 2080 quide
622 2007 737 2080 Origene
759 2006 833 2062 velut
855 2016 1022 2079 compertam
1047 2026 1113 2074 rem,
1137 2009 1186 2064 mi·

163 2094 291 2166 nimeqne
314 2091 432 2155 dubiam,
455 2091 520 2146 illud
543 2091 631 2164 ipsum
654 2092 757 2147 retulit.
797 2092 827 2148 ln
850 2108 904 2165 quo
926 2108 1096 2166 magnopere
1117 2110 1184 2167 pon·

165 2177 312 2234 derandum
335 2176 409 2232 istud
431 2184 482 2240 est,
506 2176 614 2249 quoties
637 2176 769 2233 eiusmodi
792 2176 891 2249 aliquid
914 2180 1046 2250 proponit
1070 2178 1184 2253 Epipha-

164 2263 236 2326 nius,
259 2261 332 2335 quotl
355 2260 532 2324 adaluuino,
556 2261 636 2316 etiam
659 2262 778 2336 alioquin
797 2262 939 2325 Haeretici,
963 2278 994 2317 ac
1016 2264 1113 2319 nefarii
1136 2265 1183 2319 ho·

164 2348 253 2411 minis,
277 2346 402 2402 invidiam
428 2346 656 2422 ignominiamque
672 2347 805 2420 pertinet,
828 2347 853 2403 id
871 2347 893 2402 si
909 2345 1006 2403 dubiae
1023 2349 1181 2422 minimeque

165 2433 315 2490 constantis
344 2433 429 2489 lamae
451 2432 500 2498 sit,
530 2431 660 2487 nonnulla
682 2448 743 2487 eum
766 2432 954 2497 excusatione,
984 2449 1016 2488 ac
1040 2434 1183 2490 titubanter

165 2518 198 2574 ab
228 2518 273 2574 illo
301 2517 461 2591 significum
491 2524 572 2590 atque
602 2516 654 2573 hoc
682 2516 813 2590 imprimis
841 2518 942 2580 caveri,
975 2534 1009 2573 ne
1033 2520 1137 2575 ineerta
1155 2534 1181 2574 re

165 2603 401 2660 commemoranda
428 2609 530 2659 certam
565 2601 642 2657 alicui
677 2602 811 2658 infamiam
844 2618 876 2658 ac
908 2603 1025 2657 dedecus
1058 2605 1180 2677 imponat.

165 2688 222 2745 lloc
244 2706 308 2745 vero
331 2687 391 2745 loco
415 2688 515 2743 nnllam
538 2687 689 2742 istiusmodi
712 2688 864 2743 cantionem
887 2686 1019 2751 adhibuit,
1044 2689 1104 2752 sed,
1126 2703 1180 2745 en!

165 2774 298 2848 delapsu
321 2783 349 2830 et
369 2774 469 2830 iniecto
493 2783 554 2828 ture
577 2781 723 2836 constaret,
748 2771 801 2828 hoc
823 2789 907 2827 unum
929 2772 1046 2845 excepit,
1071 2773 1180 2847 quodsi

164 2876 258 2916 vertam
282 2868 333 2924 est,
356 2859 389 2914 ad
411 2857 605 2914 sublevandum
622 2858 765 2930 origenem
780 2858 860 2921 valet,
884 2856 1082 2914 nonnullorum
1098 2857 1181 2916 iactari

164 2945 351 3007 sermonibus,
382 2960 552 3017 nequaquam
582 2942 726 3015 Origeuem
754 2942 843 3015 ipsum
873 2949 916 2997 tus
944 2941 1112 3008 adolevisse,
1139 2941 1182 2999 sed

164 3047 226 3086 curn
254 3031 312 3086 eius
340 3029 430 3102 digitis
453 3038 526 3084 esset
548 3028 720 3101 impositum,
750 3028 776 3082 in
799 3027 951 3083 subiectum
974 3042 1038 3083 arae
1063 3029 1183 3085 lomina

164 3114 316 3170 Gentilibus
339 3130 482 3170 excussum
505 3114 599 3169 luisse.
637 3112 714 3181 Quod
736 3111 819 3185 igitur
840 3112 868 3167 in
890 3111 1053 3169 sacrificium
1077 3131 1109 3170 ae
1129 3130 1184 3169 ina·

163 3198 249 3254 iorem
278 3198 389 3254 sceleris
417 3208 522 3271 partem
550 3197 721 3253 consenserit
743 3196 888 3270 Origenes,
917 3197 1027 3253 minime
1057 3197 1184 3255 dubitarit

71 3271 78 3279 ’
163 3281 346 3355 Epiphanius:
377 3292 467 3337 utrum
496 3298 654 3355 expressum
684 3283 736 3338 hoc
764 3281 797 3338 ab
826 3283 909 3338 insito
937 3282 1042 3337 lacinus
1066 3282 1184 3340 einsdmt

164 3366 483 3423 manu'administratum
505 3366 602 3430 luerit,
628 3366 654 3421 id
677 3384 740 3423 vero
763 3365 902 3423 dubitavit.
948 3366 1056 3423 Caeteri
1079 3369 1125 3442 qui
1144 3366 1184 3424 nel

164 3451 331 3526 antiquiores
354 3451 513 3525 Epiphanio,
537 3451 578 3507 vel
594 3451 665 3508 illius
681 3452 813 3526 temporis
828 3469 960 3525 suppares
977 3461 1066 3516 erant,
1091 3454 1184 3528 partim

165 3537 288 3610 Origenis
311 3554 403 3593 amore
425 3536 642 3598 dissimularunt:
666 3540 764 3610 partim
786 3538 859 3611 quod
881 3537 913 3592 ad
937 3554 994 3592 rem
1017 3537 1130 3594 minime
1145 3538 1184 3593 la·

163 3630 248 3686 cerat,
271 3622 381 3679 sciendo
405 3622 656 3696 praetermiserunt.
693 3625 782 3696 Atque
798 3621 931 3679 Eusebius
947 3621 1068 3695 quidem,
1091 3632 1184 3697 utpote

164 3704 287 3780 origenis
311 3707 466 3772 admirator,
489 3707 615 3765 consulto
638 3716 668 3763 nt
690 3709 830 3764 omitteret
851 3708 947 3763 secisse
963 3707 1080 3763 ridetur.
1122 3708 1183 3764 llam

164 3791 230 3849 nihil
253 3808 348 3848 eorum
371 3793 469 3857 tacuit,
500 3808 569 3867 quae
595 3793 626 3848 ad
649 3792 721 3848 illins
744 3793 1021 3858 commendationem
1053 3793 1123 3850 nihil
1143 3800 1185 3849 at·

163 3878 234 3943 tulit,
259 3877 332 3950 quod
353 3878 386 3933 ad
408 3878 581 3934 minuendam
604 3877 828 3934 existimationem
851 3877 961 3933 valeret.
1003 3877 1111 3951 lleliqui
1132 3887 1184 3934 tam

162 3962 284 4019 lautores
307 3977 386 4036 quam
411 3963 555 4020 adversarii
580 3963 713 4036 (trigenis,
737 3979 799 4018 cum
822 3962 855 4018 de
878 3963 966 4036 impiis
989 3963 1048 4018 eius
1072 3963 1185 4037 dogma-

163 4046 245 4114 tibus,
272 4056 354 4123 atqnc
377 4047 515 4109 erroribus
536 4050 565 4105 in
587 4057 724 4106 certamen
746 4047 1013 4124 disputationemque
1036 4049 1185 4133 cepissent,
