2586 4822
149 794 191 856 58
328 806 361 858 ι’.
395 808 590 859 firmum
607 808 670 857 m
687 808 763 855 τιιυ
780 804 989 856 οιιοτοκοκ.

151 959 187 1025 δὲ
208 958 333 1042 τρόπον
355 958 533 1044 κρύπτεται
563 953 618 1024 ἀπ’
645 951 751 1023 αι’τιῦν
781 951 933 1044 όάστίηρ,
969 956 1090 1023 σκόπει
1110 982 1137 1023 τι

150 1051 322 1144 άληθειαν,
346 1060 397 1123 καί
420 1058 523 1141 βλέπε
544 1056 582 1122 τὸ
598 1058 715 1138 θαῦμα
737 1057 788 1120 καί
805 1054 863 1142 τὴν
878 1054 1027 1141 μήνυσιν.
1063 1055 1135 1123 ἕνα

150 1154 266 1220 τούτου
289 1154 467 1238 κρύπτεται
488 1149 545 1220 ἀπ’
565 1149 672 1219 αὐτῶν
694 1148 840 1239 όόιστὴρ,
864 1152 919 1217 ἵνα
940 1152 1067 1218 τούτων
1087 1152 1137 1237 όρι

149 1250 281 1318 τώντων
316 1252 408 1335 παρὰ
440 1255 506 1317 τιῦν
536 1246 686 1317 άπίστιον
720 1252 831 1334 ἱερέων
865 1249 1008 1336 φανερὸν
1036 1256 1137 1337 γε’νησ

125 1353 236 1420 υπᾶσι
264 1348 303 1414 τὸ
331 1345 471 1433 ούρανοῦ
499 1352 551 1415 καί
582 1352 639 1435 γῆς
666 1348 853 1433 μυστήριον.
907 1343 987 1413 ὅθεν
1016 1346 1105 1429 μετὰ
1131 1374 1137 1411 ι

149 1450 272 1531 γνῶναι
294 1446 422 1525 πάντας
444 1451 644 1534 φανεροῦται
667 1446 769 1513 πάλιν
790 1446 908 1529 μάγοις
930 1442 947 1510 ὁ
966 1440 1083 1531 ἀστὴρ,
1108 1445 1137 1513 ἕι

150 1533 190 1609 οὗ
212 1543 321 1610 ἐλθών
345 1546 420 1629 ἔστη
444 1544 556 1610 ἐπάνω
579 1547 637 1609 τοῦ
659 1550 803 1630 βρέφους
826 1543 859 1608 ἐν
881 1546 927 1627 τῷ
950 1544 1119 1628 σπηλαίῳ,

149 1641 275 1726 μᾶλλον
299 1642 332 1708 ἰν
354 1645 400 1726 τῷ
424 1637 560 1727 οὐρανῷ.
610 1637 697 1707 ῦπου
720 1643 779 1726 γὰρ
803 1640 958 1722 Χριστὸς,
983 1639 1049 1706 ἐκεῖ
1073 1636 1092 1705 ό
1115 1664 1137 1708 οε

150 1740 264 1822 ρανός·
302 1740 340 1804 τὸ
368 1740 429 1824 γάρ
453 1740 617 1823 σπήλαιον
646 1733 784 1821 οὐρανὸς
813 1736 914 1824 εἶ’φθη
945 1737 1001 1803 ἐπὶ
1031 1742 1100 1824 γῆς.

112 1856 141 1905 10
151 1838 187 1903 δὲ
211 1837 335 1914 ἰδόντες
356 1837 414 1903 τὸν
437 1832 567 1921 άστίρα,
596 1838 721 1919 μᾶλλον
744 1838 780 1902 δὲ
802 1835 859 1901 τὸν
882 1840 1024 1919 σωτῆρα,
1055 1835 1137 1919 ἒχάρ

152 1958 212 2001 σαν
232 1935 336 2017 χαράν
357 1934 508 2019 μεγάλην,
532 1939 565 2001 οἳ
586 1938 638 2001 καὶ
655 1935 817 2015 κύψαντες
833 1934 1093 2017 προσεκύνησαν,
1116 1959 1137 1997 νυ

151 2032 341 2116 ἐκβαλόντες
362 2033 404 2098 τά
427 2034 526 2115 διῦρα,
548 2031 677 2117 χρυσόν,
701 2032 756 2097 καὶ
775 2033 917 2114 λίβανον,
942 2032 996 2096 καὶ
1013 2031 1137 2113 σμύρνα

148 2130 269 2212 χρυσὸν
290 2132 350 2212 μὲν
373 2126 418 2208 ιῦς
438 2132 579 2212 βασιλεῖ,
604 2133 737 2214 λίβανον
761 2130 796 2194 δὲ
819 2124 863 2206 (ῦς
886 2133 966 2213 θεῷ,
996 2131 1049 2194 καί
1068 2126 1137 2211 σμύι

151 2253 209 2293 ναν
232 2225 277 2305 ὠς
299 2222 475 2312 άθανάτφ,
507 2229 632 2310 μᾶλλον
656 2229 691 2293 δὲ
713 2228 769 2293 ἵνα
791 2230 842 2292 καὶ
866 2228 922 2291 τὸν
942 2227 1137 2312 ἐνταφιασμι

114 2324 319 2410 λυμηνόσωσι
342 2329 401 2390 τοῦ
424 2325 557 2391 πάντων
581 2334 712 2392 κτίστου
728 2329 780 2391 καί
799 2326 995 2410 δημιουργοῦ
1007 2332 1137 2408 Χριστσ

151 2420 188 2488 ὃν
210 2424 315 2490 ἔτεκεν
339 2419 356 2511 ἡ
380 2417 533 2506 οῦράνιος
548 2423 656 2510 νύμφη
674 2429 803 2505 Μαρία,
827 2417 997 2505 όοόρανός
1020 2426 1073 2488 καὶ
1091 2447 1137 2487 να

149 2525 203 2587 καί
233 2519 355 2605 θρόνος
382 2524 440 2607 τῆς
467 2520 638 2607 θεότητος,
672 2518 709 2585 τό
739 2516 954 2606 άνεκλόιλητον
976 2524 1035 2584 τοῦ
1060 2544 1137 2601 παρ

152 2620 262 2686 δείσου
291 2618 467 2704 κειμήλιον.
513 2617 644 2705 ἄγγελοι
673 2618 731 2703 τὴν
755 2617 843 2683 Εόαν
872 2619 1070 2703 ἐμέμφοντο,
1101 2642 1137 2683 νι

152 2719 188 2784 δὲ
209 2716 267 2803 την
280 2723 418 2800 Μαρίαν
434 2716 636 2797 δοξάζουσιν,
662 2712 679 2804 ἦ
703 2716 740 2781 τὸ
764 2712 906 2793 ἀσθενὲς
926 2720 993 2781 τιῦν
1008 2740 1137 2799 γυναικί

111 2821 269 2898 κοκυρίιος
292 2815 476 2893 δοξάσασα,
508 2810 525 2903 ἡ
555 2814 613 2901 τὴν
641 2818 810 2879 πεσοῦσαν
833 2813 921 2878 Εῦαν
944 2809 1137 2898 άναστησαι

150 2912 277 2979 καὶτὸν
300 2912 501 2997 ἐκβληθέντα
523 2916 581 2977 τοῦ
603 2912 808 2995 παραδείσου
821 2907 926 2993 Ἀδάμ
950 2911 996 2988 είς
1011 2905 1137 2993 οῦρανῦ

151 3004 390 3087 άπσστείλασα,
418 3005 438 3094 ἡ
467 3010 524 3074 τόν
546 3012 742 3077 κλεισθέντα
769 3011 974 3091 παράδεισον
999 3004 1137 3086 άνοίξαι

151 3111 204 3173 καὶ
228 3106 284 3172 διά
307 3108 428 3192 λῃστοῦ
451 3106 552 3172 πάλιν
573 3107 631 3173 τὸν
651 3101 757 3188 Ἀδάμ
779 3106 1065 3192 καταφυτεύσασα.
1111 3102 1137 3169 d

152 3208 211 3271 σοῦ
234 3203 295 3288 γάρ
317 3203 356 3269 τὸ
377 3204 571 3286 μεσότοιχον
593 3208 651 3269 τοῦ
676 3208 826 3289 φραγμοῦ
848 3203 906 3289 τὴν
930 3205 1053 3287 ἔχθραν
1076 3223 1137 3269 κατ

111 3305 257 3379 κυλυοεν,
283 3292 308 3368 ὦ
331 3299 409 3387 άγία
430 3307 589 3385 παρθένε.
628 3302 683 3368 διὰ
706 3305 766 3367 σοῦ
791 3297 978 3388 ηούράνιος
999 3302 1106 3387 είρηνη
1135 3328 1137 3335 ·

151 3398 263 3487 κόσμηι
287 3399 456 3485 ίδιορηθη,
491 3399 547 3465 διά
576 3403 636 3466 σοῦ
663 3399 705 3466 τὰ
733 3405 861 3482 πέρατα
893 3404 951 3484 τῆς
980 3400 1137 3482 οίκοομότ

152 3498 343 3583 ἐφωτίσθη,
378 3497 434 3564 διὰ
463 3500 523 3563 σοῦ
552 3496 730 3582 ἄνθρωποι
760 3495 891 3583 άγγελοι
913 3497 1084 3583 γεγόνασι,
1117 3514 1137 3555 ⁴

152 3599 211 3662 σοῦ
234 3599 328 3682 φίλοι
350 3594 405 3662 καὶ
428 3597 540 3662 δοῦλοι
572 3598 624 3661 καί
647 3601 743 3661 τέκνα
764 3599 847 3662 θεοῦ
876 3594 1058 3679 ἅνθρωποι
1080 3588 1137 3663 ἐκ]

151 3702 271 3781 θησαν,
305 3696 359 3759 καί
383 3692 440 3759 διὰ
469 3696 528 3759 σοῦ
552 3693 726 3760 σύνδουλοι
749 3688 892 3777 ἀγγέλων
920 3696 972 3759 καί
997 3694 1137 3778 σονόμιι

111 3790 331 3874 εοόίνθριυποι
353 3786 546 3877 ἠξιώθησαν
568 3796 734 3875 γενέσθαι,
767 3791 825 3856 διά
847 3793 906 3856 σοῦ
928 3795 1050 3874 γνῶσις
1072 3785 1137 3869 οόε

151 3915 221 3968 νιος
243 3892 295 3954 καὶ
320 3890 493 3973 δοξολογία
516 3883 585 3954 άπὸ
607 3891 665 3976 γῆς
684 3889 730 3966 είς
746 3883 904 3971 οῦρανοῦς
920 3885 1137 3974 ἀναπέμπω

153 3986 209 4054 διὰ
231 3989 291 4051 σοῦ
314 3993 501 4071 παρρησίαν
523 3984 703 4070 άνθρωποι
719 3987 752 4052 ἓν
768 3981 896 4072 οὐρανῷ
914 3986 1002 4071 πρὸς
1016 3988 1074 4054 τὸν
1090 3983 1137 4061 ῦνί

152 4108 230 4152 οτον
253 4084 372 4167 ἔχουσι,
396 4084 453 4151 διὰ
475 4089 536 4150 σοῦ
558 4084 700 4170 σταυρὸς
723 4085 852 4169 ἔλαμψε
875 4085 960 4151 κατὰ
982 4086 1094 4173 πάσης
1112 4103 1137 4149 τ
