2586 4822
471 827 761 882 intaierenstones.
1069 817 1128 881 tel

104 982 161 1053 titi
189 983 226 1043 de
250 981 386 1041 Ecclesiae
418 982 516 1041 ritilius
543 1001 626 1058 agens
653 984 775 1041 meminit
803 984 875 1041 inter
901 993 1008 1041 caetera
1036 985 1128 1043 ieiunii

102 1078 224 1145 martae
245 1078 390 1126 nescitae
411 1068 504 1134 lenae,
526 1069 605 1127 cuius
627 1069 744 1127 instituti
764 1085 887 1126 caussam
902 1069 1002 1143 aperit:
1025 1062 1127 1146 ἐπειδή

102 1171 166 1231 sup
189 1144 403 1231 ἐπιφωσκούσῃ
425 1147 546 1230 τετράδι
569 1147 750 1231 συνελήφθη
771 1146 787 1211 ὁ
810 1147 913 1230 κύριος
927 1148 976 1209 καὶ
993 1155 1035 1233 τῷ
1050 1172 1128 1229 προ-

102 1231 262 1317 σαββάτῳ
290 1231 490 1315 ἐσταυρώθη.
531 1240 672 1309 Quoniam
698 1240 811 1296 ineunte
833 1248 937 1311 quarto
955 1239 1033 1311 [erio
1054 1257 1128 1295 coin·

100 1325 264 1399 prehensus
286 1321 476 1381 estuantem
497 1333 524 1381 et
544 1325 620 1398 ferio
640 1325 664 1382 V
684 1326 843 1398 omcisesua.
873 1324 932 1392 Quo
954 1325 1044 1397 posito
1059 1342 1129 1382 cou-

103 1426 229 1484 sequens
252 1416 303 1472 est,
327 1407 464 1465 Christum
486 1420 630 1474 cannete,
653 1426 722 1482 quae
744 1409 837 1466 leriam
855 1411 871 1466 3
896 1410 1019 1485 sequitur
1039 1420 1067 1466 et
1082 1411 1128 1467 lu-

103 1494 186 1553 daice
208 1493 289 1552 leriae
312 1497 329 1551 4
353 1493 496 1558 tribuitur,
520 1505 628 1568 captum
651 1511 726 1559 esse,
754 1512 815 1551 eum
837 1493 917 1568 poulo
940 1502 1003 1550 ante
1025 1495 1128 1553 Pascha

103 1578 285 1641 celebrasset.
314 1579 443 1636 Audierat
458 1580 548 1653 itaque
563 1589 591 1637 et
606 1597 621 1636 a
635 1578 781 1636 maioribus
795 1587 938 1653 acceperat
952 1578 1126 1653 Epiphanius,

104 1664 178 1723 duas
200 1663 258 1720 illas
273 1664 352 1719 serias
367 1663 520 1721 llouiiuicae
532 1664 654 1721 Passioni
668 1664 828 1721 recolendae
843 1665 1018 1738 praestitutas
1033 1665 1126 1732 luisse,

102 1766 141 1809 ac
161 1748 263 1806 ieiunio
286 1760 467 1805 consecratas.
499 1750 564 1806 Cum
587 1759 678 1806 autern
701 1759 776 1806 certo
798 1758 944 1814 constaret,
970 1750 1035 1806 ferie
1059 1753 1076 1808 6
1100 1753 1127 1807 iu

103 1852 192 1895 eruce
221 1832 347 1891 suffixum
374 1819 466 1899 esse,⁰
481 1834 553 1890 nulla
575 1835 709 1908 passienis
731 1835 789 1891 eius
811 1843 915 1891 restare
937 1835 991 1890 visa
1013 1845 1056 1891 est
1077 1836 1128 1894 alia

104 1936 183 1997 pars,
205 1935 286 1994 quam
309 1920 517 1992 comprehensio
535 1929 562 1975 et
577 1919 704 1993 alligatio.
733 1919 851 1976 Proinde
865 1919 930 1975 feria
947 1923 964 1977 4
981 1930 1127 1994 appetente

103 2014 219 2080 captum
241 2012 322 2077 atque
345 2004 463 2060 vinctum
486 2022 547 2061 esse
565 2005 705 2061 poininum
727 2004 848 2061 credidit.
880 2003 972 2077 lleqne
996 2022 1059 2062 tero
1075 2006 1126 2064 alio

103 2098 249 2162 tempore,
279 2106 359 2162 quatu
388 2106 443 2162 quo
466 2089 555 2145 ludaei
578 2089 716 2165 plerique,
744 2088 883 2146 celebrare
906 2089 997 2146 voluit.
1043 2091 1128 2165 Igitur

103 2176 191 2233 etiam
213 2173 304 2229 ludaei
324 2174 390 2231 laria
412 2175 492 2231 tertia
513 2184 688 2248 peregerunt.
729 2174 837 2239 l'itiose,
861 2175 922 2248 quis
943 2173 1044 2249 negati
1074 2176 1127 2233 Sed
1221 2225 1228 2241 ,

103 2259 184 2335 quod
212 2259 324 2314 maxima
354 2276 416 2333 pars
444 2276 477 2315 eo
500 2260 542 2315 die
564 2259 666 2315 Pascha
688 2261 858 2323 comederat,
887 2258 969 2315 hiduo
992 2277 1053 2317 euru
1075 2260 1127 2318 illis

102 2344 272 2417 anticipavit.
303 2343 367 2401 Erat
389 2345 460 2400 enim
481 2345 548 2401 laria
570 2344 590 2397 V
613 2344 698 2401 llnrtii
714 2345 769 2400 xlx
792 2343 992 2408 celebrandum,
1015 2361 1076 2401 cum
1100 2347 1127 2401 in

106 2428 184 2489 huuc
212 2429 282 2485 diern
305 2429 360 2485 lllly
389 2429 494 2485 Iudaica
524 2429 617 2486 vitiosa
641 2438 825 2486 concurreret.
872 2429 926 2485 Cur
947 2439 1036 2485 autem
1059 2430 1127 2488 adeo

106 2532 293 2589 praepropere
309 2513 399 2569 ludaei
421 2515 466 2571 isti
483 2514 585 2570 Pascha
608 2515 791 2577 comederent,
814 2530 936 2570 caussam
959 2514 1049 2571 attulit
1064 2515 1128 2571 nul·

104 2598 170 2665 ltu.
202 2599 256 2655 Sed
279 2600 330 2655 hoc
353 2609 443 2654 tamen
465 2599 616 2672 siguificare
638 2599 751 2663 videtur,
774 2599 887 2655 ludaeos
911 2598 1064 2663 nonnullos,
1087 2601 1128 2655 ri-

106 2684 208 2743 delieet
231 2684 392 2740 Pharisaeos
414 2700 445 2739 ac
461 2683 577 2748 Scrihas,
601 2700 771 2740 communem
794 2684 867 2740 huuc
890 2700 1009 2740 errorent
1033 2702 1128 2742 emen·

104 2768 173 2829 (lare
195 2769 336 2842 cupientes
358 2768 462 2825 Pascha
484 2785 563 2824 suurn
587 2769 612 2824 iu
637 2771 675 2826 20
698 2768 786 2824 hlartii
808 2767 878 2823 diem
902 2768 1048 2834 distulisse,
1072 2786 1127 2843 quo

105 2870 207 2931 possim
230 2863 273 2909 est
287 2854 420 2917 Christus,
444 2870 499 2927 quo
521 2853 646 2910 uiniiram
669 2853 781 2927 propius
804 2853 838 2909 ad
851 2853 1059 2926 Aequinoctium
1081 2871 1128 2910 ae·

102 2938 254 3002 aederent,
277 2938 318 2995 rel
342 2939 421 2995 etiam
444 2937 563 2995 eoeleste
585 2938 774 2995 Pleniluuium.
805 2937 871 2993 Nam
894 2938 946 2994 hoc
968 2938 1049 2994 verha
1071 2939 1129 3012 ipsa

106 3025 192 3083 meite
226 3024 428 3080 demonstrant:
467 3019 517 3079 καὶ
551 3018 692 3099 ἷσημερία
724 3016 784 3096 πρὸ
817 3015 921 3079 ἕνδεκα
954 3018 1129 3081 Καλανδῶν

99 3100 301 3181 Ἀπριλλίων,
337 3101 374 3163 di'
404 3099 443 3180 ἣν
476 3102 682 3181 πλανηθέντες
708 3100 883 3184 ὑπέρβατσν
908 3101 983 3179 μίαν
1011 3098 1129 3182 ἡμέραν

103 3188 263 3267 ἐποίησαν.
308 3192 379 3266 Ergo
402 3186 454 3249 διὰ
476 3185 531 3267 τὴν
552 3189 728 3269 ἰσημερίαν,
752 3202 780 3248 et
801 3193 916 3249 tortasse
938 3202 1052 3266 proptor
1073 3193 1130 3249 Lu-

104 3296 170 3337 nam
193 3280 284 3343 etiam,
307 3295 342 3334 ne
366 3288 507 3352 tantopere
529 3277 562 3334 ab
585 3287 702 3351 utroque
723 3276 897 3341 recederent,
920 3277 991 3334 diem
1014 3277 1130 3335 diffude-

104 3372 179 3427 rant.
224 3364 334 3421 Poterat
363 3364 434 3418 enirn
463 3363 504 3420 vel
527 3364 584 3437 ipse
607 3362 702 3419 sideris
724 3372 850 3436 aspectus
873 3362 927 3419 vitii
950 3361 1011 3419 illos
1034 3361 1130 3419 admo·

104 3464 184 3513 nere,
208 3449 281 3522 quod
303 3447 399 3504 saltem
422 3449 597 3505 minuendum
619 3466 680 3505 esse
703 3447 889 3504 decreverunt.

103 3574 129 3589 .·
196 3532 263 3590 Cum
291 3533 360 3590 haec
381 3532 546 3607 Epiphanius
569 3533 710 3590 inanileste
733 3533 846 3596 sentiat,
876 3541 982 3589 caetera
1005 3548 1074 3606 quae
1096 3530 1129 3587 ab

105 3635 142 3677 ee
158 3617 288 3676 dicuutur
303 3619 399 3675 eedem
415 3619 553 3691 dirigenda
568 3628 641 3682 suut,
662 3627 743 3691 atque
758 3618 811 3673 hec
826 3617 907 3672 modo
923 3615 1128 3673 constituenda:

106 3704 235 3763 Glaristus
262 3703 350 3777 legale
379 3703 482 3759 Pascha
510 3701 654 3759 celebrarit
686 3720 747 3759 cum
775 3702 912 3776 plerisque
941 3701 1046 3757 ludaeis
1076 3700 1129 3758 xvl

104 3786 168 3847 [ιλ
190 3791 255 3862 dpr.
278 3788 344 3845 feria
366 3789 409 3853 lll,
433 3789 508 3845 Luna
529 3787 635 3843 ludaica
657 3788 750 3844 vitiosa
777 3789 823 3851 12,
847 3803 909 3843 euru
932 3786 1034 3842 feriaV
1055 3786 1129 3842 Luna

103 3872 165 3933 xlv
187 3873 282 3930 vitiosa
304 3870 398 3947 perlici
420 3872 553 3929 debuerit.
585 3872 668 3929 Biduo
691 3872 773 3946 igitur
795 3871 947 3929 antevertit.
977 3873 1011 3927 dt
1033 3869 1131 3927 Phari·

104 3959 174 4025 eaei,
199 3958 345 4033 ludaeique
368 3958 411 4014 alii
434 3959 507 4014 huna
530 3957 689 4014 ludaieaXV
711 3956 795 4013 llartii
813 3957 865 4020 llll,
889 3973 944 4029 quo
967 3955 1009 4012 die
1032 3973 1129 4029 passus

104 4053 153 4103 ut
174 4043 314 4110 Christm,
345 4035 418 4101 καθ’
440 4035 611 4117 ὑπέρβασιν
632 4043 684 4100 diei
707 4042 788 4099 unius
809 4058 824 4097 a
847 4042 921 4099 Luna
943 4040 999 4097 lllV
1020 4040 1053 4096 ad
1076 4038 1128 4096 Xl'.

104 4128 148 4187 Eu
167 4130 202 4187 iis
223 4129 305 4187 lalses
328 4147 376 4187 eos
399 4146 459 4185 esse
484 4137 605 4193 constat,
634 4129 681 4202 qui
704 4126 853 4201 Epiphanio
877 4125 1041 4184 Graecorum
1064 4142 1130 4183 seu·
