2586 4822
120 796 179 859 tea
420 808 533 859 aersrn
552 806 834 861 antsantenstoues

116 967 195 1025 adan
218 964 268 1021 sihi
291 965 443 1023 idiotismus
464 973 560 1021 noster
580 964 683 1021 ascivit.
712 963 790 1034 Quod
805 979 871 1021 sero
885 961 1063 1037 quadrantem
1078 963 1133 1022 duo

116 1051 158 1109 illa
182 1043 277 1108 λεπτὰ
290 1049 396 1106 llareus
418 1051 547 1109 nominat.
571 1065 620 1105 rur
642 1048 736 1105 unciae
751 1049 843 1122 potius
863 1065 945 1122 qnam
970 1047 1055 1113 oholi,
1078 1050 1133 1107 imo

115 1137 196 1194 etiam
225 1136 309 1193 chalci
332 1134 509 1209 quadrantem
531 1131 713 1190 arbitremur?
757 1134 824 1191 Octo
846 1133 874 1189 in
896 1133 1024 1190 drachma
1045 1133 1133 1191 chalci

115 1230 194 1287 sunt.
222 1221 335 1279 totidem
363 1237 378 1276 a
407 1219 544 1275 nonnullis
566 1219 594 1274 iu
616 1218 710 1276 chalco
732 1218 834 1277 minuta
856 1224 1023 1276 statuuntur.
1068 1218 1133 1279 Tan

115 1307 197 1379 igitur
217 1305 304 1365 chalci
326 1305 397 1370 duo,
419 1303 494 1361 oholi
517 1314 545 1360 et
567 1297 661 1360 λεπτὰ
684 1305 754 1368 duo,
783 1303 870 1361 chalei
891 1303 1069 1377 quadrantem
1092 1304 1134 1360 la·

114 1392 203 1455 ciunt.
233 1408 313 1465 qnam
342 1389 451 1452 numae.
482 1388 658 1462 quadrantem
686 1389 787 1445 tlenarii
815 1388 886 1453 duo,
914 1388 955 1445 vel
976 1388 1132 1446 drachmae.

114 1477 207 1550 ltaque
233 1475 342 1533 chalcos
365 1474 408 1532 aio
430 1475 498 1531 dnos
521 1491 597 1536 esse,
627 1475 679 1529 hou
701 1484 744 1531 est
765 1473 837 1530 oholi
860 1473 1052 1547 quadrantem,
1081 1472 1133 1531 λε-

114 1551 208 1627 πτοὺς
229 1559 289 1617 illos
312 1558 415 1615 viduae.
446 1558 523 1628 Quod
546 1567 574 1614 et
590 1558 700 1614 Latinus
723 1559 857 1632 interpres
873 1558 990 1632 agnouit,
1013 1558 1061 1632 qni
1078 1559 1134 1615 Lu·

114 1663 160 1701 cae
178 1646 227 1709 tt,
250 1642 296 1700 ubi
320 1645 412 1701 eadem
428 1643 539 1699 historin
557 1653 690 1707 narratur,
715 1637 808 1700 λεπτὰ
824 1644 912 1708 vertit,
931 1660 1007 1699 ‘aero
1021 1644 1133 1700 ariam

113 1732 176 1795 duo,
201 1746 298 1804 nempe
316 1724 440 1804 χαλκιά.
470 1727 545 1785 Unde
569 1736 596 1784 et
612 1720 807 1803 χαλκολόγον,
827 1737 1035 1785 mansuetem.
1066 1728 1131 1785 llam

108 1810 225 1890 χαλκὸς
246 1833 296 1889 pro
319 1814 393 1871 omni
414 1812 617 1870 nummulorum
639 1830 740 1888 genere
761 1813 860 1887 paesirn
883 1814 1023 1887 accipitur.

197 1943 346 2005 sedulam,
370 1941 465 2015 inquit,
490 1943 541 1997 hoc
557 1939 732 2014 Epiphanius,
755 1940 868 1997 domita
885 1939 994 1998 scribit:
1018 1940 1131 2006 siclum,

112 2028 158 2102 qui
181 2038 209 2084 et
231 2027 365 2103 quadrans
387 2035 511 2090 vocatur,
535 2029 630 2085 unciae
653 2035 773 2100 quartam
798 2043 858 2082 esse
880 2035 998 2100 partem,
1022 2026 1133 2082 stateris

113 2111 253 2168 semissem
275 2128 306 2168 ac
328 2110 469 2168 drachmas
492 2111 631 2169 continere
654 2112 729 2168 «tuas.
765 2111 845 2176 linas,
869 2110 965 2189 inquit.
989 2110 1133 2167 drachmas

112 2197 177 2253 disit
199 2197 298 2254 author
320 2194 374 2261 ille,
397 2213 466 2272 qnae
489 2194 532 2253 alii
556 2199 666 2254 roinuta.
697 2196 754 2253 lluc
775 2213 839 2253 veru
857 2212 995 2269 nunqnam
1011 2194 1134 2270 Epipha-

113 2283 174 2339 nius
203 2281 283 2346 ditit,
312 2281 453 2338 drachmas
481 2283 546 2338 duna
570 2284 690 2339 eiusdem
713 2299 773 2339 esse
795 2283 902 2356 generis
926 2296 987 2336 cnm
1010 2277 1134 2349 λεπτοῖς

112 2366 164 2425 illis
193 2368 331 2424 rnendicae
358 2366 548 2432 mulierculae,
582 2367 655 2442 quod
685 2378 727 2424 est
763 2357 878 2423 ἄτοπον
914 2374 941 2422 et
968 2365 1131 2423 inauditum.

49 2517 56 2533 ‚
112 2453 217 2510 Scimus
247 2461 369 2527 quartam
393 2453 487 2510 unciae
510 2463 612 2527 partein
635 2453 775 2509 tlraelrmas
798 2468 858 2508 esse
882 2450 961 2515 duas,
991 2466 1058 2524 quas
1081 2467 1133 2507 cur

112 2537 277 2614 Epiphanius
300 2554 360 2594 curn
379 2537 451 2595 Sirlo
474 2537 628 2599 conlnndat.
651 2554 774 2593 caussam
797 2552 848 2593 suo
869 2535 930 2591 loro
953 2534 1130 2592 reddidimus.

112 2622 165 2679 Sed
193 2624 241 2680 has
270 2621 499 2681 tlrras'draclrmae
521 2624 623 2680 minuta
647 2638 707 2678 esse
730 2623 799 2685 duo,
828 2620 979 2676 cuiusmodi
1001 2619 1078 2676 uidua
1102 2621 1131 2675 in

112 2708 332 2782 gazophylacium
348 2706 447 2773 intulit,
473 2726 561 2782 neque
577 2707 720 2783 probatum
736 2706 788 2762 illic
803 2715 854 2769 est,
878 2722 966 2778 neque
982 2722 1132 2780 argurnen·

113 2792 214 2849 tatione
237 2793 289 2848 ulla
313 2801 403 2866 potest
426 2793 505 2849 effici.

198 2921 230 2974 tt
253 2936 316 2975 ecre
337 2920 437 2976 author
460 2929 501 2975 cst
524 2919 688 2993 Hesychius,
716 2911 825 2975 λεπτὸν
845 2935 906 2975 esse
928 2907 1132 2990 ἓξακνσχνλνο-

113 2995 187 3059 στὸν
207 2995 368 3059 ταλάντου.
399 3004 469 3076 Ergn
492 3022 538 3060 sex
560 3003 639 3061 nuillin
663 3006 725 3060 τῶν
746 3002 863 3060 λεπτῶν
884 3003 909 3059 in
926 3001 1037 3060 Talento
1060 3019 1132 3059 eon·

112 3087 242 3143 timemur.
286 3088 356 3143 Sunt
384 3098 474 3144 atatem
503 3089 528 3143 in
559 3089 660 3146 talento
683 3088 795 3145 totidem
818 3088 988 3145 richardorum
1011 3104 1043 3142 ae
1065 3087 1132 3144 dra-

112 3173 251 3229 chmarum
274 3173 364 3229 millia.
395 3174 483 3242 Quare
505 3174 574 3229 idem
598 3185 640 3229 est
662 3174 794 3230 minutum
817 3189 878 3229 cunt
901 3172 1036 3229 drachma.
1071 3172 1132 3229 lloc

112 3267 154 3313 est
177 3255 343 3330 probationis
365 3267 455 3331 caput,
478 3269 559 3332 atque
582 3259 669 3332 ipsum
687 3269 774 3315 tamen
790 3257 963 3314 levissimum.
993 3257 1059 3313 llam
1075 3256 1132 3313 Ta-

111 3341 214 3399 lentutn
237 3343 307 3415 apud
323 3342 485 3417 Hesychinrn
509 3362 563 3401 non
582 3344 718 3417 ingentem
740 3343 810 3399 illam
833 3343 962 3415 pecuniae
984 3359 1129 3408 summam.

112 3443 181 3499 quae
209 3445 257 3483 sen
278 3428 448 3486 denariunnn
472 3429 551 3485 nullia
573 3429 778 3502 complectitur,
807 3427 854 3483 sed
877 3426 993 3483 solidum
1014 3443 1129 3483 aureum

111 3511 252 3586 significat,
277 3522 307 3568 ut
329 3514 355 3569 in
377 3513 446 3570 lihro
468 3513 502 3570 de
524 3531 553 3569 re
568 3513 692 3569 Numania
709 3512 828 3586 Scaliger
848 3511 1043 3568 animaduertit
1074 3510 1129 3569 sed

112 3595 237 3669 Hesychii
260 3596 338 3652 serlra
362 3599 515 3655 necessario
543 3598 597 3654 hnc
617 3597 793 3657 adscribenda
815 3606 889 3654 sunt.
934 3586 1129 3695 Κοδράντης,

112 3681 214 3755 inquit,
238 3675 271 3738 τὸ
294 3684 370 3751 πᾶν,
393 3679 411 3758 ὴ
405 3676 469 3739 τὸ
493 3677 637 3781 τέταρτον
658 3685 712 3758 τῆς
733 3674 860 3779 ᾳόλεννς.
895 3672 1056 3780 dianerius.
1092 3675 1128 3738 τὸ

112 3760 146 3822 δὲ
168 3760 277 3823 λεπτὸν
297 3758 553 3840 τ’ξακνσχνλνοστὸν
574 3755 780 3827 ταλάντου·
762 3762 863 3825 odora
885 3756 1020 3840 νόμισμα
1042 3757 1085 3835 ἓν,
1109 3758 1129 3842 ἢ

111 3845 212 3909 κόκκοι
242 3854 331 3949 τρεῖς
374 3845 409 3908 τὸ
438 3844 471 3907 δὲ
492 3845 642 3908 τάλαντον
633 3841 799 3990 disput
785 3843 1008 3909 exardescimus
1030 3851 1130 3909 πέντε.

111 3929 128 3992 ὁ
151 3931 185 3992 δὲ
206 3928 376 4014 κοδράντας
398 3931 573 4008 νομίσματα
597 3932 674 4012 τρία.
714 3929 731 3994 ὁ
754 3929 827 3995 δὲ’
808 3952 936 4011 ισχατος
956 3930 1139 4010 κοδράντης·

112 4015 146 4075 sd
169 4016 315 4096 τέταρτον
337 4024 389 4095 τῆς
403 4012 537 4121 φόλεως.
568 4020 626 4077 llos
643 4012 886 4099 Κοὸράντης,
856 4041 913 4080 το
906 4021 975 4091 πᾶν,
997 4012 1130 4094 iliensis

112 4094 176 4162 dio
212 4100 246 4169 τὸ
268 4099 303 4163 δε
324 4097 433 4163 λεπτὸν
453 4095 719 4181 sinningthwaite
739 4102 906 4164 ταλάντων.
950 4106 1036 4175 Quam
1059 4107 1130 4163 haec
