2586 4822
153 803 194 865 76
347 810 354 821 ·
452 813 498 868 tn
533 818 571 867 an
592 818 727 868 tonnam
747 817 840 867 susc.
860 816 939 867 ntea.

151 967 278 1049 ignoro?
310 969 384 1030 nunt
406 968 495 1047 igitur
515 969 665 1030 veritatem
686 969 717 1029 in
740 988 876 1030 sermone
898 969 955 1041 dei,
979 987 1026 1029 me
1040 969 1098 1030 hoc
1114 985 1192 1037 nect

152 1068 277 1141 audisse,
308 1085 363 1128 nec
384 1086 482 1142 nosse,
512 1085 566 1128 neo
587 1068 671 1128 istius
695 1067 841 1128 sermonis
869 1067 987 1147 penitus
1008 1066 1167 1128 recordari.

153 1165 323 1245 Suspicatus
346 1183 411 1226 sum
434 1185 471 1226 ne
493 1165 613 1226 forsitan
636 1165 714 1225 inter
735 1166 835 1238 multa,
857 1166 940 1245 quasi
957 1165 1046 1224 lromo
1062 1163 1170 1224 oblitus

58 1314 61 1319 ,
153 1282 258 1336 essem,
274 1272 304 1324 et
318 1263 355 1323 oh
371 1263 448 1323 hanc
462 1282 579 1324 calisam
595 1272 728 1323 sanetum
738 1263 910 1341 Gregorium
926 1262 1093 1324 sciscitatus
1104 1280 1169 1323 snm

128 1372 182 1426 oet
196 1361 344 1423 Zenonem
366 1361 579 1439 presbyterum,
602 1359 651 1440 (pu
673 1380 738 1420 cum
763 1379 797 1420 eo
820 1368 872 1421 est.
903 1360 925 1420 E
949 1359 1056 1438 ortibus
1078 1358 1170 1420 abbas

153 1458 313 1537 Gregorius
335 1458 486 1536 respondit
506 1476 538 1518 se
560 1459 617 1518 hoc
639 1458 756 1537 penitus
778 1458 923 1537 ignorare,
946 1457 1046 1518 Zenon
1070 1466 1168 1519 autem

153 1556 233 1630 dixit,
255 1555 322 1634 quia
344 1574 410 1615 cnm
432 1555 458 1616 ei
481 1555 634 1636 presbyter
649 1556 773 1617 Rtrfinus
796 1556 894 1617 nescio
913 1574 986 1633 quae
1002 1554 1057 1616 alia
1074 1566 1170 1616 trans·

152 1655 237 1716 itorie
258 1654 441 1732 loqueretur,
463 1653 549 1713 etiam
572 1653 628 1713 hoc
650 1653 770 1725 dixerit,
808 1663 932 1732 putasne
953 1652 1067 1732 aliquos
1091 1653 1170 1714 ordi-

154 1761 277 1813 naturus
299 1761 344 1812 est
366 1763 485 1811 sanctus
500 1748 677 1830 episcopus?
714 1751 752 1812 Et
775 1751 896 1812 luriusce
918 1751 1034 1812 stetisse
1057 1770 1169 1812 sermo·

114 1863 144 1914 tlt
153 1869 228 1913 nem
268 1849 330 1927 Ego
352 1859 449 1909 autem
465 1848 647 1928 Epiphanius
670 1868 725 1910 nec
747 1849 842 1909 audivi
865 1849 1019 1928 uniloquam
1043 1868 1100 1910 nec
1122 1868 1169 1911 re-

152 1946 269 2028 spondi.
315 1946 407 2014 Unde,
436 1946 631 2020 dilectissime,
666 1966 726 2007 non
750 1957 778 2007 tc
799 1948 967 2026 praeveniat
988 1949 1080 2019 sanor,
1114 1952 1193 2009 nectt

152 2053 276 2125 occupet
297 2043 468 2121 indignatio,
498 2063 553 2105 noc
580 2046 688 2105 frustra
710 2045 868 2118 movearis,
898 2054 926 2105 et
954 2044 1030 2105 alind
1064 2044 1169 2106 dolens

153 2153 180 2205 te
203 2151 298 2207 vertas
320 2141 441 2214 adalia,
466 2151 498 2203 ut
520 2143 657 2221 peccandi
674 2143 857 2204 occasionem
872 2143 1019 2203 invenisse
1035 2142 1168 2203 ridearis.

154 2241 238 2312 erod
262 2239 404 2319 propheta
427 2239 559 2301 devitans
573 2240 724 2301 dominum
741 2249 885 2319 precatur,
908 2241 1019 2313 dicens,
1043 2259 1104 2300 non
1122 2241 1171 2301 de·

114 2348 143 2401 tt
152 2338 242 2401 clines
264 2355 317 2397 cor
338 2354 435 2397 meum
457 2337 487 2397 in
511 2339 597 2398 verba
620 2337 753 2412 malitiae,
782 2339 817 2398 ad
846 2339 1026 2399 excusandas
1048 2357 1169 2400 excusa·

153 2436 247 2498 tiones
274 2435 306 2494 in
335 2434 469 2513 peccatis.
519 2435 590 2495 lllud
622 2454 738 2514 quoque
766 2435 886 2495 nordicos
908 2436 1070 2496 admiratus
1092 2454 1167 2507 sum,

151 2534 229 2613 qarod
252 2532 379 2611 quidam,
401 2532 450 2610 qui
473 2533 569 2594 solent
591 2533 668 2594 ultro
691 2533 822 2611 citroque
837 2542 956 2611 portare
970 2534 1167 2602 rumusculos.

150 2640 180 2692 et
201 2630 247 2692 lris
269 2650 342 2710 quae
364 2631 520 2692 audierunt
542 2649 659 2710 semper
680 2631 796 2703 addere,
827 2641 858 2691 ut
880 2631 1010 2691 tristitias
1038 2639 1068 2691 et
1092 2630 1168 2692 rixas

151 2728 228 2789 inter·
249 2729 353 2788 tratres
374 2729 530 2802 concitent,
554 2738 582 2789 te
605 2747 720 2808 utroquo
743 2729 943 2802 turbaverunt,
970 2738 999 2789 et
1019 2728 1167 2802 dixerunt,

111 2826 227 2911 zpqrmd
250 2827 280 2885 in
303 2827 435 2887 oratione
458 2828 575 2905 quando
598 2827 747 2887 ollerimns
770 2826 908 2887 sacriticia
931 2827 994 2899 deo,
1019 2826 1168 2887 soleamne

152 2942 206 3003 pro
228 2931 256 2982 te
278 2922 384 2995 dicere,
408 2923 535 2998 domine,
558 2933 674 3003 praesta
688 2924 791 2984 loanni
815 2934 846 2985 ut
867 2933 945 2985 recte
959 2924 1070 2985 credat
1104 2924 1192 2990 Nolic

153 3039 208 3079 nos
231 3019 259 3078 in
284 3029 395 3080 tantum
419 3030 521 3099 putare
543 3022 685 3091 rusticos,
714 3030 746 3082 ut
773 3022 830 3082 hoc
858 3033 914 3083 tam
943 3031 1042 3100 aperte
1072 3022 1169 3084 dicere

152 3116 342 3195 potuerimus.
393 3118 573 3197 Quamquam
603 3119 680 3180 enirn
710 3119 766 3180 hoc
793 3120 823 3180 in
852 3120 940 3181 corde
961 3139 1027 3180 meo
1051 3138 1169 3201 semper

152 3232 243 3286 orem,
266 3224 362 3275 tamen
386 3226 418 3276 ut
433 3215 603 3295 simpliciter
618 3218 717 3289 fatear,
742 3235 891 3296 nunquam
906 3217 935 3276 in
951 3217 1062 3279 alienas
1081 3237 1168 3279 aures

111 3311 268 3392 mprotuli,
300 3331 336 3373 no
360 3321 388 3374 te
409 3313 523 3374 viderer
551 3313 770 3394 parvipendere,
794 3314 988 3376 dilectissime.
1041 3316 1167 3387 Quando

150 3420 247 3470 autem
269 3409 449 3488 corripiemus
471 3412 631 3472 orationem
654 3411 817 3473 secumlum
844 3412 932 3473 ritum
949 3415 1166 3492 mysteriorum,

150 3518 179 3569 et
202 3527 255 3587 pro
278 3508 431 3580 omnibus,
455 3517 484 3569 ot
506 3527 559 3587 pro
583 3519 610 3570 te
631 3528 747 3589 quoqne
769 3509 908 3583 dicimus,
938 3511 1051 3571 custodi
1075 3511 1165 3583 illum,

150 3606 198 3684 quii
222 3605 368 3684 praedicat
388 3605 546 3666 veritatem.
593 3605 640 3666 Vel
662 3616 741 3666 certe
762 3607 810 3682 ita,
835 3617 865 3669 tu
888 3618 1012 3687 praesta,
1035 3609 1165 3682 domine,

151 3712 179 3763 et
201 3703 325 3775 cristodi,
349 3712 380 3763 ut
402 3703 449 3763 ille
472 3702 592 3764 verbum
615 3704 763 3782 praedicet
786 3705 927 3777 veritatis,
952 3705 1028 3766 sicut
1050 3706 1167 3768 occasio

109 3799 296 3871 apsermonis
319 3819 351 3860 se
373 3799 471 3861 tulerit
490 3809 519 3860 et
541 3800 674 3862 hanun-tt
694 3802 786 3862 oratio
800 3803 1050 3883 consequentiam.
1089 3804 1193 3876 Qua-n

148 3904 269 3976 propter
291 3895 413 3958 obsecro
437 3906 474 3970 to,
503 3897 698 3971 dilectissime,
728 3907 757 3959 et
783 3899 936 3962 advolutus
959 3900 1085 3980 pedibus
1107 3901 1168 3963 tuis

149 4012 264 4072 precor,
288 4001 402 4072 praesta
427 3995 496 4055 mihi
521 4006 550 4057 et
572 3995 622 4055 tibi
646 4004 678 4056 ut
700 3996 829 4070 salveris,
853 3998 936 4059 sicuti
952 3998 1097 4078 scriptum
1112 4009 1169 4068 est

150 4109 167 4151 a
189 4091 377 4169 generatione
400 4110 545 4171 perversa,
569 4102 598 4155 et
619 4094 723 4156 recede
744 4094 780 4155 ab
801 4095 915 4157 haeresi
930 4095 1078 4175 origenis,
1100 4106 1132 4159 et
1152 4116 1171 4159 a
