2586 4822
148 780 187 841 16
344 789 379 840 11.
413 790 478 841 τιν
495 790 572 839 τινα
588 789 714 840 τίσειν
729 789 801 840 τον
817 789 959 839 mor.

144 965 203 1007 τον
225 943 283 1027 τῆς
305 938 384 1025 ἐμῆς
367 938 538 1026 ςφύσεως
566 938 778 1004 σκεπάσαντα
808 937 867 1024 τὴν
894 937 1072 1022 γύμνωσιν.
1111 934 1164 1013 δύς

146 1062 206 1120 μοι
226 1039 344 1102 τοῦτον
367 1036 424 1100 τὸν
453 1036 565 1119 νεκρὸν
594 1031 677 1117 ὁμοῦ
705 1034 761 1100 καὶ
788 1034 886 1112 θεὸν,
922 1033 1081 1100 σκεπάσω
1110 1032 1165 1098 τὸν

147 1133 206 1212 τὰς
229 1132 310 1216 έμὰς
333 1129 495 1253 ἁμαρτίας
518 1134 739 1198 σκεπάσαντα.
784 1130 841 1209 δύς
868 1154 942 1213 μοι,
978 1121 1005 1196 ὦ
1027 1126 1164 1216 ἡγεμὼν,

148 1230 270 1314 νεκρὸν,
286 1229 343 1295 τὸν
360 1229 416 1295 έπι
407 1224 639 1312 Ἰορδάνου
607 1254 708 1312 τηνγ
681 1229 760 1314 ἐμὴν
777 1224 940 1310 ἁμαρτίαν
957 1226 1166 1304 ένθάιμαντα.

121 1323 231 1410 εῦπὲρ
254 1329 367 1408 νεκροῦ
389 1327 572 1411 παρακαλῶ
594 1321 662 1390 ύπὸ
685 1326 821 1391 πάντων
843 1321 1069 1441 ἀδικηθέντος,
1102 1320 1167 1389 ύπδ

148 1426 247 1510 φίλον
263 1418 497 1505 πραθέντος(
480 1422 547 1487 υπὸ
561 1426 717 1506 μαθητοῦ
733 1417 1005 1506 προδοθέντος,(
988 1425 1057 1486 υπὸ
1073 1415 1169 1487 ἀδελ-

147 1524 221 1639 φῶν
244 1521 455 1600 διωχθέντας,
479 1521 531 1584 καί
549 1516 616 1616 ὑπὸ
633 1520 760 1586 οἰκείων
778 1520 903 1585 δούλων
930 1520 1168 1601 ῥαπισθέντσς.

146 1613 231 1699 ύπὲρ
247 1641 360 1701 νεκρου
345 1616 555 1700 πρεσβεύω,
570 1642 595 1681 ω
585 1617 745 1693 ’Πιλάτε
758 1620 817 1681 τοῦ
833 1612 900 1681 ύπο
888 1616 982 1681 τῶν
998 1611 1053 1680 ὑπ’
1068 1610 1170 1681 αὐτοῦ

147 1714 182 1781 ἐκ
211 1716 361 1792 δουλείας
389 1713 683 1797 ἐλευθερωθέντων
712 1719 981 1795 κατακριθέντος,
1013 1709 1080 1777 ύπὸ
1103 1716 1209 1779 utem

111 1817 340 1898 τοτραφέντων
363 1804 439 1894 παρ)
456 1804 556 1874 αὐτοῦ
580 1808 655 1888 ὅξος
678 1818 910 1888 ποτισθέντας,
934 1815 992 1875 τοῦ
1016 1807 1085 1876 ὑπὸ
1106 1814 1172 1877 τιῦν

149 1905 362 1975 ίαθέντων(
346 1934 393 1973 υπ
433 1902 533 1971 αύτοῦ
560 1915 882 1990 τραυματισθέντος,
916 1911 976 1972 τοῦ
1005 1904 1073 1973 ῦπὸ
1105 1911 1172 1973 ττῦν

147 2009 310 2092 μαθητῶν
332 2006 538 2123 καταλειηνθί
540 2028 623 2082 ντος,
653 2004 709 2069 καὶ
717 2000 836 2123 αὐτῆς
857 2030 915 2091 της
936 2004 1060 2091 μητρὸς
1083 1999 1173 2071 ἆπο-

148 2107 375 2185 στερηθέντος.
424 2097 508 2183 ὑπὲρ
538 2104 666 2183 νεκροῦ,
704 2090 730 2167 τῦ
760 2099 902 2187 ἡγεμὼν,
934 2104 1081 2168 δυσωπῶ
1113 2106 1171 2168 τοῦ

148 2198 204 2264 ἐπὶ
229 2198 326 2276 ξύλου
348 2204 550 2281 κρεμαμένου
575 2194 698 2264 ύσίκου.
745 2198 783 2262 σύ
806 2200 866 2283 γάρ
897 2199 1040 2283 πάρεστι
1061 2200 1171 2285 τούτῳ

110 2293 186 2361 15ού
210 2295 319 2384 πατὴρ
343 2296 398 2361 ἐπὶ
422 2299 489 2382 γῆς,
514 2290 552 2360 οῦ
575 2297 682 2381 φίλος,
708 2293 745 2360 ού
761 2296 925 2383 μαθητὴς,
949 2292 987 2363 ού
1003 2297 1171 2384 συγγενὴς,

149 2388 205 2458 οῦκ
228 2392 458 2478 ένταφιαοτὴς,
483 2388 552 2457 ἀλλ’
571 2388 669 2470 αύτὸς
684 2393 785 2474 μόνος
800 2398 858 2458 τοῦ
873 2394 977 2476 μύνσυ
991 2394 1172 2479 μονογενὴς

149 2489 182 2555 ἒν
204 2490 317 2575 κύομην
338 2490 421 2567 θεὸς
442 2492 495 2555 καὶ
519 2487 618 2567 ἄλλος
641 2485 758 2566 ούδείς.

237 2587 371 2652 Τούτων
394 2583 499 2664 σύτως
523 2582 589 2651 ύπύ
609 2583 728 2672 Ἰωσὴφ
761 2586 846 2669 πρὸς
868 2587 1017 2653 Πιλάτου
1040 2586 1174 2672 είρημέ»

148 2708 212 2748 νων
236 2682 400 2750 ἐκέλευσεν
425 2681 441 2747 ὁ
466 2683 614 2760 Πιλάτος
643 2686 787 2769 δοθῆναι
819 2681 906 2767 αὐτῷ
937 2682 975 2749 τύ
1005 2682 1172 2766 πανάγιον

109 2781 244 2860 νοσοῦμα
267 2784 325 2844 τοῦ
345 2776 465 2866 Ἰησοῦ·
502 2783 554 2845 καὶ
579 2780 689 2845 έλθιύν
718 2780 773 2845 ἐπὶ
803 2780 860 2844 τὸν
883 2779 1041 2863 Γολγοθά
1064 2779 1172 2844 τύπον

148 2877 285 2942 καθεῖλε
306 2875 389 2942 θεὸν
413 2877 446 2942 έν
470 2879 566 2958 σαρκὶ
588 2872 657 2942 άπὸ
680 2880 738 2940 τσῦ
756 2877 862 2954 ξύλου,
886 2880 939 2941 καὶ
958 2883 1096 2960 τίθησιν
1113 2877 1195 2941 ἐπὶΒ

148 2975 215 3056 γῆν.
260 2971 342 3037 θεὸν
372 2974 405 3039 έν
435 2976 529 3054 σαρκὶ
553 2973 673 3056 γυμνὸν
703 2976 755 3037 καὶ
787 2971 971 3055 ἄνθρωπον
994 2968 1032 3037 ού
1057 2972 1171 3055 ψιλόν.

148 3072 201 3134 καὶ
226 3063 343 3150 ύρᾶται
365 3076 512 3151 κείμενος
539 3069 627 3135 κάτω
652 3065 669 3133 δ
693 3070 819 3147 πάντας
850 3070 985 3147 ἑλκύσας
1008 3068 1088 3137 ἄνω.
1120 3072 1171 3135 καί

149 3174 273 3250 γίνεται
296 3166 381 3249 πρὸς
402 3165 504 3251 βραχύ
528 3166 655 3245 ἄπνους
685 3163 702 3252 ἡ
732 3167 867 3233 πάντων
896 3168 960 3250 ζωὴ
989 3167 1045 3232 καὶ
1068 3167 1171 3252 πνοη·

109 3266 201 3337 ma?
226 3258 344 3345 δρᾶται
367 3260 537 3346 άύμματος
561 3261 577 3328 ὃ
594 3272 708 3342 κτίσας
722 3263 763 3329 τά
779 3265 1010 3346 πολυάμματα,
1035 3267 1089 3329 καί
1107 3275 1169 3330 κεῖ·

148 3386 205 3425 ται
226 3357 346 3438 ύπτιος
369 3359 387 3447 ἡ
411 3362 546 3427 πάντων
570 3357 759 3440 ἀνάστασις.
803 3361 859 3427 καὶ
882 3365 1053 3444 νεκρσῦται
1075 3360 1171 3446 σαρκὶ
1194 3360 1197 3365 ’

149 3458 231 3536 θεὸς
255 3454 272 3522 ὁ
295 3459 371 3535 τούς
394 3483 525 3541 νεκροις
547 3454 699 3526 άνιστιῦν.
738 3485 790 3525 και
815 3462 891 3581 σιγζη
914 3459 947 3524 έν
963 3461 1057 3539 σαρκὶ
1087 3458 1172 3541 πρὸς

148 3551 291 3640 βραχὺ(
275 3582 288 3619 r
315 3560 373 3621 τοῦ
396 3559 479 3622 θεοῦ
496 3554 595 3640 λόγου
609 3556 739 3643 βροντή.
776 3581 829 3622 και
852 3556 983 3639 αἴρεται
998 3556 1173 3639 παλάμαις

151 3673 168 3712 ο
191 3676 248 3734 τη
271 3655 329 3736 γῖγν
350 3659 492 3733 κατέχων
516 3654 618 3734 δρακί.
657 3655 728 3813 δρα)
743 3652 803 3736 γὰρ
827 3655 900 3770 ἀρα,
925 3642 1096 3738 ιῦἸωαηφ,
1121 3652 1173 3717 al·

110 3744 251 3829 ωτήσας
280 3752 331 3811 καί
362 3751 472 3831 λαβων
503 3744 640 3825 σίδας
624 3774 661 3813 ον
685 3753 734 3815 ειλ
726 3775 841 3836 ηφας,·
876 3753 940 3832 ἀρα
970 3750 1199 3832 προσελθώνΰ

150 3845 196 3927 τῷ
220 3847 351 3926 σταυροῦ
375 3848 428 3909 καὶ
450 3844 602 3911 καθελων
622 3839 744 3928 ’ίησοῦν
759 3842 854 3924 οἶδας
874 3853 949 3912 τίνα
966 3845 1172 3929 ἓβάστασαςς

151 3939 181 4006 ελ
202 3935 306 4014 δντως
329 3934 423 4017 οἶδας
445 3940 482 4007 ὃν
503 3951 642 4022 κρατεῖς,
667 3945 723 4006 νῦν
744 3950 879 4027 γέγονας
895 3940 1067 4020 πλούσιος.
1099 3948 1175 4021 πῶς

150 4037 187 4102 δὲ
209 4033 273 4118 άρα
295 4038 349 4099 καὶ
377 4037 434 4122 την
463 4038 641 4119 θεύσωμον
669 4038 789 4125 ταύτην
818 4043 871 4105 καὶ
903 4041 1174 4127 φρικωδεστάτην
