2586 4822
473 850 765 904 sututnrnnstouus.
1067 834 1132 901 huo

107 1022 237 1075 oensem
261 1005 408 1080 Georgium
428 1006 610 1065 laodicenum
631 1008 774 1073 Asianum,
797 1004 944 1065 Eusebium
965 1004 1131 1063 Phoenicem

107 1092 177 1161 (hoc
198 1100 242 1149 eut
262 1090 448 1163 limenorum).
477 1092 556 1163 0qu
576 1090 611 1148 ael
631 1091 779 1149 Eusebium
801 1090 1002 1149 Camaneusem
1023 1090 1130 1157 attinet.

108 1176 239 1235 Socrates
267 1180 338 1243 l,ll
363 1177 459 1233 scribit
480 1178 570 1235 ieiune
591 1177 736 1235 admodum
758 1179 785 1235 iu
808 1175 995 1235 Ecclesiastico
1017 1175 1130 1234 historia

107 1260 329 1321 louichaeorum
351 1261 384 1317 nh
407 1261 453 1318 illo
474 1262 640 1319 mentionem
666 1279 728 1321 esse
749 1264 855 1320 laetam.
900 1262 957 1331 Qua
979 1258 1013 1317 tle
1034 1277 1131 1317 caussa

93 1350 196 1405 'tutam
219 1347 277 1402 eius
300 1347 440 1405 historiam
463 1364 495 1403 cn
510 1347 632 1405 Archelai
647 1348 756 1421 scriptis
772 1347 884 1405 uberius
898 1346 1017 1420 exponit.
1041 1345 1129 1415 Quare

108 1431 257 1507 praecipuo
285 1432 375 1505 aliquo
403 1432 473 1489 lihro
497 1431 625 1489 llaeresiu
651 1433 729 1489 istam
752 1449 925 1507 oppugnasse
948 1430 1053 1487 uidetur
1074 1428 1131 1487 llu-

107 1516 213 1573 sehius.
258 1516 310 1572 Seu
339 1516 411 1592 quud
435 1517 578 1590 Origenem
606 1517 735 1574 aiiuersus
756 1517 926 1575 llanichaeos
956 1514 1130 1572 elucubrasse
1208 1578 1212 1587 ¹

107 1600 210 1674 aliquid
237 1601 404 1675 Epiphanius
436 1603 565 1667 affirmat,
599 1603 728 1676 temporis
762 1592 868 1661 reticue'
898 1602 955 1675 ipsa
987 1599 1129 1659 refellitur.

107 1684 235 1745 lurtuus
257 1688 327 1743 cuim
351 1695 392 1743 est
408 1687 538 1760 Origenes
561 1689 639 1743 aunis
662 1688 717 1745 lere
734 1688 772 1746 20
795 1695 941 1762 autequam
957 1686 1181 1747 manichaeo-tos

108 1786 172 1827 rtrm
194 1771 353 1845 superstitio
376 1774 402 1827 iu
425 1771 512 1829 lucem
536 1782 697 1846 ernerperct.
728 1773 865 1847 Siquidem
880 1781 1022 1847 pressante
1037 1771 1131 1835 Seueri

108 1857 311 1931 perseeutione,
335 1874 406 1913 anuo
429 1858 487 1913 eius
509 1857 614 1931 imperii
643 1861 694 1922 to,
717 1859 763 1933 qui
786 1869 930 1915 estserae
952 1856 1130 1929 Dionysiauae

109 1942 184 2005 2⁰2,
208 1941 304 1998 aetatis
325 1959 426 1997 anuum
449 1952 576 2015 creperet
591 1947 637 2008 17,
661 1952 692 2001 ut
705 1942 839 2000 Eusebius
851 1944 948 2000 asserit
964 1945 991 2007 6,
1006 1944 1035 2001 3.
1059 1938 1131 1998 llhiit

107 2042 176 2083 uero
204 2043 275 2083 auno
303 2027 398 2085 aetatis
429 2029 468 2085 69
498 2029 648 2101 imperante
677 2028 767 2093 Gallo,
798 2029 893 2085 eodem
922 2027 1038 2085 authore
1063 2029 1129 2089 7.t.

107 2111 214 2169 Atuitts
242 2111 325 2185 igitur
347 2112 423 2167 suuis
447 2114 485 2171 52
510 2122 540 2169 ut
563 2114 602 2170 69
629 2111 807 2187 impleantur,
838 2123 963 2170 mortuus
986 2121 1130 2170 estserae

106 2196 262 2253 communis
284 2214 355 2252 antio
380 2198 450 2261 254,
474 2197 517 2253 uin
541 2208 604 2255 unte
626 2198 796 2255 liauichaeae
818 2199 943 2256 factionis
964 2207 1065 2255 crtum.

198 2282 257 2340 639
274 2298 299 2337 c.
329 2276 355 2336 ei
377 2276 411 2337 ot
432 2277 464 2338 ix
485 2275 606 2359 φύσεως
633 2278 682 2339 καὶ
705 2277 784 2340 κατὰ
806 2277 990 2359 συνήθειαν]
1030 2281 1130 2339 Terrae

107 2358 201 2423 mutus
231 2365 400 2422 naturalibus
428 2384 461 2423 ex
482 2369 585 2423 caussis
608 2367 671 2424 oriri
695 2368 774 2425 nimis
796 2364 946 2436 totumue
967 2384 1067 2443 negare
1089 2368 1131 2423 vi-

107 2450 200 2509 tietur.
231 2450 309 2521 Quod
331 2461 359 2507 et
380 2452 451 2524 apuil
473 2451 645 2509 Pltilastrium
667 2453 793 2526 legimus.

197 2538 257 2593 oto
274 2553 299 2591 a.
328 2532 361 2593 ir
382 2538 420 2613 τῇ
442 2529 522 2614 ἀρχῇ
544 2532 578 2593 it
593 2539 647 2612 τῆς
660 2535 872 2610 κοσμοποιΐας]
904 2538 963 2607 Quo
979 2553 1051 2593 nnuc
1065 2546 1129 2610 post

107 2618 205 2681 orbem
223 2621 361 2677 coutlitum
384 2621 498 2677 Ahelum
519 2621 637 2679 Atlamus
657 2622 793 2695 genuerit,
814 2622 921 2696 hloyscs
944 2621 1036 2678 tacuit.
1080 2620 1130 2679 llic

107 2722 182 2763 auno
204 2706 353 2763 centesimo
377 2715 489 2762 necatus
511 2707 617 2773 elicitur,
641 2724 702 2763 oum
726 2707 821 2764 aetatis
843 2717 937 2780 ageret
960 2710 1009 2765 30.
1054 2706 1131 2765 Unile

108 2790 176 2849 tttt
198 2790 307 2848 circiter
328 2808 400 2848 anno
422 2802 516 2848 nutum
534 2792 664 2865 oportuit.
694 2791 748 2849 Sco
763 2792 831 2848 haec
846 2809 919 2848 mera
935 2791 1061 2848 divinatio
1076 2800 1128 2849 est.

108 2874 198 2935 Porro
211 2866 376 2933 ἑκατοστὸν
391 2894 441 2949 pro
458 2870 585 2933 ἕκαστον
603 2876 801 2933 ementiendum
813 2893 875 2933 esse
886 2893 966 2933 uerno
980 2894 1033 2934 non
1048 2875 1128 2935 vitiet.

197 2962 258 3020 hil
274 2959 303 3017 b.
332 2954 411 3035 ἀρχὴ
433 2962 496 3017 τῶν
522 2964 578 3017 τοῦ
599 2955 773 3034 Μάνεντος]
817 2961 924 3019 Primus
952 2970 1129 3035 portentosae

108 3044 182 3103 illius
211 3045 336 3103 llaeresis
363 3055 550 3120 oppugnator,
584 3045 619 3102 oh
647 3047 729 3120 idque
757 3046 887 3119 singulari
914 3045 993 3104 lautle
1020 3047 1129 3120 dignus,

107 3130 259 3187 Archelaus
282 3132 384 3195 exutit,
413 3132 459 3205 qui
481 3130 600 3188 hahitam
622 3149 637 3187 a
657 3148 689 3188 se
710 3148 772 3188 cum
794 3132 944 3205 impostore
966 3131 1131 3206 ‹lisputatio-

108 3232 173 3273 nem
196 3215 222 3271 in
245 3216 468 3273 commentarium
491 3216 604 3290 relegit,
628 3216 772 3290 omniaque
794 3216 912 3274 nefariae
927 3217 1130 3291 superstitionis

107 3316 207 3357 areana
236 3302 372 3374 patefecit.
416 3301 455 3357 Ea
482 3301 534 3359 hec
555 3302 678 3360 Archelai
706 3301 852 3359 collatione
878 3302 980 3359 caeteri
1001 3302 1129 3377 deinceps

107 3384 263 3445 hauserunt
290 3402 400 3450 omnes,
435 3386 482 3461 qui
515 3387 644 3444 haeretici
673 3384 746 3443 illius
778 3387 918 3445 historiam
945 3404 977 3445 ae
1005 3387 1131 3462 logmata

106 3469 220 3543 scriptis
247 3471 434 3543 prodiderunt.
478 3470 598 3529 lierniuit
619 3472 742 3530 Archelai
769 3473 796 3530 in
819 3472 1004 3547 Scriptorihus
1026 3473 1130 3533 Eeclcs.

107 3552 301 3627 llieroupnus.

197 3641 258 3699 644
275 3656 301 3697 o.
329 3632 409 3713 ὁμοῦ
431 3634 481 3697 καὶ
504 3632 520 3696 ὁ
543 3635 692 3715 θερισμὸς
713 3632 828 3716 ἄρχων]
858 3642 921 3699 For.
943 3636 1098 3720 θεριστὴς.

198 3726 259 3783 645
275 3724 302 3782 h.
333 3719 427 3793 εἴτις
447 3718 568 3781 λούεται
589 3720 633 3793 εἰς
653 3720 688 3783 τὸ
709 3717 809 3801 ὕδωρ]
842 3727 903 3783 Con.
927 3720 1020 3795 εἴτις
1041 3720 1131 3785 locle-

104 3828 171 3881 ται,
193 3803 236 3877 εἷς
256 3803 293 3868 τὸ
313 3800 408 3889 ὕδωρ.
437 3808 470 3869 Si
491 3812 554 3884 puis
574 3811 664 3877 locut,
685 3812 716 3869 in
738 3829 841 3885 opocen
861 3829 944 3869 sunus
964 3814 1131 3886 coustriupit

104 3910 246 3955 ammom.

197 3981 258 4039 oto
274 3996 300 4037 c.
329 3972 494 4036 ἐνετείλατο
516 3972 550 4035 δὲ
571 3981 636 4048 τοῖς
656 3975 816 4055 ἐκλεκτοῖς]
852 3980 890 4040 lle
911 3980 1130 4041 hlauichaeoruun

103 4063 291 4125 Audientihus
318 4073 345 4121 ct
367 4063 467 4121 illectis
489 4065 545 4138 epit
565 4065 689 4138 pluribus
711 4066 738 4123 in
760 4067 828 4125 locis
849 4068 1026 4142 Augustinus,
1049 4084 1131 4143 prae·

103 4151 207 4211 wrtim
228 4158 324 4209 eontra
345 4148 491 4207 Faustum:
513 4150 578 4207 item
600 4150 650 4225 Ep.
668 4154 718 4209 il.
