2586 4822
157 774 201 834 24
363 784 399 836 ιι.
432 786 496 834 ατε
512 786 586 833 rme
605 785 727 833 ιἰυιιυ
745 784 815 832 τοι
831 783 971 833 mmor.

159 940 257 1003 τινῶν
273 931 478 1017 ἄιουομένων
495 938 583 1018 βοῶν
599 938 650 999 καὶ
668 936 831 1015 στρατιῶν
847 934 1057 1010 κελευουσῶν,
1074 929 1178 1016 ἄρατε

161 1035 267 1112 πύλας
291 1034 321 1099 οἱ
345 1031 497 1115 ἄρχοντες
519 1028 625 1114 ὑμῶν’
660 1026 696 1096 ού
718 1030 779 1115 γὰρ
796 1025 955 1108 ἀνοίξατε,
980 1025 1049 1095 ἀλλ’
1068 1030 1103 1108 ἐξ
1118 1025 1175 1096 αύ-

160 1134 225 1196 τιύν
248 1133 312 1196 τῶν
330 1133 492 1212 θεμελίων
515 1130 635 1206 ταύτας
653 1127 761 1211 ἄρατε,
786 1127 989 1211 ἐκριζιόσατε,
1012 1127 1177 1213 μεταστη-

161 1251 240 1294 σατε
263 1227 308 1306 εἰς
330 1229 368 1292 τὸ
390 1234 504 1312 μηκέτι
526 1229 712 1293 κλείεσθαι·
736 1225 836 1308 ἄρατε
852 1225 958 1302 πύλας
974 1224 1005 1289 οἱ
1022 1223 1178 1308 ἄρχοντες

137 1321 266 1408 ούμιῦν·
306 1322 362 1407 οόχ
385 1320 429 1403 ὡς
457 1320 694 1399 ἀδυνατοῦντος
728 1326 785 1387 τοῦ
815 1324 980 1406 παρόντος
1007 1323 1178 1388 δεσπότου

159 1426 211 1488 καί
235 1426 349 1506 θυρῶν
370 1424 602 1503 κεκλεισμένων
626 1417 680 1486 ὅτε
703 1419 824 1486 κελεύει
846 1421 1064 1504 εἰσέρχεσθαι,
1090 1416 1177 1485 ἀλλὰ

159 1520 431 1603 δραπετοδούλως
454 1517 530 1602 ύμῖν
553 1519 789 1601 ἐπιτρέποντος
811 1518 868 1603 τὴν
892 1521 956 1583 τιύν
977 1519 1093 1583 πυλῶν
1108 1522 1174 1584 τῶν

159 1619 301 1684 αἰωνίων
324 1618 464 1701 ἔπαρσιν
492 1620 544 1682 καί
568 1615 767 1698 μετάστασιν
796 1619 848 1681 καί
873 1615 1080 1681 κατόκλασιν.
1121 1618 1175 1681 διὸ

159 1708 234 1781 ούδέ
256 1726 327 1793 τοῖς
349 1716 465 1797 δημοις
488 1711 586 1795 ὑμῶν,
612 1709 679 1779 ἄλλ’
704 1708 816 1791 αύτοῖς
838 1725 908 1791 τοῖς
932 1714 1066 1779 δοκοῦσι
1093 1709 1202 1797 παρ’(ὶ

123 1832 149 1882 10
159 1807 233 1895 ύμῖν
257 1807 340 1878 εἶναι
363 1811 526 1896 ἄρχουσιν,
551 1812 722 1894 ἐπιτρέπει
747 1813 856 1894 λέγων,
887 1808 987 1893 ἄρατε
1009 1811 1118 1889 πύλας
1141 1812 1174 1876 ολ

158 1907 310 1993 ἄρχοντες
332 1906 437 1992 ὑμῶν·
474 1906 571 1992 ύμιῦν,
596 1905 663 1974 ἀλλ’
689 1906 745 1974 οόκ
769 1907 875 1974 ἄλλων
898 1912 1006 1974 τινιῦν.
1052 1909 1174 1974 λοιπὸν

159 2004 319 2089 ἄρχοντες.
358 2009 386 2074 εἰ
414 2008 474 2092 γὰρ
503 2013 555 2073 καὶ
584 2014 678 2090 μέχρι
705 2009 763 2071 τοῦ
794 2009 848 2071 νύν
876 2010 941 2071 τιῦν
970 2000 1026 2071 ἄττ’
1053 2008 1179 2086 αἰῶνος

158 2112 395 2186 κειοιμημένων
418 2108 523 2180 κακῶς
544 2102 669 2188 ἤρξατε,
695 2098 762 2169 ἄλλ’
788 2098 893 2169 ούκέτι
918 2103 1037 2169 λοιπόν
1053 2100 1176 2185 αὐτῶν,

158 2197 226 2266 ἄλλ’
252 2198 323 2266 οὐδ’
355 2200 478 2281 ἄλλων,
511 2196 579 2267 ἄλλ’
611 2197 715 2285 ύμιῦν,
749 2195 817 2267 ἄλλ)
843 2197 913 2267 οὐδ’
946 2197 1053 2267 αύταῖν
1084 2200 1178 2285 ὑμῶν

122 2317 148 2366 ιο
158 2301 277 2365 ἔσεσθε
311 2298 470 2383 ἄρχοντες.
522 2299 663 2381 πάρεστι
694 2299 755 2383 γὰρ
787 2299 933 2382 Χριστὸς
966 2294 984 2383 ἡ
1019 2294 1177 2382 οὐράνιος

157 2397 262 2480 θύρα·
297 2392 519 2484 όδοποιησατε
547 2401 593 2482 τῷ
616 2397 825 2482 ἐπιδεδηκύτι
854 2397 909 2462 ἐπὶ
933 2400 998 2462 τιύν
1020 2401 1080 2463 τοῦ
1096 2395 1175 2465 ‘'At-

157 2494 215 2559 δου
232 2495 372 2577 δυσμῶν.
404 2495 512 2579 κύριος
529 2492 632 2576 ἄνομα
648 2490 758 2571 αὐτοῦ,
782 2500 834 2558 καί
857 2497 914 2558 τού
930 2502 1042 2577 κυρίου
1057 2503 1177 2579 κυρίου

157 2591 191 2657 αἱ
208 2593 351 2670 διέξοδοι
373 2597 437 2657 τῶν
460 2596 517 2657 τοῦ
541 2592 689 2658 θανᾶτου
711 2593 841 2657 πυλῶν·
877 2587 967 2673 ὑμεῖς
990 2592 1174 2681 ἐποιήσατε

155 2689 213 2767 τὰς
236 2690 399 2768 εἰσόδους,
429 2689 488 2767 τὰς
517 2691 552 2756 δὲ
576 2688 742 2768 διεξόδους
769 2685 867 2767 αὐτὸς
895 2693 1038 2774 ποιῆσαι
1061 2717 1174 2775 παρα-

116 2794 290 2870 νογίμονεν.
330 2787 382 2853 διὸ
404 2786 504 2871 ἄρατε
527 2787 633 2864 πύλας
656 2787 687 2852 οἱ
708 2784 860 2868 ἄρχοντες
877 2782 974 2869 ύμιῦν,
999 2784 1102 2871 ἄρατε
1118 2793 1172 2856 καί

155 2882 198 2970 μὴ
221 2885 361 2964 μέλλετε,
386 2883 486 2967 ἄρατε
507 2889 561 2950 καί
584 2884 748 2967 ταχύνατε,
773 2883 874 2967 ἄρατε
895 2888 947 2950 καὶ
963 2882 1006 2969 μη
1024 2881 1201 2971 ἄναβόλ-Ι)

156 2980 265 3046 λεσθε.
300 2982 329 3046 εἰ
351 2983 386 3047 δὲ
409 2978 579 3064 ἀναμένειν
608 2979 768 3063 νομίζετε,
803 2977 919 3060 αύταίς
945 2993 1019 3061 ταῖς
1047 2985 1173 3064 πύλαις

155 3071 257 3161 ἄχειρλ
281 3081 333 3144 καί
358 3073 515 3161 αύτοματί
540 3081 699 3163 αἴρεσθαι
722 3079 951 3163 ἐπιτρέπομεν.
988 3083 1040 3146 καὶ
1066 3082 1173 3167 ἐπύρ·

154 3180 238 3256 θητε
266 3176 370 3242 πύλαι
398 3177 537 3243 αίιύνιοι.
586 3180 637 3242 καὶ
668 3173 735 3258 ἄμα
772 3177 804 3242 αἱ
834 3177 987 3259 δυνάμεις
1016 3179 1173 3265 ἐβόησαν,

114 3268 222 3356 υεᾶμα
245 3274 278 3339 αλ
301 3273 404 3340 πύλαι
429 3274 639 3359 ἐπῄρθηοαν,
675 3270 743 3356 ἄμα
772 3274 806 3339 αἱ
835 3269 966 3352 ἁλύσεις
989 3275 1174 3362 ἐλύθησαν,

155 3365 222 3451 ἄμα
246 3371 276 3435 οἱ
297 3374 413 3453 μοχλοὶ
436 3374 715 3458 κατειλύσθησαν,
747 3368 816 3453 ἄμα
837 3371 878 3437 τὰ
900 3373 1039 3456 κλεῖθρα
1056 3374 1173 3453 ἐξέπε-

154 3490 229 3545 σαν,
265 3464 333 3550 ἄμα
361 3469 401 3534 τὰ
431 3472 570 3550 θεμέλια
604 3472 662 3534 τοῦ
697 3470 920 3554 δεσμωτηρίου
949 3470 1174 3557 ἐδυνήθησαν,

153 3560 221 3645 ἄμα
244 3566 278 3629 αἱ
301 3566 445 3633 ἐναντίαι
469 3566 621 3649 δυνάμεις
643 3568 689 3644 εἷς
713 3566 816 3653 φυγὴν
836 3567 1033 3651 ἐτράπησαν,
1059 3570 1176 3653 ἕτερος

153 3663 262 3747 ἕτερον
285 3664 537 3746 συνωθούμενος
559 3664 613 3730 καὶ
630 3664 728 3742 ἄλλος
747 3665 832 3748 πρὸς
848 3662 947 3729 ἄλλον
964 3669 1175 3748 ουμποδιζό-

111 3783 257 3842 ηομενος,
279 3760 333 3825 καί
357 3761 465 3846 ἕτερος
487 3765 533 3847 τῷ
557 3762 655 3847 ἑτέρῳ
672 3773 787 3848 φυγεῖν
804 3763 1038 3849 φθεγγόμενος.
1072 3766 1173 3852 ἔφρι-

152 3857 218 3935 ξαν,
240 3856 475 3942 ἐσαλεύθησαν,
492 3860 750 3944 κατεπλάγησαν,
771 3860 1008 3948 ἐταράχθησαν,
1026 3856 1216 3949 ἠλλοιώ-ἴίί

151 3959 270 4039 θησαν,
294 3955 519 4043 ἐθροηθηοαν,
545 3958 684 4043 ἔστησαν
701 3954 783 4040 ὁμοῦ
799 3964 850 4024 καί
869 3957 1052 4046 ἐξέστησαν,
1077 3956 1169 4048 ἡπό-

151 4074 252 4136 ρησαν
275 4048 357 4135 όμοῦ
379 4057 433 4119 καί
456 4053 644 4138 ἐτρόμαξαν.
677 4058 728 4121 καλ
753 4052 770 4121 ό
793 4061 852 4139 μὲν
874 4057 1013 4144 κεχηνὼς
1035 4059 1169 4141 ἵστατο,
