2586 4822
152 715 211 777 112
605 732 717 782 rartvu

233 886 289 944 301
309 903 332 941 c.
362 877 434 943 ὡσεὶ
455 881 591 961 με’μυκος
619 882 668 943 καὶ
696 877 925 963 πεμφρηδόνος]
965 886 1047 954 Quod
1075 886 1169 943 insecti

147 988 233 1044 genus
256 971 290 1027 sit
305 964 405 1043 μίμοξ
419 972 534 1028 viderint
549 973 657 1028 eruditi.
689 973 820 1046 Suspicor
834 973 886 1045 leg.
902 965 1073 1042 βέμβοκος,
1097 971 1168 1045 quoti

147 1055 306 1112 vocabulum
323 1074 383 1112 cum
399 1059 603 1132 pempbroilono
619 1058 758 1131 coniungit
775 1057 907 1112 Nicander
922 1056 1045 1129 Alexiplr.
1064 1075 1088 1112 v.
1104 1058 1167 1115 183.

146 1136 286 1214 μέλισσαι
315 1137 521 1218 πεμφρηδών,
550 1136 664 1219 σφῆκὲς
692 1161 722 1198 τε
751 1139 800 1196 καὶ
834 1138 866 1198 ἐκ
893 1136 1042 1213 βέμβικες
1064 1131 1167 1217 ὄρειοι.

147 1226 211 1282 Vide
226 1227 405 1283 Scholiaston.
437 1228 487 1295 Qui
509 1222 643 1299 βέμβικα
665 1221 844 1302 σφηκοεεδὲς
865 1225 994 1299 quiddam
1018 1244 1080 1282 csse
1096 1227 1167 1290 dicit,

145 1306 243 1384 μέλαν
264 1305 342 1368 κατὰ
366 1304 419 1384 τὴν
437 1307 565 1387 χροιὰν,
588 1306 702 1391 κέντρῳ
721 1306 888 1385 χριόμενον.
927 1303 971 1377 ὡς
993 1304 1022 1366 oi
1044 1314 1166 1386 σφῆκες.

146 1397 199 1453 Sed
223 1406 250 1453 et
271 1391 328 1471 τὴν
349 1389 527 1473 τενθρήνην,
552 1397 606 1453 sive
623 1389 824 1472 τενθρηδόνα,
847 1414 861 1452 a
878 1395 1019 1452 nonnullis
1033 1391 1168 1469 βέμβικα

145 1483 242 1538 vocari.
274 1481 345 1538 llaec
368 1482 521 1555 Stephanus
544 1482 571 1537 iu
595 1482 676 1538 Thes.

333 1626 385 1724 Ab¹
400 1668 565 1724 llliEllESlN
584 1669 649 1725 ttttt
673 1666 982 1724 tttttutotttstuutttt.

129 1827 131 1830 ,
234 1773 293 1829 302
309 1771 336 1827 b.
368 1755 514 1838 obrogari
536 1764 633 1847 γένος]
671 1772 800 1827 Ponticus
829 1787 930 1843 genere
959 1770 1011 1825 luit
1040 1770 1165 1835 Marcion,

146 1874 227 1932 quom
249 1857 310 1914 ideo
322 1849 476 1914 Ποντικὸν
498 1849 591 1913 λύκον
612 1865 688 1911 vocat
703 1855 836 1912 Eusebius
860 1855 927 1910 Hist.
949 1857 1038 1918 5,13.
1059 1856 1112 1912 hoc
1128 1865 1166 1912 ost

145 1942 290 1998 Ponticum
306 1945 411 2015 lupum.
442 1942 508 1997 ttate
526 1943 596 1998 enim
613 1942 748 2014 lntcrprcs
765 1942 910 1996 Ponticum
926 1940 1027 2009 lycum.
1055 1940 1164 2015 Scripsit

146 2038 235 2084 autom
265 2027 393 2083 adversus
423 2026 566 2082 uolaudum
595 2027 668 2082 huuc
696 2026 866 2082 Haeretieum
892 2028 908 2082 5
938 2023 1025 2080 libros
1055 2025 1163 2082 Tertull.

144 2112 209 2167 vute
232 2128 301 2184 quac
324 2112 356 2167 de
380 2112 437 2166 cius
461 2121 582 2184 temporo
606 2112 638 2166 ad
662 2111 740 2167 Haer.
758 2114 830 2177 46,1
859 2111 1041 2183 disputamus.

232 2198 291 2253 302
308 2197 334 2251 d.
366 2188 408 2262 ὡς
430 2187 485 2250 οὐκ
500 2188 647 2271 ἀπείληφε
666 2189 720 2271 τὴν
735 2191 902 2274 προεδρίαν
920 2193 963 2266 rc]
989 2189 1161 2273 Προεδρίαν

145 2281 177 2336 ad
207 2282 423 2336 communionem
453 2280 618 2336 Clericorum
648 2282 751 2346 coloro,
783 2298 852 2356 quae
882 2281 977 2335 bat'cao
1009 2282 1158 2354 opponitur.

146 2383 224 2440 quac,
250 2374 279 2420 ut
303 2366 338 2421 ait
354 2365 474 2420 balsamo
499 2366 530 2420 ut
555 2366 674 2422 Catulli
705 2366 802 2429 basilii,
827 2365 942 2420 «labatur
964 2365 1056 2422 Laicis
1083 2357 1158 2429 ἐκτὸς

144 2452 201 2507 τοῦ
222 2441 379 2525 βήματος,
402 2449 444 2504 illa
468 2468 531 2506 roro
554 2445 645 2517 ἐντός.
688 2450 821 2528 Credibile
844 2460 885 2505 cst
909 2450 978 2505 onim
1004 2451 1156 2508 Marcionem

146 2535 278 2592 Clericum
300 2536 392 2592 [uisse.

233 2624 292 2679 304
309 2639 332 2675 a.
365 2614 504 2694 νηστείαν
526 2613 559 2674 cla*
582 2615 631 2674 καὶ
656 2614 690 2677 τὸ
713 2611 895 2694 Σάββατον]
934 2620 1001 2694 ch.
1026 2610 1104 2676 κατὰ
1129 2610 1155 2674 τὸ

65 2756 69 2763 .
146 2697 225 2777 Σάβ.
256 2706 320 2760 Nam
344 2705 461 2760 Sabbata
484 2706 595 2760 iciuuari
619 2716 712 2761 contra
737 2704 880 2761 Orientalis
903 2703 1041 2762 Ecclesiae
1063 2719 1155 2760 morem

146 2791 256 2847 iubebat
279 2790 387 2845 biarcio.

233 2878 292 2934 305
309 2874 334 2930 d.
366 2865 401 2929 ori
431 2870 647 2948 κατακλειόμεν
675 2867 793 2947 ψυχάς]
832 2874 924 2943 Quod·
943 2874 1051 2930 Etlrnici
1085 2873 1156 2929 certis

147 2960 243 3017 ritibus
256 2959 396 3017 faciebant.
417 2959 484 3015 lliuc
502 2963 528 3017 3.
542 2959 650 3015 bencid.
676 2959 856 3032 Animumque
868 2961 999 3030 sepulcro
1013 2961 1157 3015 condimus.

393 3148 435 3201 att
460 3145 626 3201 scttottoo'
649 3145 691 3199 EX
714 3145 910 3200 uvtlttittto.

232 3266 293 3322 322
310 3265 335 3320 d.
368 3258 440 3341 ὶλεγ.
465 3257 502 3320 α’.
526 3254 582 3320 κᾶν
604 3282 634 3320 τε
658 3256 833 3342 ἀποκόψῃς]
871 3264 949 3320 Aliud
969 3267 1024 3338 egit
1051 3263 1160 3341 Epipha-

106 3351 216 3414 asuius,
240 3366 301 3405 cum
324 3366 415 3405 vocem
439 3345 540 3426 δῶρον
562 3349 629 3404 mala
652 3349 704 3406 lide
727 3367 740 3404 a
764 3350 897 3406 Maroiouc
920 3349 1056 3406 sublatam
1080 3348 1160 3407 credi-

148 3435 195 3490 dit.
236 3435 329 3507 Neque
351 3435 421 3490 euim
444 3434 514 3508 apud
538 3436 644 3498 Lucam,
669 3444 714 3490 aut
737 3435 854 3490 Marcum
877 3436 1023 3507 reperitur.
1071 3438 1160 3509 Atque,

148 3529 179 3576 ut
201 3520 306 3593 opinor,
331 3519 382 3575 loci
405 3520 515 3576 alterius
532 3519 705 3575 similitudine
721 3519 861 3593 dereptus,
886 3520 932 3591 qui
948 3529 990 3575 est
1006 3520 1071 3576 blat.
1082 3524 1107 3582 5.
1117 3521 1161 3576 23.

148 3604 180 3662 St'
208 3605 292 3676 offero
320 3623 421 3660 munus
450 3614 526 3659 tuum
548 3606 586 3660 od
608 3607 715 3669 altore,
740 3615 792 3661 etc.
817 3597 936 3679 δώρου,
965 3606 1021 3660 sivo
1045 3603 1162 3662 muneris

38 3735 40 3739 ,
148 3707 240 3746 vocem
263 3690 341 3746 alteri
363 3708 472 3764 quoque
494 3690 531 3745 illi
555 3689 657 3746 tribuit.

236 3777 296 3834 324
313 3794 336 3832 e.
368 3772 459 3849 Σχολ.
488 3766 534 3848 η’]
572 3775 711 3831 Postrema
740 3773 819 3830 rerba
848 3763 905 3846 εἶχε
934 3764 993 3849 γὰρ
1023 3767 1067 3842 ὡς
1094 3765 1167 3847 πρὸς

148 3851 298 3934 Ἰωάννην.
329 3860 414 3934 Supra
438 3862 465 3916 in
488 3861 609 3916 locorum
632 3860 752 3916 ludiculo
775 3876 836 3915 cum
860 3858 969 3914 Sebolio
994 3862 1011 3916 9
1036 3860 1167 3933 copulau-

151 3956 204 4002 tur.
240 3946 404 4019 Scripserat,
430 3947 480 4001 nisi
503 3944 595 4008 fallor,
618 3944 725 4008 Marcio,
750 3937 784 4011 ὃς
806 3935 842 3998 οὐ
865 3938 1166 4020 σκανδαλισθήσεται

152 4027 183 4087 ἐν
205 4024 297 4088 αὐτῶ.
