2586 4822
428 844 719 896 incusorrnsroues.
958 916 962 924 Ι
1044 831 1084 894 43

62 1000 269 1058 Saaaucecus:
290 1015 382 1072 reque
404 1017 419 1055 e
441 1002 594 1065 contrario,
618 1001 685 1074 quia
708 1009 790 1057 cram
803 1008 897 1057 rectae
912 1003 1087 1075 disparatae,

63 1095 92 1140 et
122 1087 204 1158 quusi
232 1087 395 1160 appositae:
423 1088 474 1141 sca
500 1087 711 1157 aistiupuuutur
731 1089 804 1142 sicia
827 1085 1035 1143 Grammaticus
1063 1094 1089 1143 ct

63 1171 255 1226 Dialecttcus:
278 1172 345 1243 auia
368 1172 432 1225 licet
447 1173 528 1226 aliua
542 1173 579 1226 sit
596 1170 815 1227 Grammaticum
831 1189 898 1237 esse,
922 1174 1003 1228 aliud
1017 1173 1089 1227 Dic·

64 1258 208 1321 lecticam,
233 1264 325 1310 tameo
347 1256 419 1310 idem
438 1264 531 1328 potest
558 1273 617 1310 csse
634 1255 842 1314 Grammaticus
865 1267 890 1312 et
904 1259 1087 1314 Dialecticus.

64 1341 114 1398 Sic
143 1343 216 1396 caim
246 1342 327 1396 aliua
355 1349 395 1394 est
425 1357 484 1396 esse
518 1340 646 1397 Scribam
674 1358 758 1415 qaam
789 1343 990 1408 Pbcmsocum,
1020 1344 1088 1415 quia

63 1426 195 1484 Scribam
224 1443 297 1490 esse,
327 1434 366 1480 cst
395 1443 454 1480 csse
476 1428 632 1498 sapientem
653 1428 683 1482 in
706 1430 780 1499 lcpc:
809 1429 995 1484 Pharisaeum
1018 1445 1086 1494 esse,

64 1520 130 1567 crat
150 1513 254 1567 babere
275 1512 387 1565 morium
410 1519 513 1565 certum
535 1514 655 1576 licendi,
680 1520 705 1567 et
727 1521 838 1568 sectam.
869 1514 906 1569 Et
928 1522 1020 1568 tamea
1039 1531 1088 1568 oc·

65 1600 135 1653 cidit
157 1599 273 1652 cundem
295 1613 355 1652 esse
377 1596 565 1652 Pharisaeum
594 1605 620 1652 et
642 1597 778 1663 Scribam,
810 1600 842 1653 ia
864 1607 904 1654 est
927 1602 1036 1653 eloctum
1056 1601 1088 1654 ia

63 1683 148 1754 Laoc.
178 1682 346 1738 Maidonatus
369 1683 408 1736 vir
429 1682 602 1738 doctissimus
625 1684 656 1738 ad
677 1685 731 1739 c.2
748 1684 809 1739 Mat.
833 1683 951 1741 Scribas
969 1685 1087 1756 proprie

62 1768 201 1824 Notarios
221 1769 350 1839 publicos
372 1768 462 1839 sitisse
485 1768 578 1831 aocet,
609 1784 726 1839 quorum
748 1770 854 1841 cluplec
875 1777 937 1824 crat
959 1771 1086 1840 officium,

63 1856 187 1909 alterum
205 1854 323 1924 publica
345 1854 530 1908 iustrumenta
553 1855 733 1927 conficiendi:
757 1856 876 1909 alteram
895 1871 995 1909 sacras
1010 1854 1088 1911 Scri·

58 1948 165 2012 pluras
187 1939 401 2010 interpretandi,
426 1946 452 1992 el
474 1955 493 1992 a
515 1940 678 2010 corruptela
699 1941 873 1994 vindicandi.
910 1941 985 1994 Unde
1007 1939 1087 1994 iidem

63 2019 195 2096 reprimi,
218 2032 245 2078 et
268 2014 537 2095 νομοδιδάσκαλοι,
561 2032 588 2078 et
608 2028 798 2100 γραμματεῖς
813 2025 991 2098 appellantur.
1023 2024 1088 2096 Epi-

63 2110 182 2183 phanius
211 2125 275 2164 vero
304 2110 329 2163 in
361 2109 485 2183 sequenti
508 2108 618 2164 Haercsi
643 2101 802 2182 Νομικοὺς
823 2127 837 2164 a
860 2110 961 2166 Scribis
984 2109 1089 2165 discer-

62 2213 129 2251 nere
152 2193 273 2259 videtur;
297 2195 333 2248 ait
356 2194 426 2248 enim
450 2194 610 2249 Pharisaeos
633 2196 726 2250 cariem
749 2212 809 2249 cum
833 2194 934 2250 Scribis
957 2194 1085 2250 sensisse.

63 2280 278 2357 γραμματεῦσι
302 2272 351 2346 bl,
381 2275 476 2353 arpii,
497 2281 564 2345 baie
586 2270 837 2354 ἕρμηνευομὲνοις
859 2269 1087 2353 νομοὺιὺασκά-

62 2365 140 2431 boec·
165 2366 302 2437 συνῆσαν
322 2358 382 2439 γὰρ
406 2356 512 2429 αὺτοῖς
533 2359 583 2419 καὶ
606 2357 634 2417 oi
659 2360 800 2437 Νομικοί.
831 2365 904 2420 llanc
928 2381 981 2419 non
1004 2363 1085 2419 modo

61 2449 207 2524 Epiphauii
230 2449 383 2521 opinionem
408 2466 483 2513 csse,
507 2466 599 2503 sertim
623 2450 702 2503 etiam
719 2450 806 2504 Lucae
830 2451 985 2505 testimonio
1009 2466 1086 2504 corn-

60 2535 174 2607 probari
198 2534 311 2588 Drusius
334 2533 482 2588 arbitratur
510 2534 543 2588 de
573 2532 660 2590 tribus
683 2534 770 2589 Sectis
794 2537 884 2598 213.
930 2522 994 2588 Nam
1025 2550 1086 2588 cum

59 2620 190 2676 Christus
214 2635 282 2673 com.
301 2622 339 2675 45
364 2619 474 2674 (linisset
497 2610 566 2672 orici
588 2611 661 2690 ὺμῖν
685 2615 713 2672 Γ
712 2621 892 2693 ραμματεΐς,
916 2615 965 2672 καὶ
985 2617 1087 2693 Φαρι-
1154 2660 1157 2664 Α

54 2709 145 2761 octor
169 2697 347 2780 ὺποκριταί·
379 2693 424 2759 ὅτι
448 2698 514 2759 ε’στὲ
536 2695 578 2768 cic
599 2696 638 2758 τὰ
660 2707 794 2776 μνημεῖα
815 2699 855 2759 τὰ
878 2694 997 2777 ἄδηλα,
1021 2712 1084 2766 etc„

53 2791 153 2846 statim
180 2789 287 2863 quidam
311 2790 372 2843 τῶν
394 2789 527 2860 νομικῶν
548 2791 720 2860 respondens
742 2789 783 2842 ait
806 2784 863 2852 itti,
888 2790 968 2843 Haec
992 2789 1086 2842 diceas

45 2878 148 2930 etiam
171 2876 367 2929 contumeliam
390 2875 470 2928 nobis
492 2875 574 2944 sicca.
606 2874 672 2927 Tum
696 2874 771 2929 lesus
788 2869 837 2928 καὶ
852 2866 928 2946 ὑμῖν
942 2876 1006 2939 τοῖς
1021 2871 1088 2927 Νο-

44 2963 166 3032 μικοῖς
188 2950 275 3014 orici:
298 2960 373 3033 iluasi
397 2958 497 3013 diceret
522 2959 720 3032 legisperitus,
745 2975 800 3013 non
823 2958 912 3013 sellim
928 2957 1035 3013 Scribas
1059 2965 1087 3013 ct

10 3096 14 3101 .
45 3045 242 3107 Pharisaeos,
266 3045 313 3099 secl
338 3045 417 3099 etiarn
440 3061 490 3098 nos
512 3037 656 3116 νομικοὺς
678 3043 703 3096 id
727 3053 768 3098 est
791 3044 973 3116 Legisperitos
997 3051 1086 3098 netas.

39 3129 135 3203 Ergo
165 3129 263 3184 diversi
290 3129 456 3203 aliquantum
486 3123 603 3201 νομικοὶ
632 3146 646 3182 a
669 3127 779 3183 Scribis.
826 3129 946 3201 Scaliger
974 3144 1037 3182 uero
1059 3128 1087 3182 iu

43 3214 185 3270 Eleucho
209 3230 232 3269 e.
252 3217 282 3269 11
312 3213 336 3267 in
361 3214 456 3269 coelem
479 3214 620 3286 Epiphanii
643 3213 703 3268 loco
721 3214 842 3268 Serrario
866 3222 1026 3286 arroganter
1044 3212 1089 3267 in-

46 3299 170 3354 suiuus
195 3292 338 3370 νομικοὺς
361 3300 397 3354 ait
428 3300 546 3370 proprie
567 3300 705 3370 formulas
726 3299 798 3353 iuris
822 3306 848 3352 et
870 3300 995 3353 actiones
1018 3298 1088 3352 cici·

47 3384 108 3438 les
129 3385 264 3447 docuisse,
289 3401 323 3438 ac
344 3384 471 3454 forensia
492 3385 583 3454 meeis
606 3392 752 3438 tractasse.
798 3383 829 3440 Et
852 3393 946 3456 postea
969 3385 1085 3439 eundem

55 3467 216 3524 Serrai-ium
240 3469 400 3541 insequitur,
425 3469 498 3543 quod
513 3468 620 3524 Scribas
643 3469 710 3541 legis
732 3485 794 3523 cum
809 3468 910 3524 Scribis
933 3468 1034 3541 populi,
1059 3475 1087 3523 et

59 3556 191 3610 actuariis
213 3553 328 3627 publicis
351 3553 512 3608 contuderit.
544 3553 602 3609 Duo
625 3554 695 3609 euim
719 3553 872 3610 Scribarum
895 3570 994 3627 genera
1018 3571 1087 3608 con-

66 3637 169 3705 stituit3
198 3641 388 3714 γραμματεῖς
410 3639 465 3694 τοῦ
489 3630 600 3710 νόμον,
630 3633 678 3692 καὶ
701 3641 892 3714 γραμματεῖς
913 3640 969 3695 τοῦ
992 3636 1086 3692 boob:

75 3728 104 3774 et
128 3722 173 3778 hos
201 3724 368 3797 posteriores
396 3732 502 3779 actores
525 3724 565 3779 vel
589 3723 723 3779 actuarios
746 3724 869 3796 publicos
893 3724 976 3778 luisse
998 3731 1085 3796 putat.

77 3801 127 3860 Nos
145 3816 246 3865 attente
269 3808 445 3864 consideratis
468 3808 594 3864 omnibus
617 3825 670 3863 non
695 3807 848 3863 dubitamus
876 3809 941 3883 quin
968 3801 1087 3881 νομικοὶ

87 3885 149 3947 iidem
171 3894 224 3949 sint
246 3910 306 3949 cum
326 3893 426 3949 Scribis
450 3903 477 3950 el
499 3882 776 3966 νομοδιὺασκάλοις
797 3894 868 3966 apud
894 3894 1085 3966 Evangelistas.

89 3965 138 4029 Nau
162 3979 195 4034 de
216 3979 358 4052 Epiphsuii
385 3978 445 4034 loco
473 3988 569 4052 postea
598 3978 757 4033 viderimus:
788 3979 909 4051 acleoque
932 3978 1086 4034 foedissime

92 4051 187 4134 Scaliger
208 4063 397 4126 hallucinatur,
421 4080 482 4119 cum
506 4058 648 4137 νομικοὺς
669 4063 803 4120 actuarios
820 4063 943 4136 publicos
959 4079 1019 4118 esse
1035 4062 1088 4116 do-

94 4149 136 4197 cet:
161 4165 213 4221 quo
241 4149 307 4204 nihil
337 4150 454 4223 ineptius
483 4150 606 4206 excidere
634 4149 732 4224 potuit.
778 4149 843 4203 Nam
871 4157 903 4204 ut
925 4148 1012 4203 Lucae
1041 4146 1128 4206 illeso
