2586 4822
38 392 80 455 a.
147 358 178 491 ’-

147 753 207 814 140
596 760 709 812 reat-tu

144 931 172 981 et
198 923 225 979 in
254 916 324 996 ἕκτη
345 920 482 976 mutanda.
526 919 603 987 Quod
626 927 654 974 ct
675 917 741 992 rynt
764 916 879 981 Actiaci,
908 917 963 972 sire
987 914 1167 972 Diocletianei

144 1009 201 1066 dies
224 1008 280 1081 ipsa
302 1008 480 1066 demonstrat.
503 1005 581 1060 cuius
606 1007 638 1061 11
664 1006 692 1059 in
716 1004 805 1060 illan.
828 1002 964 1057 convenit.
995 1004 1034 1056 Ac
1056 1001 1164 1058 ridetur

144 1094 171 1150 in
194 1110 236 1158 eo,
260 1091 334 1166 quod
355 1090 476 1163 quintam
492 1089 606 1145 lanuarii
627 1088 697 1143 diem
720 1106 770 1162 pro
793 1096 867 1143 serta
890 1087 1017 1160 sumpsit,
1041 1087 1166 1159 mysterii

144 1178 244 1254 aliquid
266 1193 336 1233 esse.
366 1175 503 1247 Siquidem
526 1183 554 1229 et
576 1173 864 1246 Constantinopolitani
888 1181 980 1245 postea
1007 1174 1025 1227 5
1049 1171 1167 1228 lanuarii

144 1264 188 1320 die
210 1262 374 1335 baptismum
397 1259 496 1315 Christi
519 1258 700 1323 celebrabant,
725 1258 797 1331 anund
819 1258 845 1312 in
870 1259 887 1313 6
908 1256 988 1329 vulgo
1012 1257 1165 1322 confertur,

144 1357 176 1404 ut
198 1365 230 1404 ex
253 1345 380 1401 Alanuelis
403 1343 510 1399 Novella
537 1348 545 1399 1
575 1345 608 1398 de
630 1344 703 1399 seriis
726 1351 753 1398 et
776 1341 937 1415 Giiropalate
958 1340 1108 1414 colligitur.

230 1425 308 1486 κατὰ
331 1424 488 1503 Κυπρίοις
508 1421 607 1484 el'toor
628 1423 846 1501 Σαλαμανίοας]
889 1427 946 1481 llon
969 1437 1022 1489 est,
1046 1436 1079 1482 ut
1103 1427 1167 1500 qui-

146 1517 205 1572 dam
228 1516 377 1578 existimat,
400 1521 545 1585 corruptus
568 1513 611 1568 hic
634 1512 729 1586 lipinb.
752 1513 845 1576 locus,
868 1512 894 1567 in
917 1512 1020 1567 mensis
1043 1512 1169 1585 appella·

146 1602 229 1657 tione.
260 1600 324 1654 Nam
341 1599 478 1653 lanuarias
500 1597 533 1653 ab
557 1598 608 1653 illis
624 1598 740 1666 Quintus
764 1598 926 1658 noudnatnr‚
950 1606 981 1652 ut
1004 1597 1163 1652 allemania

147 1684 280 1755 Quintilis,
304 1683 420 1747 Sextilis,
444 1682 604 1755 September
626 1692 679 1739 etc.
723 1684 775 1738 Sed
797 1682 924 1738 mendum
948 1683 973 1737 in
997 1698 1064 1737 voce
1087 1677 1164 1753 πίμ-

145 1789 206 1847 πτῃ
229 1769 342 1824 subesse
365 1768 456 1841 potius
478 1767 609 1823 arbitror:
634 1768 684 1822 nisi
706 1785 720 1821 a
745 1768 798 1822 lan.
815 1768 933 1822 secundo
948 1760 1098 1838 Πέμπτον
1113 1783 1163 1820 au-

147 1855 241 1929 spicati
264 1855 318 1910 sint
339 1852 482 1909 Salaminii.
526 1852 579 1907 Sed
602 1851 770 1907 verisimilius
794 1862 836 1906 est
858 1852 952 1924 Eninb.
976 1861 1025 1905 aut
1049 1851 1107 1907 eius
1128 1850 1164 1905 li-

147 1940 281 2003 brarium‚
307 1956 368 1994 cum
391 1936 546 2009 imprudens
569 1930 689 2013 πέμπτῃ
714 1939 766 1991 τοῦ
785 1929 973 2013 Ἰαναυαριάυ
997 1937 1163 2009 scripsisset.

147 2041 197 2098 pro
221 2018 300 2100 ἕκτῃ,
324 2023 392 2077 idem
417 2023 441 2075 in
458 2021 662 2076 Salaminiorum
686 2038 778 2076 mense
802 2022 906 2076 lesisse.
938 2024 1058 2092 Apparet
1074 2031 1164 2076 antem

148 2125 179 2164 ex
202 2108 336 2163 hocloco
360 2106 517 2162 Salaminios
541 2123 640 2161 annum
663 2125 677 2160 a
700 2105 838 2178 Septemb.
861 2106 909 2161 lul.
927 2104 984 2161 llal.
1009 2107 1162 2179 auspicatos

148 2209 224 2255 esse,
255 2192 327 2264 quod
350 2189 504 2245 lndictionis
532 2191 649 2263 annique
672 2191 848 2264 primordium
871 2190 1162 2265 constantinopolitani

147 2285 241 2351 postea
265 2275 455 2350 praebuerunt.

233 2353 311 2416 κατὰ
333 2355 479 2436 Παφίοις
497 2352 612 2415 ‘Iodlov
638 2353 961 2435 τεσσαρεσκαιδεκάτῃ]
1002 2360 1089 2432 lgitur
1117 2360 1160 2416 loli

148 2447 248 2502 mensis
278 2446 382 2500 initium
412 2463 426 2499 a
458 2447 496 2502 tt
521 2445 583 2500 bec.
630 2444 679 2513 Qui
702 2445 725 2498 si
748 2445 864 2499 lulianus
887 2444 945 2506 luit,
969 2444 1161 2501 credibilem

147 2530 181 2588 ab
205 2531 381 2606 Aequinoctio
409 2547 491 2585 verno
520 2530 627 2585 circiter
650 2546 749 2584 annum
772 2530 904 2602 incepisse
927 2528 1057 2602 Paphios.
1102 2531 1160 2585 Nam

148 2616 170 2671 si
186 2615 259 2671 lulus
275 2616 413 2671 lanuarias
436 2624 486 2679 est,
510 2617 611 2669 mensis
633 2614 666 2669 ab
689 2614 734 2670 illo
758 2615 854 2669 tertius
877 2615 903 2668 in
926 2631 987 2669 eum
1012 2615 1084 2670 diem
1100 2632 1161 2689 pro-

147 2701 292 2775 pemodum
315 2701 422 2762 desinit,
446 2700 490 2772 qm
514 2699 690 2772 Aequinoctio
714 2700 847 2771 quondam
870 2698 1018 2754 attrilnitus
1043 2711 1095 2755 est.

234 2779 312 2841 κατὰ
327 2777 465 2860 Ἄραβας
483 2777 609 2855 littam]
637 2785 665 2838 ln
689 2783 801 2856 vulgatis
817 2783 933 2838 Arabum
958 2785 1100 2839 innnsibus
1115 2800 1159 2840 ne-

148 2887 202 2944 que
223 2870 326 2932 Alcona,
351 2887 440 2941 neque
462 2868 507 2941 qm
530 2877 624 2942 postea
647 2878 874 2924 commemoratur
888 2869 1100 2937 Angaltbabaitb
1120 2868 1160 2925 lo·

148 2971 209 3011 cum
232 2954 316 3009 ullum
340 2953 430 3009 babet.
461 2952 513 3008 Sed
536 2971 624 3025 nesure
641 2954 759 3008 litinares
782 2970 888 3008 menses
907 2954 949 3008 isti
966 2962 1041 3015 sunt.
1065 2956 1087 3009 si
1103 2953 1160 3026 qni-

148 3038 208 3093 dem
232 3039 258 3094 in
280 3038 335 3093 lan.
360 3039 390 3092 Vl
413 3038 505 3093 Aleom
528 3038 581 3092 xxt
606 3038 718 3100 incidat,
742 3056 811 3112 quae
835 3046 890 3093 tum
913 3039 970 3092 dies
993 3048 1053 3093 crat
1076 3039 1161 3093 baanae

147 3123 207 3188 llll,
238 3123 318 3195 Cyclo
341 3123 360 3177 l.
405 3122 468 3177 Nam
497 3122 641 3177 Neomenia
670 3140 701 3177 er
730 3123 899 3179 Ptolemaicis
927 3122 1031 3178 llulleri
1055 3122 1161 3178 Tabulis

148 3207 261 3279 contigit
284 3207 345 3261 bec.
370 3208 419 3269 26,
444 3209 471 3269 8.
497 3208 535 3263 32
560 3208 639 3279 Cyclo
666 3210 711 3269 19,
735 3224 806 3263 anno
830 3208 930 3263 iuliano
954 3211 1003 3264 44.
1049 3207 1086 3263 lle
1108 3211 1163 3263 An-

148 3289 313 3364 galthabaitb
336 3290 406 3346 idem
428 3300 523 3364 postea
546 3291 784 3347 demonstrabitur.
815 3292 945 3361 Quocirca
968 3293 1091 3348 nondum
1110 3293 1163 3349 bn·

147 3389 240 3431 namin
262 3391 361 3429 annum
384 3375 416 3430 ad
438 3375 540 3432 civilem
563 3393 642 3432 usum
657 3377 759 3432 Arabes
781 3377 984 3433 transtulerant.
1014 3377 1081 3433 llam
1103 3392 1164 3434 eunt

78 3464 80 3468 '
149 3458 251 3515 Arabes
273 3460 394 3516 nominat
417 3460 598 3533 Epiphanius.
623 3463 750 3518 maiorem
772 3462 843 3517 illins
865 3463 954 3535 gentis
977 3464 1165 3536 potioremque

147 3553 251 3619 partem
274 3545 408 3617 intelligit.
438 3548 475 3600 Ac
497 3545 566 3601 Scal.
591 3547 644 3603 l.2
668 3547 700 3602 de
717 3547 827 3602 Emend.
844 3547 936 3620 lemn.
960 3557 988 3603 et
1010 3545 1081 3621 laag.
1098 3548 1161 3604 Can.

147 3628 167 3686 Ι.
184 3630 202 3687 2
218 3645 249 3685 ac
266 3632 293 3693 3,
316 3639 421 3686 veteres
436 3630 537 3685 Arabes
554 3630 686 3704 Calippica
708 3633 771 3687 anni
794 3633 890 3687 raama
902 3648 966 3686 usos
988 3648 1052 3689 esse
1068 3635 1166 3689 decer-

148 3713 197 3778 nit,
221 3722 251 3769 nt
273 3723 301 3770 et
316 3707 463 3770 Chaldaeos
485 3732 516 3771 ac
538 3715 660 3780 ludaeos,
684 3717 800 3772 Arabum
823 3733 885 3772 vero
908 3716 1044 3788 duplicem
1065 3732 1163 3773 annum

148 3797 226 3862 neit,
255 3798 369 3854 alterum
392 3799 601 3863 llamaseenum‚
631 3803 686 3857 sire
710 3801 895 3875 lingarenum,
918 3802 961 3857 eni
984 3802 1164 3858 desultoriam

148 3882 322 3939 intercalandi
344 3900 447 3940 morem
470 3884 601 3950 attribuit,
625 3887 701 3942 cuius
718 3887 861 3942 Periodum
879 3889 939 3945 228
962 3887 1040 3942 anuis
1056 3886 1165 3944 lulianis

148 3967 251 4031 delinit.
273 3967 376 4043 inqua
398 3985 505 4025 menses
528 3987 622 4025 omnes
637 3970 790 4043 singillatim
806 3988 905 4028 anniam
920 3971 1061 4037 inclinant,
1086 3973 1168 4028 ricia-

58 4120 65 4133 ·
148 4052 253 4128 uimque
275 4053 434 4110 terminant:
468 4054 579 4111 alteram
601 4054 662 4110 anni
685 4056 816 4112 rationem
839 4058 937 4112 omissa
960 4055 1167 4113 intercalatione
