2586 4822
219 752 260 815 92
675 766 786 823 cernui

218 933 309 980 vocat:
333 923 448 979 alterum
469 923 626 997 legitimum,
651 925 705 979 sive
728 923 865 988 festivum,
889 923 961 996 quod
985 915 1134 998 δεύτερον
1153 933 1239 998 putat,

218 1009 369 1065 cuiusmodi
384 1010 545 1082 dzymnrnm
568 1009 625 1066 dies
649 1008 708 1072 luit,
731 1008 812 1080 paula
834 1017 898 1082 post
919 1008 992 1064 addit
1015 999 1163 1085 δεύτερον
1176 1009 1237 1065 illud

219 1096 244 1150 in
268 1103 372 1168 septem
395 1094 544 1150 revolutum
568 1093 696 1166 appellari
712 1094 843 1165 anciran.
873 1092 922 1149 Ubi
937 1094 1044 1149 nescias
1060 1103 1155 1149 utrum
1170 1097 1237 1168 Ary-

217 1196 322 1235 mnrnm
349 1183 363 1236 7
389 1179 460 1235 diem
475 1178 623 1234 Sabbatum
642 1169 891 1254 ὃευτερόπρωτον
913 1195 973 1234 esse
995 1178 1118 1243 deliniat,
1142 1196 1177 1235 an
1197 1179 1237 1236 le·

178 1323 186 1340 ,
217 1274 289 1321 stum
312 1265 400 1338 ipsum
423 1264 614 1327 Pammenes,
638 1263 711 1335 qued
734 1272 761 1318 et
784 1262 950 1318 llaldonatus
972 1265 1092 1319 caeteris
1114 1263 1236 1321 amnibus

217 1349 412 1423 praescinde
440 1365 495 1423 qun
523 1364 574 1403 sun
593 1347 654 1404 leco
677 1347 805 1404 dicemus.
851 1348 905 1403 lam
927 1364 990 1404 vero
1014 1349 1109 1404 nullus
1131 1349 1236 1422 proprie

217 1441 378 1508 alumnarum
401 1434 458 1490 dics
483 1435 500 1491 8
523 1432 582 1497 luit,
606 1449 667 1488 cum
690 1433 862 1489 celebritas
856 1451 911 1506 qisa
934 1433 1005 1489 intra
1028 1443 1161 1508 septenas
1182 1434 1236 1489 dies

217 1520 338 1583 steterit,
362 1527 393 1574 ut
416 1535 447 1573 ex
471 1519 553 1573 levit.
570 1520 609 1576 23
633 1526 661 1573 et
683 1498 764 1573 Eroll.
782 1519 818 1574 12
842 1528 958 1574 constat.
1003 1518 1059 1574 Nisi
1084 1518 1172 1581 forte
1200 1520 1235 1575 uti

216 1605 354 1660 Pascbatis
383 1613 445 1660 octo
467 1596 530 1659 dies
553 1602 687 1659 interdum
711 1602 847 1658 numerari
869 1603 971 1666 solent,
1003 1620 1036 1660 eo
1059 1606 1136 1678 qund
1159 1604 1237 1660 Para-

217 1706 297 1745 sceue
320 1690 393 1762 ipsa,
417 1688 493 1745 cuius
520 1687 570 1744 sub
594 1704 732 1762 vesperam
755 1705 840 1760 agnus
864 1688 1035 1754 immolatur,
1058 1690 1167 1762 primus
1188 1688 1236 1744 Ρι-

217 1776 317 1830 scbatis
347 1774 404 1830 dies
433 1772 563 1837 babetur,
593 1775 667 1846 qued
694 1790 725 1828 ex
755 1773 858 1829 Isidoro
887 1789 968 1846 supra
998 1775 1173 1838 monuimus,
1200 1773 1236 1829 sic

217 1861 296 1916 etiam
320 1862 481 1933 baymomm
510 1859 595 1931 prima
626 1859 682 1913 dies
711 1859 802 1913 eedem
831 1857 874 1914 illa
904 1858 1054 1915 Parascene
1085 1868 1233 1915 censeatur.

216 1945 272 2012 Qua
296 1945 400 2000 ratione
422 1945 530 2016 loseph.
547 1943 619 2016 ilrig.
638 1945 665 2006 2,
686 1946 701 1998 5
725 1946 886 2015 azymorum
908 1944 1005 1998 lestum
1029 1943 1129 1999 diebus
1153 1946 1170 2002 8
1191 1960 1234 1999 ne·

216 2030 314 2085 lebrari
337 2029 410 2084 dixit.
441 2028 509 2083 lllud
532 2027 673 2082 llaldonati
698 2028 762 2083 satis
786 2028 875 2083 mirari
899 2045 953 2084 nen
969 2045 1094 2101 prissum,
1119 2027 1232 2104 qucdde

216 2115 309 2169 eadem
332 2112 492 2186 quaestione
514 2129 546 2167 ea
569 2129 617 2168 sua
640 2112 766 2186 opinione
789 2112 834 2168 illo
858 2114 884 2168 in
907 2112 967 2169 luco
982 2113 1104 2170 disserit.
1136 2113 1231 2170 llelellit

216 2200 286 2254 enim
310 2197 451 2271 llpiphauii
478 2197 648 2271 aliorumque
681 2199 859 2261 senteutiam,
888 2198 938 2270 qui
959 2198 1120 2254 Sabbatum
1141 2216 1232 2255 rema·

216 2285 384 2355 ‹lo-primum
406 2284 478 2337 mem
500 2283 621 2354 aliquem
643 2281 809 2351 adzymorum
830 2284 1060 2356 interpretantur.
1094 2284 1154 2340 Nee
1167 2285 1230 2338 caio

215 2370 260 2423 dic
288 2372 331 2432 15,
356 2374 405 2423 nat
429 2369 467 2424 20
490 2367 592 2424 Martii
612 2368 708 2440 spicae
729 2377 860 2422 maturae
882 2384 941 2423 esre
959 2376 1128 2440 potuerant.
1159 2368 1230 2438 Quat

216 2455 288 2509 enim
311 2455 424 2525 qnidam
446 2454 660 2516 adnotaverant,
683 2456 714 2508 in
734 2453 900 2509 Palaestina
922 2470 954 2508 eo
977 2462 1104 2526 tempore
1124 2461 1229 2528 propter

216 2539 402 2594 vehementem
429 2540 551 2594 calorem
578 2547 683 2608 eeqetes
710 2539 810 2592 solitas
832 2546 1034 2602 maturescere,
1062 2541 1159 2612 mum
1178 2552 1227 2593 este

215 2626 348 2680 arbitrer.
382 2622 455 2678 Nam
475 2623 576 2693 sestam
594 2623 803 2694 primiti-uorum
824 2624 984 2678 celebantur
1005 2624 1226 2696 quinqanqeaiu

214 2711 259 2764 die
279 2719 344 2782 post
359 2708 479 2773 Pascha,
503 2710 663 2764 celebratur
684 2716 777 2762 entem
799 2709 883 2764 nimai
904 2716 988 2780 atque
1006 2710 1108 2779 prima
1129 2708 1224 2782 salai·

213 2811 328 2848 messem
350 2796 519 2849 ntittebatur.
550 2792 614 2848 Non
636 2810 701 2864 erqo
721 2801 855 2864 poterant
876 2794 907 2848 in
920 2795 992 2864 serto
1008 2791 1227 2864 mmnnmid

215 2887 255 2934 est
277 2880 483 2951 quinquaqinta
506 2887 571 2934 ante
593 2878 699 2943 diebus,
722 2887 827 2947 seqetes
850 2894 909 2932 ease
923 2887 1062 2934 maturae.
1098 2879 1168 2936 llaec
1180 2876 1225 2933 ille.

214 2964 299 3036 Negat
327 2964 418 3036 itaque
447 2964 512 3036 ipsis
541 2966 702 3036 azymorum
733 2963 828 3018 diebus
858 2973 976 3018 maturas
1005 2964 1091 3020 luisse
1120 2972 1223 3038 segetes,

214 3065 277 3104 curn
299 3048 524 3122 quinquagesima
547 3049 663 3121 primum
687 3056 781 3121 postea
797 3049 840 3103 die
856 3048 949 3103 falcem
966 3048 1141 3106 immiserint.
1163 3049 1226 3117 Quae
1264 3092 1270 3115 ,

214 3134 322 3205 quidem
353 3149 407 3187 nnn
438 3132 503 3189 lalsn
533 3142 637 3187 tantum
667 3134 753 3198 dicta,
783 3133 831 3188 sed
860 3142 887 3189 et
909 3133 1067 3206 Scripturas
1092 3134 1225 3191 manilestc

214 3218 349 3272 contraria
368 3215 450 3272 ‘sunt
495 3217 560 3285 Quis
590 3220 676 3273 nescit
704 3218 822 3273 secunda
845 3221 1006 3291 Azymnrum
1037 3218 1081 3274 die
1106 3232 1224 3276 nastrum

213 3300 321 3374 frugum
344 3301 510 3374 manipulum
533 3300 653 3357 oblatum
672 3300 775 3357 luisse?
796 3303 1021 3375 quemadmodum
1039 3305 1125 3360 levit.
1139 3307 1185 3369 23,
1195 3303 1221 3359 ll

213 3386 393 3458 praecipitur,
422 3400 521 3446 ianuar.
544 3401 677 3450 nanum,
708 3389 760 3442 hoc
788 3397 831 3443 est
853 3388 977 3460 sequenti
999 3398 1063 3460 post
1087 3389 1225 3445 Sabbura

213 3471 280 3538 (sive
304 3471 411 3534 lestum,
436 3470 462 3525 id
485 3479 526 3525 est
548 3473 709 3542 nzymorum
732 3472 857 3544 primam)
880 3473 931 3535 die,
956 3474 993 3550 τῇ
1014 3465 1165 3550 ἐπαύριον
1182 3473 1228 3545 τῆς

213 3546 345 3632 πρώιης,
368 3565 399 3610 ut
421 3564 495 3611 recte
518 3555 582 3610 Lllll
605 3554 788 3612 reddiderunt.
820 3556 859 3611 nb
882 3558 934 3613 boc
957 3574 1020 3613 vero
1044 3557 1099 3623 die,
1123 3561 1176 3616 linc
1190 3565 1227 3613 est

213 3657 227 3696 a
252 3643 476 3736 2Αιγιιιριιιαι,
508 3639 730 3697 'lhebdnmadas
760 3641 953 3705 numerabant.
984 3642 1102 3717 quibus
1088 3643 1229 3706 emtam,

213 3726 436 3799 quinquagesimo
458 3726 566 3782 demum
589 3724 631 3781 die
654 3743 708 3781 nnn
731 3727 827 3801 spicas,
852 3736 898 3782 ant
919 3727 1082 3800 manipulos,
1107 3729 1157 3785 sed
1177 3728 1235 3802 pri-

213 3811 319 3867 mitivos
347 3823 432 3884 panes
461 3809 626 3866 otlerebant:
657 3827 773 3886 eumque
797 3824 902 3877 naua,
933 3813 985 3868 lanc
1013 3821 1057 3868 est
1085 3813 1232 3870 clausulam

212 3895 392 3994 appellabant,
415 3895 470 3951 sive
491 3904 656 3968 postremam
679 3895 843 3952 celebritatis
866 3897 946 3953 diem.
977 3898 1005 3952 lu
1028 3914 1084 3996 qqn
1101 3899 1235 3973 lnseqrtius

212 3991 294 4045 errat,
318 3998 364 4055 qur
358 3971 461 4057 Ἀρχ.
478 3984 505 4045 3,
522 3984 557 4037 10
574 3980 609 4036 ita
626 3980 733 4036 scribit:
758 4000 795 4059 τῃ
781 3974 1063 4059 Πεντηκοσιῇ,“>
1044 4002 1084 4036 re
1093 3977 1234 4059 Ἑβραῖοι

206 4058 370 4144 Maeandri
391 4063 535 4136 καλοῦσι,
558 4061 696 4142 σημαίνει
719 4060 754 4122 di
775 4068 867 4123 τοῦτο
889 4062 1105 4144 πεντηκοστήν.
1136 4071 1237 4125 itariaeh
