2586 4822
977 520 990 555 h

429 839 504 890 seth
522 838 741 892 hotta-nottho.
1057 836 1097 885 Π

87 991 177 1079 moria
198 1000 281 1067 atque
302 992 420 1051 damuati
441 994 551 1069 pudeat.
582 996 642 1053 Sint
664 1012 739 1062 sane,
762 1004 793 1052 ut
807 1004 881 1064 suut,
904 994 985 1053 lerrei
999 1013 1093 1054 omnes

87 1077 216 1141 must,
237 1076 294 1135 siut
314 1079 484 1153 pervicacem
511 1080 647 1157 iidemque
667 1098 698 1138 se
720 1081 746 1137 in
769 1080 829 1156 ipso
850 1082 947 1138 ardore
968 1080 1095 1156 agitatio-

87 1178 166 1239 eque
194 1162 348 1236 disputandi
371 1164 404 1219 ad
427 1164 607 1223 resistendum
630 1166 718 1224 acrius
740 1166 859 1241 lingant,
889 1176 978 1223 tamen
992 1168 1046 1241 'qui
1068 1168 1095 1223 id
1171 1188 1174 1193 ·

87 1247 210 1310 theona,
232 1248 335 1323 quiquo
357 1250 439 1306 certis
460 1259 582 1307 ueterum
605 1250 766 1309 testimoniis
789 1253 960 1326 compererit,
983 1260 1046 1308 aute
1061 1251 1094 1308 ah

87 1332 194 1409 niquis
210 1331 335 1389 Patribus
357 1343 384 1390 et
407 1336 527 1393 conciliis
550 1335 714 1411 publicoque
730 1336 943 1393 Christianorum
958 1354 1094 1394 consensu

87 1418 165 1493 gnta
188 1434 220 1475 ao
241 1418 382 1491 repudiata
403 1420 528 1494 dogmata
549 1421 603 1487 illa,
626 1440 706 1496 quam
729 1421 765 1479 illi
789 1422 840 1496 ipsi
863 1426 943 1495 (quos
959 1424 1093 1497 sequitur)

87 1502 285 1577 narpotatores
307 1505 486 1569 exsisterent:
516 1506 556 1563 uix
578 1508 644 1572 erit,
672 1506 786 1581 opinor,
817 1506 903 1572 ullus,
927 1507 1018 1570 cuius,
1042 1506 1094 1565 nisi

87 1589 160 1663 mugi
183 1588 359 1662 edomannue
380 1592 548 1647 contumacia
571 1592 701 1665 potnerit,
725 1608 779 1647 uon
798 1591 979 1664 languidiores
996 1591 1094 1648 habeat

87 1674 233 1747 ruptiones
255 1682 283 1729 et
306 1674 431 1749 impetus,
458 1682 490 1732 do
511 1676 639 1750 paulatim
661 1694 712 1751 per
732 1677 849 1751 seipsam
871 1676 1028 1752 conigeram
1049 1684 1094 1734 at·

87 1772 127 1833 po
154 1766 296 1831 enervata,
309 1760 458 1817 concidat'.

503 1998 612 2056 cuent
634 1999 665 2057 V.

87 2112 225 2171 Euromo
246 2116 339 2171 sancti
361 2124 428 2172 octo
450 2116 707 2193 Constantinopoli‚·
729 2137 804 2175 mora
826 2120 856 2176 in
880 2118 971 2174 redito
992 2119 1077 2173 odito.

160 2270 210 2325 35.
256 2267 326 2336 Quid
354 2269 387 2324 de
409 2268 532 2342 origenis
561 2270 635 2328 libn's
657 2267 737 2348 Περὶ
761 2264 864 2345 ἀρχῶν
891 2272 1006 2328 sentiret
1027 2270 1093 2344 Epi·

87 2352 200 2417 hunius,
224 2354 290 2409 satis
311 2353 455 2410 declaravit
475 2372 527 2428 per
546 2354 704 2429 Epistolnm
725 2358 764 2411 od
779 2357 913 2413 loannem
927 2356 1093 2427 Hierosoly-

87 2436 219 2502 nusum,
243 2439 320 2494 cuim
341 2455 423 2513 supra
447 2439 559 2496 lecimus
582 2441 755 2497 mentionem.
787 2441 854 2496 llum
877 2450 966 2497 aunem
989 2442 1039 2497 hac
1061 2455 1093 2495 ex

87 2538 154 2579 ansa
177 2522 376 2596 disputationes
398 2528 424 2581 in
447 2524 597 2581 Palaestina
619 2526 767 2590 lervcrcnt,
791 2526 904 2599 contigit
927 2525 1006 2581 ctiam
1030 2522 1095 2580 hle-

86 2607 200 2665 aodriac
223 2608 373 2665 simultates
396 2610 469 2665 nasci
492 2610 563 2666 inter
578 2610 756 2684 Theophilum
772 2609 945 2666 dleuaanlriae
968 2618 995 2665 et
1013 2608 1094 2664 [lios-

87 2708 169 2749 ornm
193 2692 388 2767 hermopoleos
412 2695 579 2769 episcopum,
602 2704 684 2769 atque
707 2695 787 2749 huius
810 2695 907 2750 lratres
923 2694 1092 2749 hmmoniunt

87 2788 100 2835 t
122 2776 272 2837 Eusehinm
294 2789 477 2851 cognomento
492 2780 609 2852 Longos,
633 2778 745 2836 totidem
768 2779 993 2836 monasteriorum
1012 2794 1094 2853 prae-

87 2872 177 2926 actos,
207 2879 277 2936 qttos
305 2878 367 2919 cum
397 2866 512 2938 primum
541 2882 618 2921 caros
646 2864 786 2920 habuisset
808 2862 992 2938 Theophilus,
1019 2862 1094 2919 haud

87 2949 210 3005 nmerito
238 2948 336 3005 deindo
363 2966 378 3003 a
404 2966 434 3005 se
457 2966 565 3005 auersos
588 2958 669 3025 atque
691 2950 724 3005 ad
746 2948 919 3005 solitudinem
941 2964 1092 3023 regressos,

87 3033 203 3105 monui
225 3033 312 3088 modis
334 3034 460 3089 omnibns
482 3035 591 3101 statuit;
619 3045 647 3091 et
667 3050 722 3108 quio
746 3034 922 3108 simpliciores
945 3034 1093 3091 monachos

87 3116 227 3175 lriisdeua
250 3118 430 3182 abstraheret,
454 3118 564 3192 culpare
585 3120 612 3175 iu
636 3119 674 3174 cis
698 3119 888 3193 praesumpsit,
912 3118 985 3194 quod
1008 3118 1093 3174 ileum

87 3218 193 3259 nomana
216 3202 301 3259 lorma
323 3204 473 3276 praeditum
497 3213 636 3277 negarent,
661 3204 784 3278 (tripentis
799 3205 958 3277 praesertim
974 3204 1094 3261 auctori-

87 3296 130 3345 ate
152 3286 267 3343 suthulti.
304 3288 370 3344 Cum
393 3297 482 3345 autem
505 3306 553 3344 eos
576 3289 837 3362 Corastantiuopolim
860 3289 892 3345 ad
914 3289 943 3345 S.
966 3289 1094 3346 loannem

87 3372 300 3445 {lurp-sostomum
322 3374 477 3445 confugisse
499 3374 684 3439 intellexisset,
707 3383 788 3448 atqne
810 3373 843 3430 ab
867 3374 919 3431 hoc
934 3381 1093 3448 susceptos3

87 3458 197 3531 agitare
218 3460 317 3531 coepit,
341 3459 428 3533 inquit
443 3460 611 3515 Sozomenns
634 3460 680 3515 hh.
697 3459 751 3514 l'lll
774 3475 833 3533 cap.
855 3460 890 3518 13
913 3469 941 3516 et
955 3459 1093 3531 deinceps,

87 3550 149 3616 'qua
181 3543 284 3598 ratione
313 3544 441 3599 loannem
469 3559 578 3618 quinque
607 3545 695 3618 ipsum
719 3542 751 3598 ah
775 3546 933 3619 episcopatu
956 3545 1093 3601 deiiceret.

87 3627 176 3683 'enam
206 3628 272 3683 haec
301 3628 325 3684 in
354 3629 449 3684 intimo
477 3630 596 3702 pectoris
623 3630 664 3685 sui
687 3646 798 3685 recessu
820 3629 959 3686 occatltans
980 3646 1011 3685 ac
1033 3644 1095 3683 mo-

87 3728 153 3775 nens,
177 3712 286 3784 scripsit
314 3714 420 3769 interim
443 3713 476 3769 ad
498 3730 593 3787 onmes
615 3714 716 3787 ultique
739 3714 860 3771 locorum
884 3715 1025 3788 episcopos
1048 3712 1095 3768 lit-

87 3812 157 3861 ms,
182 3796 282 3869 quibus
304 3798 387 3854 libros
410 3799 533 3872 (trigenis
556 3797 782 3873 reprehendebat.
824 3798 946 3874 Cinnaque
967 3797 1094 3855 conside-

87 3890 148 3939 rtet
176 3898 275 3955 magno
302 3883 354 3938 sihi
377 3884 560 3940 emolumento
583 3884 656 3950 lore,
686 3884 707 3939 si
731 3884 924 3957 epiphanium,
953 3881 1094 3940 Salaminis

87 3984 98 4025 u
124 3966 215 4041 Cypro
238 3968 405 4042 episcopum,
428 3969 585 4043 participem
609 3978 636 4025 ct
658 3978 813 4025 consortem
836 3968 1010 4025 consiliorum
1025 3979 1093 4020 sno-

87 4068 135 4111 om
159 4051 287 4117 haberet,
318 4054 403 4109 virum
431 4054 466 4110 oh
490 4054 594 4110 virtutis
616 4054 793 4110 reuerentiam
816 4054 935 4110 omnium
958 4053 999 4108 sni
1022 4059 1093 4106 tcm-

87 4138 150 4195 mris
172 4138 366 4205 clarissimum
390 4156 451 4197 enm
474 4138 525 4195 sibi
547 4142 661 4197 anticum
683 4138 802 4194 adiunxit
815 4138 885 4195 ...''
