2586 4822
403 782 416 813 U

562 792 765 857 εοιοινιοὙ

159 958 225 1045 δής,
249 957 373 1043 σαρδίῳ
396 959 443 1043 τῷ
467 955 559 1039 ίχθόῑ
586 961 840 1043 τεταριχευμένῳ
871 954 1000 1034 ίσικιός·
1038 954 1092 1021 διὸ
1118 956 1173 1022 καί

159 1054 293 1140 σάρδιος
315 1055 451 1138 λέγεται,
485 1049 554 1120 όιπό
577 1057 635 1120 τοῦ
658 1055 767 1133 είδους
789 1052 898 1139 λαβὼν
921 1052 959 1119 τὸ
987 1052 1172 1137 ἐπώνυμον.

158 1151 192 1219 ἐν
213 1153 390 1236 Βαβυλῶνι
417 1153 453 1217 δὲ
480 1154 520 1238 τῇ
549 1152 633 1235 πρὸς
652 1147 831 1235 Ἀσσυρίαν
852 1158 985 1236 γίνεται.
1043 1151 1115 1217 ἔστι
1136 1150 1173 1217 δὲ

158 1243 331 1337 διαυγήςό
360 1249 467 1327 λίθος.
517 1248 683 1332 δυνάμεως
712 1250 748 1315 δέ
770 1248 839 1315 ίστι
862 1251 1114 1336 θεραπευτικής,
1145 1236 1173 1335 ᾧ

134 1353 325 1433 οκέχρηνται
352 1346 384 1412 οἱ
406 1346 511 1430 ίατροί
541 1346 627 1431 πρὸς
648 1346 810 1433 οἰδήματα
843 1348 895 1411 καί
920 1344 1022 1423 ι’ίλλας
1043 1344 1172 1430 πληγάς

156 1442 224 1511 όπὸ
247 1442 382 1530 σιδήρου
404 1449 603 1528 γιγνομένας.
640 1446 710 1510 ἴστι
732 1445 767 1509 δὲ
789 1446 841 1508 καί
867 1442 974 1523 ἄλλος,
998 1442 1169 1525 σαρδόνυξ,

159 1541 194 1620 ός
222 1542 369 1606 καλεῖται
395 1539 547 1623 μολοχὸις,
592 1540 790 1622 μαλακτικός
818 1541 854 1606 δέ
882 1540 951 1607 ἐστι
980 1538 1175 1623 στεατωμόη1

157 1666 231 1705 των.
269 1640 326 1723 τῆς
349 1638 385 1703 δὲ
407 1632 506 1723 αότής
529 1638 618 1716 ἰδέας
638 1638 796 1722 τυγχάνει,
826 1634 1068 1721 ὖποχλωρίζων.
1114 1636 1169 1719 ίμ-

156 1742 377 1821 βριθέστατος
399 1736 435 1801 δὲ
456 1735 582 1816 μᾶλλον
604 1739 681 1819 περὶ
703 1735 760 1823 τήν
784 1730 883 1822 ἀρχήν
903 1739 962 1802 τοῦ
985 1736 1092 1818 ἔαρος,
1116 1730 1171 1803 ὅτε

119 1832 175 1923 1οή
199 1829 277 1923 όιρχή
300 1836 367 1899 τῶν
389 1836 522 1899 παθῶν.

241 1937 280 1997 Β.
317 1936 434 2007 Λίθος
456 1930 625 2011 τοπάζιον,
656 1930 797 2014 ἐρυθρὸς
819 1933 866 2016 τῴ
896 1930 977 1996 εἴδει
1004 1924 1089 2013 ὑπὲρ
1112 1951 1170 1995 τον

157 2028 317 2110 ἄνθρακα.
354 2034 478 2112 γίνεται
501 2028 536 2093 δὲ
559 2027 592 2094 ἓν
611 2027 745 2114 Τοπάζη
769 2028 867 2093 πόλει
889 2030 946 2114 τής
966 2023 1080 2105 ’ίνδίας
1102 2024 1171 2093 ὑπὸ

156 2129 221 2190 τῶν
245 2124 348 2190 ἐκεῖσε
369 2125 451 2190 ποτὲ
474 2125 592 2202 λίθους
614 2125 843 2207 λατομούντων
866 2124 899 2191 ίν
921 2126 1039 2211 καρδίᾳ
1057 2125 1170 2208 ἑτέρου

158 2225 272 2301 λίθου,
307 2219 343 2287 ὸν
373 2221 405 2286 σί
434 2220 675 2310 λατομήσαντες
703 2223 908 2305 θεασόμενοι
940 2220 1084 2309 φαιδρὸν
1117 2224 1170 2289 καί

120 2316 387 2398 ίοόποδείξαντες
409 2313 614 2403 ἀλάβαστρον
639 2343 727 2385 τισιν
750 2316 914 2386 ἀπέδοντο
938 2314 1050 2404 ὀλίγου
1073 2318 1169 2406 τιμή-

154 2442 266 2502 ματος,
292 2420 436 2503 Θηβαίοι
458 2417 494 2482 δὲ
516 2417 739 2501 προσήνεγκαν
761 2422 799 2505 τῇ
823 2412 890 2483 κατ)
911 2417 1032 2483 ἐκεῖνον
1055 2416 1170 2500 καιρὸν

154 2517 341 2602 βασιλίσσῃ.
379 2510 397 2601 ή
422 2515 457 2580 δὲ
479 2514 626 2598 λαβοῦσα
649 2514 682 2580 ἐν
697 2520 744 2601 τῷ
761 2512 860 2603 αότής
875 2513 1054 2601 διαδήματι
1067 2522 1170 2598 μέσον

154 2616 212 2680 τοῦ
234 2612 391 2696 μετώπου
414 2616 602 2695 περιέθετο.
640 2612 705 2693 ἔχει
728 2615 763 2679 δὲ
787 2607 804 2678 ὸ
827 2615 925 2690 λίθος
941 2612 1076 2699 δοκιμήν
1099 2636 1172 2679 τοι·

156 2711 241 2778 άνδε.
279 2709 472 2795 τριβόμενος
493 2708 527 2776 ἒν
551 2710 676 2796 ἰατρικῇ
711 2706 809 2798 άκόνη
838 2712 895 2777 οίκ
917 2709 1060 2794 ἐρυθρὸν
1083 2706 1175 2778 άπσ·

117 2810 275 2879 τοδίδωσι
301 2806 383 2873 κατὰ
409 2806 448 2873 τὸ
474 2810 588 2891 χρῶμα
616 2806 672 2873 τὸν
704 2808 818 2890 χυλὸν,
857 2802 940 2874 ἀλλὰ
966 2808 1171 2895 γαλακτώδη.

158 2904 343 2989 ἐμπίπλησι
366 2906 402 2970 δὲ
423 2909 584 2991 κρατήρας
606 2902 705 2984 ὅσους
732 2900 772 2971 ἂν
795 2907 877 2992 θέλῃ
901 2900 1095 2989 άποτρίβων
1117 2908 1172 2974 καί

156 3006 214 3068 τοῦ
236 3008 399 3084 προτέρου
421 3006 574 3084 σταθμοῦ
598 2999 654 3069 οόκ
670 3002 862 3069 ίλαττοάται
878 2998 947 3068 οὐδ’
964 3000 1059 3081 ὅλως.
1094 3030 1175 3091 χρη-

157 3098 283 3181 σιμεύει
312 3099 347 3165 δὲ
375 3096 430 3164 καὶ
459 3094 476 3162 ό
505 3099 540 3178 ἐξ
566 3095 666 3165 αὐτοῦ
690 3090 785 3178 οὗτος
811 3100 908 3183 χυλὸς
940 3100 1025 3183 πρὸς
1053 3101 1175 3181 πάθος

157 3190 352 3284 ὀφθαλμῶν.
386 3198 438 3261 καί
462 3195 639 3279 πινόμενος
662 3199 697 3263 δὲ
713 3191 898 3265 άντιπαθεί
911 3197 997 3282 πρὸς
1011 3194 1175 3281 ὕδρωπας

116 3292 209 3365 25καὶ
230 3293 307 3371 τοὺς
329 3287 398 3358 άπὸ
421 3296 588 3383 σταφυλής
609 3297 800 3374 θαλασσίας
820 3301 1091 3380 μαραινομένους.

239 3397 270 3456 Γ
268 3442 275 3455 .
308 3397 426 3469 Λίθος
448 3391 643 3476 σμάραγδος.
680 3383 776 3471 οὗτος
797 3394 945 3460 καλεῖται
965 3397 1017 3459 καί
1042 3394 1170 3479 πράσι-

154 3512 218 3567 νος.
257 3489 328 3555 ἔστι
350 3489 386 3555 δὲ
406 3493 458 3555 καί
480 3488 605 3573 χλωρὸς
627 3493 673 3575 τῷ
697 3491 787 3568 εἴδει,
813 3494 866 3557 καί
890 3492 1038 3577 διαφορά
1059 3518 1113 3570 τις
1135 3492 1169 3561 ἐν

155 3580 276 3663 αδτοίς.
319 3590 405 3665 τινὲς
432 3587 491 3665 μὲν
518 3588 579 3671 γὰρ
608 3584 726 3666 αίτοὸς
747 3587 977 3671 Νεριονιανοὸς
998 3589 1167 3669 καλοῦσιν,

154 3681 250 3751 ἄλλοι
272 3684 308 3749 δὲ
328 3684 562 3767 Δομετιανοός.
611 3689 663 3750 καί
690 3682 702 3747 ί
726 3688 786 3769 μὲν
809 3684 1019 3769 Νερωνιανὸς
1047 3686 1169 3771 πικρός

114 3782 224 3860 augon
244 3783 291 3866 τῷ
314 3782 405 3853 είδει.
429 3780 560 3867 σφόδρα
580 3784 755 3866 χλωρίζων,
789 3784 913 3871 διειδής
933 3788 987 3849 καί
1010 3784 1166 3867 στίλβων.

153 3881 328 3951 καλεῖσθαι
353 3878 389 3944 δὲ
410 3878 620 3961 Νερωνιανὸν
643 3882 800 3964 λέγουσιν,
825 3882 932 3948 ε’ίτουν
947 3881 1168 3964 Δομετιανὸν,

154 3976 210 4043 διὰ
236 3974 391 4061 τοιαύτην
420 3976 541 4056 αἰτίαν,
581 3972 633 4043 ότι
661 3983 763 4065 φασίν
792 3980 903 4045 ἔλαιον
930 3984 1071 4065 Νέρωνα
1101 3981 1171 4048 εἴτε

153 4071 358 4156 Δομετιανὸν
381 4071 414 4139 ἐν
436 4071 564 4140 σκεύεσι
584 4075 698 4159 βαλεῖν
721 4078 861 4157 ίκανοῖς,
893 4078 947 4143 καὶ
975 4076 1010 4144 ἐκ
1030 4080 1092 4143 τοῦ
1116 4076 1171 4145 ίοό
