2586 4822
436 828 728 881 tatuuuvtttttttonts
1051 815 1092 877 47

65 986 219 1045 reconditis
245 986 407 1043 ludaeorum
434 983 510 1041 libris
539 1001 570 1041 ae
591 985 688 1042 ritibus
710 985 796 1043 multa
816 985 983 1060 Epiphanius
1004 987 1095 1060 potuit

66 1073 226 1136 addiscere,
255 1086 326 1146 quae
353 1070 406 1127 hoc
434 1069 544 1127 saeculo
566 1079 595 1127 et
616 1070 756 1128 hodiernis
776 1070 882 1128 ludaeis
903 1071 997 1145 ignota
1018 1080 1092 1129 suut.

67 1158 138 1215 Esto
160 1157 257 1231 igitur3
282 1154 371 1212 clavos
394 1155 474 1211 etiam
489 1155 641 1211 istiusmodi
657 1148 854 1233 φυλακτήρια
868 1156 1093 1229 nuncupaverint,

67 1243 152 1316 vulgo
174 1251 264 1298 tamen
287 1231 483 1317 φυλακτήρια
501 1239 554 1306 illa,
578 1257 695 1314 quorum
710 1241 862 1297 Matthaeus
876 1241 1008 1305 meminit,
1031 1257 1093 1297 eum

68 1328 237 1400 hieronymo
260 1325 407 1399 pittaciola,
431 1332 460 1381 et
480 1325 685 1382 membranacea
708 1325 833 1390 frontalia
855 1326 953 1382 eruditi
967 1326 1093 1383 homines

68 1413 295 1486 interpretantur.

160 1499 198 1555 ³3
214 1513 239 1552 a.
270 1487 416 1572 ῥοΐσκους
441 1484 501 1570 γάρ
529 1511 614 1561 τινος
641 1489 689 1551 tut
718 1487 758 1553 τὰ
785 1488 936 1571 τέσσαρα]
973 1496 1095 1553 Ridicule

69 1583 201 1656 Scaliger,
224 1590 255 1637 ut
265 1580 444 1654 Epiphanium
460 1579 561 1635 erroris
584 1589 693 1654 arguat:
718 1580 752 1638 Si
764 1582 843 1636 molo
854 1581 973 1654 portico,
997 1581 1093 1654 inquit,

68 1668 238 1739 accipiter
259 1656 427 1741 κράσπεδα.
457 1664 539 1733 Quasi
561 1682 616 1721 nou
640 1666 719 1722 etiam
740 1657 859 1743 ῥοΐσκοι
881 1667 946 1732 τοῖς
959 1659 1095 1743 κρασπέ-

71 1748 139 1819 δοις
166 1751 268 1825 alligari
289 1749 444 1823 potuerint;
472 1759 503 1805 ut
526 1759 553 1805 et
575 1751 666 1822 spinas
689 1750 861 1816 adhibuisse,
891 1768 946 1824 quo
968 1767 1094 1807 cruorem

70 1837 213 1901 elicerent,
231 1844 347 1893 testatur
361 1834 551 1908 Hieronymus.
581 1834 636 1891 Nec
651 1833 751 1902 obstat,
772 1836 844 1909 quod
858 1825 1003 1911 ῥοΐσκους
1017 1854 1095 1893 suna·

69 1940 132 1979 mus
156 1921 289 1979 Sacerdos
310 1916 343 1976 ἓν
364 1911 561 1997 ἀρχιερατικῇ
583 1918 678 1999 στολῇ
700 1921 854 1994 gestaverit.
885 1921 949 1976 llam
973 1921 1094 1979 diversos

70 2006 106 2064 ab
129 2007 182 2063 illis
205 2024 266 2063 cum
288 2022 412 2070 numero,
436 2013 494 2061 tum
517 2005 637 2070 materia,
661 1999 774 2081 allisque
796 2005 822 2061 id
844 2023 932 2079 genus
946 2004 1093 2073 Pharisaei,

71 2109 134 2149 eum
163 2093 190 2148 iu
219 2100 294 2147 casto
326 2100 436 2153 essent,
465 2107 598 2164 usurpare
626 2099 763 2164 poterant.
809 2090 853 2148 ste
875 2091 1095 2164 paludamentum

71 2194 134 2234 cum
158 2177 341 2232 Romanorum
364 2177 449 2249 lmpp.
472 2176 613 2249 proprium
635 2176 731 2241 luerit,
761 2177 840 2232 ctiam
863 2175 994 2232 militibus
1016 2176 1097 2232 attri-

70 2262 176 2319 buitur.
220 2264 309 2336 htque
336 2269 368 2316 ut
395 2260 537 2317 aludaeis
565 2278 620 2317 nou
649 2262 789 2326 recedam,
819 2261 881 2336 quis
907 2263 996 2317 nescit
1024 2262 1097 2319 intet·
1175 2268 1179 2275 “

71 2347 172 2404 summi
193 2346 347 2402 Sacerdotis
369 2353 458 2401 vestes
481 2346 586 2419 ephod,
610 2346 665 2402 sive
686 2339 744 2422 τὴν
764 2339 921 2419 ἐπωμίδα,
943 2363 974 2401 ae
996 2364 1096 2420 super-

71 2432 213 2489 humerale
242 2428 346 2487 loiseel
390 2430 423 2485 Et
454 2439 543 2486 tamen
569 2448 624 2485 non
646 2430 728 2487 modo
751 2431 912 2487 Sacerdotes
934 2448 966 2487 ac
988 2433 1095 2489 levitae

72 2518 189 2579 caeteri,
214 2517 262 2573 sed
284 2516 364 2572 etiam
386 2514 446 2571 laici
468 2515 564 2589 Ephod
585 2515 743 2581 induebant,
767 2517 806 2572 uti
829 2516 910 2571 David
933 2516 999 2589 lleg.
1019 2519 1046 2579 2.
1064 2518 1094 2582 6,

76 2606 122 2661 14.
169 2601 224 2658 Sed
253 2600 305 2656 hoc
334 2599 457 2656 videlicet
485 2599 587 2656 lineum
610 2609 683 2656 erat:
706 2600 821 2656 alterum
844 2599 909 2657 iliud
932 2600 1094 2657 Pontificum

72 2688 214 2762 proprium
243 2695 361 2761 quatuor
388 2703 421 2741 ex
449 2683 587 2741 coloribus
615 2684 773 2750 constabat,
806 2685 968 2758 hyacintho,
1002 2685 1094 2758 bysso,

72 2789 172 2837 cocco,
201 2787 336 2845 purpura;
366 2771 414 2825 sed
442 2778 470 2825 et
498 2787 564 2826 auro
593 2778 750 2825 contentum
779 2780 845 2825 erat.
890 2769 954 2825 Vide
983 2769 1094 2826 llierou.

72 2857 157 2931 Epist.
181 2857 216 2913 ad
238 2854 383 2912 Fabiolam.
427 2855 511 2910 Nimis
534 2855 618 2928 igitur
638 2855 742 2911 insulse
763 2854 893 2910 adversus
916 2853 1095 2929 Epiphaniam

72 2952 199 2999 nostrum
222 2949 427 3013 argumentatur
448 2939 578 3012 Scaliger.

159 3025 242 3085 331».
274 3019 403 3101 δευτέρα
425 3018 459 3081 δὲ
481 3021 522 3091 εἷς
547 3016 600 3081 τὸν
628 3014 816 3080 διδάσκαλον
843 3013 959 3098 αὐτῶν]
996 3024 1095 3080 Eadem

74 3101 288 3187 ὖευτερώσεωκ
315 3126 416 3184 genera
444 3118 588 3184 percenset
610 3108 721 3166 Haeresi
745 3112 794 3173 33.
807 3111 837 3167 9.
882 3110 941 3178 Quo
973 3126 1005 3165 ex
1034 3109 1094 3165 loco

60 3188 179 3270 ‘Pappa
201 3189 326 3267 Ἀκιβᾶκ
340 3213 390 3267 pro
409 3190 590 3269 Βαρακοβᾶν
611 3194 756 3268 legendum
780 3195 823 3251 hic
838 3193 1023 3250 admonemur.
1047 3193 1096 3251 llio

75 3292 116 3337 est
137 3281 183 3337 ille
205 3281 257 3336 uisi
279 3279 357 3336 iallor
378 3280 409 3335 ll.
423 3279 516 3344 utiba,
539 3279 572 3336 de
595 3298 649 3354 quo
671 3280 698 3334 in
722 3279 882 3335 ludaeorum
898 3279 1093 3336 Kalendari05

74 3366 116 3422 die
139 3366 209 3423 Trisi
232 3365 299 3421 haee
321 3365 455 3437 adscripta
477 3374 556 3420 sunt:
588 3365 620 3420 a.
643 3362 735 3421 Attea
756 3366 832 3438 fidos
854 3364 958 3438 loseph
978 3365 1096 3421 coniici-

69 3460 120 3508 tur
139 3452 172 3508 in
192 3451 317 3516 sinemo,
339 3451 389 3506 obi
406 3450 532 3505 moriter.

277 3670 321 3725 ab
346 3668 511 3726 ttnuhtsttt
529 3668 596 3725 xttt
618 3666 890 3725 I‘lldlllShEORUll.

160 3790 199 3848 33
215 3789 241 3845 tl.
272 3789 408 3863 συνῆσαν
427 3779 487 3864 γὰρ
510 3777 615 3854 αὐτοῖς
637 3781 688 3843 καὶ
710 3778 739 3842 oi
760 3781 910 3859 Noptanol]
946 3785 985 3842 lle
1007 3786 1094 3842 Scali-

62 3874 131 3948 geri
152 3873 365 3930 hallucinatione
387 3891 469 3947 supra
492 3873 614 3936 vidimus,
638 3872 684 3945 qui
706 3864 851 3944 νομικοὺς
870 3872 1016 3926 actuarios
1032 3886 1093 3927 esse

64 3975 104 4017 aa
123 3959 310 4031 [melorius
333 3959 459 4024 credidit,
483 3959 623 4014 Proximus
647 3956 710 4012 huie
732 3973 810 4012 error
831 3964 887 4020 est,
918 3955 991 4028 quod
1013 3972 1095 4027 prae·

68 4053 180 4101 sentem
195 4044 336 4118 Epiphanii
359 4046 449 4100 locum
472 4044 511 4100 sic
532 4044 727 4117 interpretatus
750 4049 801 4105 est,
824 4033 911 4097 ut'cd
934 4031 1038 4103 αὐτοῖς
1059 4037 1093 4094 ad

68 4127 236 4187 Pharisaeos
264 4130 393 4196 referret,
425 4126 589 4202 quibuscum
610 4125 788 4184 versabantur
809 4116 838 4180 oi
861 4119 988 4199 νομικοί.
1023 4122 1093 4195 lipi-
