2586 4822
175 724 240 791 etti
631 735 744 787 sertui

174 893 257 959 liaris,
279 893 415 951 meminit:
439 893 477 949 nti
500 892 625 948 nimirum
648 890 740 965 plures
760 891 787 946 in
803 890 896 946 eadem
912 876 980 946 urbe
996 889 1080 947 Tituli
1095 889 1192 956 foreat,

175 979 274 1055 quibus
297 977 410 1052 singulis
433 995 498 1032 suus
521 976 667 1032 attributus
691 985 763 1032 esset
780 975 934 1049 Presbyter.
959 975 1005 1048 qui
1022 975 1194 1033 Ecclesiasti-

175 1080 220 1120 css
242 1064 394 1120 [tinctiones
417 1062 470 1119 illic
492 1061 588 1117 obiret.
630 1061 683 1117 Sed
705 1060 767 1138 alibi
789 1069 879 1116 tamen
901 1060 1062 1134 iampridem
1085 1062 1193 1117 institu-

175 1157 234 1205 tum
256 1147 326 1204 idem
349 1149 449 1203 lberm:
474 1146 545 1202 velut
567 1147 675 1208 Romae,
699 1145 744 1201 ubi
767 1163 816 1218 per
832 1145 935 1200 Titulos
957 1144 1098 1202 distributi
1114 1146 1193 1204 Pres-

175 1231 263 1306 bytcri
285 1250 350 1289 suos
372 1232 473 1305 quique
489 1231 604 1304 populos
620 1229 760 1304 regebant.
787 1230 826 1286 nd
842 1247 890 1286 cos
905 1229 1034 1303 Episcopi
1050 1230 1192 1287 Dominicis

175 1316 271 1378 diebus
293 1317 464 1378 fermentum.
488 1316 543 1371 sive
563 1316 733 1372 benedictum
749 1332 846 1388 panem
861 1315 887 1371 in
903 1316 1106 1371 communionis
1120 1333 1193 1390 syn·

175 1401 268 1458 bolum
296 1401 403 1457 mittere
432 1410 636 1456 consueverant.
683 1400 856 1457 innocentius
883 1400 916 1455 ad
940 1399 1101 1457 Decentium
1123 1402 1192 1457 c.5.

101 1497 105 1504 '
174 1486 217 1543 De
243 1486 378 1558 [enecato
406 1502 487 1549 cero,
515 1486 590 1557 quod
611 1487 655 1540 die
677 1485 823 1542 Dominico
842 1502 896 1558 per
920 1485 1189 1550 rummandum,

175 1573 315 1643 superflue
336 1586 388 1625 nos
410 1572 555 1626 consulere
576 1571 701 1634 voluuti,
723 1587 785 1624 com
807 1586 900 1625 omnes
914 1568 1065 1625 Ecclesiae
1081 1579 1191 1631 norbae

174 1657 252 1711 intro
274 1655 414 1711 civitatem
433 1656 491 1710 sint
512 1657 692 1719 constitutae,
717 1671 837 1727 quorum
860 1654 1038 1725 Presbyteri,
1061 1657 1125 1727 quio
1144 1656 1187 1710 die

174 1741 228 1796 icto
254 1748 372 1812 propter
394 1741 505 1812 plebem
525 1741 581 1795 sibi
602 1741 776 1794 commissam
797 1741 940 1794 aobbcum
962 1742 1187 1795 convenirem

174 1833 300 1897 posceret,
322 1826 386 1880 ideo
407 1825 571 1896 fermentum
592 1842 611 1879 o
633 1826 713 1883 nadis
736 1825 891 1896 consectum
909 1841 962 1896 pcr
984 1825 1127 1895 ocotptlas
1140 1840 1186 1879 oc·

176 1911 291 1982 cipiuiu,
314 1917 344 1964 ct
365 1926 394 1964 sa
417 1927 435 1965 ο
457 1917 554 1965 nostro
576 1911 774 1974 communione,
797 1910 918 1964 mamare
939 1910 993 1964 itta
1017 1910 1065 1965 die
1079 1927 1133 1965 ιιοιι
1146 1909 1189 1965 itt·

175 1995 267 2049 dicent
294 2001 451 2066 separatos.
496 1994 573 2062 Quod
601 2011 615 2048 a
639 1993 785 2049 blelcbiade
807 1994 983 2050 constitutum
1008 1993 1094 2050 luisse
1115 1993 1191 2051 Liber

175 2077 339 2135 Pontifieabs
368 2077 471 2134 baniasi
504 2078 593 2134 tradit
621 2078 727 2134 bandic.
752 2079 833 2134 Cone.
857 2078 920 2134 Cau.
933 2082 979 2135 tc.
1020 2079 1190 2176 Eulogiarun

175 2163 286 2217 istarum
316 2163 451 2264 meminit
481 2158 548 2262 arpi
576 2165 632 2218 τοῦ
652 2156 695 2236 μὴ
718 2157 757 2218 τὰ
779 2154 812 2238 ἃ)
812 2181 852 2218 ια
873 2158 915 2229 εἷς
936 2157 991 2237 loy
985 2179 1029 2217 ον
1051 2156 1190 2239 cossyra,

175 2239 254 2301 κατὰ
276 2240 332 2320 τὴν
353 2236 460 2321 ἑορτὴν
482 2250 536 2302 τοῦ
552 2241 667 2320 Πάσχα
689 2238 765 2314 εἰς
752 2242 856 2322 ιτέρας
877 2242 1042 2322 παροικίας
1064 2243 1189 2320 διαπέμ-

139 2328 298 2389 .·πεσθαι.
342 2331 395 2388 Sed
423 2332 455 2388 de
485 2333 536 2388 boc
564 2332 617 2387 ritu
647 2331 801 2405 pluribus
794 2332 944 2388 indecies.
969 2335 1041 2388 Αιιιι.
1064 2333 1187 2389 baronius

175 2419 205 2471 Α.
224 2419 293 2475 313.
324 2416 382 2472 Νοιι
405 2416 498 2472 dubito
521 2416 668 2472 rumoribus
690 2417 845 2473 duntaxat
840 2434 866 2472 in
885 2416 999 2472 urbibus
1016 2417 1130 2490 plures
1124 2427 1188 2475 intra

174 2501 312 2575 pomoeria
336 2501 438 2558 Titulos
461 2502 553 2565 tuisse,
575 2518 637 2558 curu
660 2501 729 2558 intra
751 2501 844 2557 eadem
869 2509 945 2575 septa
966 2503 1102 2558 contineri
1124 2518 1188 2559 uso-

175 2602 229 2659 que
257 2586 401 2643 convenire
424 2604 477 2642 nou
500 2596 628 2659 possent,
658 2587 781 2659 adeoque
802 2586 981 2660 Presbyteros
1003 2587 1120 2659 siugulis
1140 2587 1187 2643 bc·

108 2682 112 2691 “
138 2741 143 2750 ,
175 2671 265 2729 etesiis
287 2671 436 2744 impositos.
481 2671 509 2726 ln
538 2669 686 2728 minoribus
719 2679 810 2728 autem
837 2687 868 2727 ac
890 2672 979 2727 minus
1002 2671 1187 2746 frequentibus

175 2756 280 2828 oppidis
311 2773 389 2812 unam
419 2757 546 2811 duntaxat
568 2755 712 2813 Ecclesiam
742 2756 877 2820 extitisse,
907 2757 933 2811 in
963 2772 1046 2828 quain
1075 2755 1184 2813 uniuersi

175 2839 352 2898 confluerent.
383 2841 538 2897 Cuiusmodi
561 2840 639 2914 Cypri
663 2841 744 2896 urbes
767 2849 851 2896 erant.
883 2840 957 2896 ttnde
979 2841 1055 2915 quod
1078 2842 1185 2898 Alenu-

67 2941 76 2960 ·
175 2924 247 2980 driae
270 2934 409 2998 receptum
432 2935 506 2990 erat,
531 2925 603 2981 velut
625 2923 800 2998 popularibus
823 2926 877 2981 suis
900 2926 1076 2998 peregrinum
1100 2936 1129 2982 et
1147 2926 1188 2982 iu-

174 3009 303 3067 usitatum
324 3010 460 3067 adnotavit
482 3010 656 3083 Epiphanius.
698 3009 765 3067 ilinc
786 3011 863 3082 origo
886 3011 1091 3076 paroeciarum,
1119 3008 1188 3084 quoti

173 3092 334 3149 vocabulum
355 3112 369 3151 a
392 3095 534 3152 rusticanis
550 3094 675 3151 Ecclesiis
697 3095 729 3151 ad
752 3094 858 3152 urbicas
881 3094 1051 3151 translatum.
1081 3113 1189 3172 παροι-

174 3170 225 3231 κία
246 3179 356 3250 proprie
365 3173 474 3254 χώραν
489 3196 596 3234 omnem
612 3180 805 3252 regionemque
821 3179 962 3252 significat,
986 3197 1058 3254 quae
1073 3180 1106 3235 ab
1122 3179 1188 3237 urbe

173 3258 276 3315 distans
291 3261 425 3318 Ecclesiae
447 3271 537 3318 certae
553 3262 743 3328 contribuitur,
767 3264 992 3337 quemadmodum
1008 3264 1075 3320 olim
1090 3265 1188 3322 Rome

173 3343 286 3416 singulis
313 3344 415 3401 viciniis
437 3339 543 3419 πάγοι,
571 3346 626 3402 sice
647 3347 739 3413 colles,
763 3349 902 3405 constituti
925 3349 1036 3406 luerunt
1059 3367 1074 3406 a
1096 3349 1189 3406 Servio

174 3427 261 3484 Tullio
283 3428 371 3502 Rege,
397 3439 521 3503 tanquam
544 3425 754 3508 sparsimque,
777 3435 832 3490 sive
853 3442 980 3506 receptus
1002 3451 1034 3490 ac
1058 3435 1188 3508 perfugia.

72 3515 227 3620 'fitquc
250 3530 279 3569 se
301 3512 333 3569 ab
357 3515 492 3588 ingruenti
515 3516 594 3571 hoste
617 3523 779 3573 tutarentur.
809 3519 876 3573 ln''
860 3536 892 3573 ns
915 3517 1030 3574 collibus
1053 3537 1115 3575 arae
1131 3518 1188 3575 col·

173 3596 275 3654 locatae
308 3596 431 3654 θεων
418 3591 588 3657 ιπισκόπιον
618 3618 650 3656 τε
679 3597 728 3657 καὶ
752 3596 898 3679 poliistor
919 3603 973 3658 τοῦ
995 3597 1113 3678 πάροι,
1136 3593 1188 3669 οὓς

173 3675 258 3749 ἔταξε
280 3678 406 3751 θυσίαις
427 3687 541 3751 κοιναῖς
561 3680 710 3762 γεραίρειν
731 3695 782 3742 etc.
806 3687 842 3742 ait
865 3686 996 3742 Halicarn.
1018 3687 1039 3743 l.
1057 3692 1087 3745 l.
1131 3689 1184 3744 lma

173 3783 235 3823 vero
265 3776 294 3825 et
322 3769 383 3841 pagi
405 3769 503 3842 singuli
525 3779 664 3827 curatores
686 3788 752 3827 suos
776 3771 944 3833 babuerunt,
973 3789 1044 3844 quos
1067 3765 1187 3830 iarosl-

171 3867 248 3919 ποις
269 3861 296 3909 et
317 3847 498 3929 περιπόλους
519 3855 588 3911 idern
611 3864 708 3912 aitctor
728 3856 854 3928 appellat.
892 3855 995 3924 Quibus
1018 3856 1191 3914 Christiano-

171 3953 232 3992 rum
254 3936 281 3995 in
302 3937 374 4011 agris
398 3938 540 3996 Paroeciae
561 3939 808 4012 quarn-simillimae
831 3941 951 3997 luerunt.
995 3940 1064 3997 Nam
1087 3941 1188 3999 stillis

172 4015 342 4092 ἐπίσκοποι,
372 4022 426 4080 siae
447 4024 539 4098 potius
556 4020 791 4103 porpendissem,
815 4026 877 4082 olim
900 4026 1095 4099 praefuerunt,
1117 4042 1187 4102 quos
