2586 4822
155 808 197 873 28
355 820 388 872 η.
423 825 487 872 [σε
505 824 580 871 τινα
597 823 721 872 νουσα
738 821 805 869 τον
824 820 963 870 mov.

156 970 330 1061 άπόφασις
356 980 493 1059 γέγονεν,
526 976 579 1037 καὶ
601 973 659 1058 τὴν
682 971 741 1058 σὴν
763 967 951 1038 ἀνάπλασιν
984 975 1036 1040 καί
1061 994 1170 1053 παρα·

157 1075 266 1139 δείσοι·
289 1070 415 1150 ἄνοιξιν
437 1069 638 1156 πεπόνημαι.
669 1067 847 1155 ἐγευσάμην
864 1068 920 1134 διὰ
933 1070 970 1134 σὲ
983 1070 1091 1155 χολῆς,
1115 1068 1170 1134 ’ίνα

157 1171 302 1253 ίάσιυμαί
330 1193 389 1235 σου
419 1167 476 1257 την
506 1168 562 1233 διὰ
588 1165 743 1252 βρώσεως
775 1167 897 1253 ἐκείνης
931 1170 987 1252 τῆς
1020 1167 1169 1251 γλυκείας

156 1267 276 1352 πικρὰν
299 1263 426 1355 ηδονηῗν.
470 1265 649 1349 ἐγευσάμην
672 1263 782 1343 ὄξους,
816 1266 871 1330 ἵνα
894 1264 1087 1350 καταργησιυ
1109 1268 1197 1333 τοῦθ

131 1371 215 1434 5ουῦ
238 1364 387 1430 θανάτου
410 1362 448 1427 τὸ
471 1362 568 1446 δριμὺ
590 1366 642 1427 καί
666 1362 758 1446 παρὰ
781 1362 881 1449 φύσιν
898 1361 1066 1446 ποτήριον.
1100 1362 1170 1429 ἐδε-

156 1461 258 1548 ξάμην
281 1460 434 1546 σπόγγον,
464 1461 519 1525 ἵνα
542 1460 706 1544 ἐξαλείψω
728 1460 767 1524 τὸ
788 1458 1005 1545 χειράγραφόν
1029 1483 1090 1526 σου
1114 1463 1170 1546 της

155 1557 325 1643 ἁμαρτίας.
365 1559 521 1640 ἐδεξάμην
543 1559 703 1641 κάλαμον,
734 1560 789 1624 ἵνα
817 1553 1004 1643 ὑπογράψω
1035 1557 1171 1624 ἐλευθε-

154 1665 228 1741 ρίαν
250 1661 296 1742 ug}
318 1662 404 1741 γένει
425 1660 491 1720 τῶν
514 1652 714 1738 ἀνθρώπων,
738 1652 877 1721 ἄπνευσα
906 1657 939 1721 ἐν
969 1659 1015 1741 τῷ
1039 1659 1171 1741 σταυρῷ

155 1760 208 1821 καλ
230 1756 380 1841 ῥομφαίᾳ
403 1753 541 1840 ἐνὺχθην
563 1753 621 1842 την
644 1755 789 1836 πλευρὰν
812 1755 868 1819 διὰ
884 1755 920 1818 σὲ
936 1753 993 1818 τὸν
1010 1753 1042 1819 ἐν
1058 1780 1172 1839 παρα-

117 1872 146 1922 10
156 1856 253 1939 δείσφ
271 1849 467 1919 δπναίσαντα
488 1852 543 1917 καί
558 1852 615 1938 την
637 1850 721 1916 Εᾶαν
738 1851 771 1917 ἐκ
786 1853 930 1934 πλευράς
946 1850 1171 1936 ἐξενέγκαντα·

155 1947 172 2038 η
196 1952 255 2037 ἐμη
285 1949 411 2034 πλευρά
441 1949 558 2015 ίάσαιό
586 1973 646 2015 σου
674 1949 712 2014 τὸ
742 1947 840 2033 ἄλγος
872 1951 929 2034 τῆς
957 1950 1112 2032 πλευρᾶς.
1152 1945 1171 2014 ὁ

155 2048 231 2129 ἐμὸς
263 2045 365 2126 ὕπνος
393 2046 498 2126 ἐξάξει
526 2070 563 2112 σε
592 2046 625 2113 ἐκ
654 2049 710 2110 τοῦ
734 2047 768 2112 ἐν
782 2044 881 2131 (Ἅιδη
905 2044 1028 2111 ἄπνου·
1066 2042 1169 2135 ἡέιιη

154 2147 304 2232 ῥομφαία
327 2147 442 2231 ἐστηοε
464 2144 521 2227 την
543 2144 625 2209 κατὰ
658 2148 719 2209 σοῦ
742 2150 964 2230 στρεφομένην
987 2146 1168 2230 ῥομφαίαν.

154 2244 273 2308 λοιπὸν
296 2244 407 2328 ἐγειρε,
441 2241 569 2326 ἄγωμεν
593 2242 754 2308 ἐντεῦθεν.
793 2242 924 2328 ἐξήγαγέ
947 2266 984 2308 σε
1007 2237 1024 2305 ὁ
1047 2240 1198 2326 ἐχθρὸςί)

118 2335 223 2409 ιοᾶπὸ
244 2344 302 2428 γῆς
324 2342 537 2424 παραδείσου,
562 2335 783 2405 ἄποκαθιστῶ
813 2364 849 2406 σε
873 2335 980 2406 οάκέτι
1002 2339 1035 2405 ἐν
1058 2365 1170 2422 παρα-

155 2440 262 2524 δείσῳ,
287 2433 355 2504 ἄλλ’
381 2439 414 2504 ἐν
436 2433 578 2522 οὐρανίην
603 2437 722 2524 θρόνῳ.
762 2436 909 2503 ἐκιὸλυσά
931 2461 968 2503 σε
989 2441 1047 2502 τοῦ
1072 2437 1170 2516 ξύλου

153 2539 211 2602 τοῦ
234 2540 373 2601 τυπικοῦ
396 2539 454 2621 τῆς
482 2536 579 2620 ζωῆς,
614 2531 682 2599 ἄλλ’
715 2535 786 2601 ἰδοὺ
817 2531 915 2612 αὐτὸς
943 2535 1005 2620 ἐγὼ
1033 2530 1113 2621 ἡνιάι
1154 2563 1171 2600 ν

155 2657 209 2700 σοι
231 2630 248 2720 ἡ
274 2634 347 2719 ζωή.
393 2634 490 2712 ἔταξα
512 2633 554 2698 τά
576 2636 745 2717 Χερουβὶμ
775 2634 1014 2716 δουλοπρεπεῖς
1043 2633 1170 2720 φυλάτ-

153 2758 220 2798 τειν
249 2753 301 2798 σε·
335 2734 425 2797 ποιῶ
455 2730 496 2796 τὰ
518 2730 688 2814 Χερουβὶμ
716 2734 919 2814 θεοπρεπῶς
942 2734 1173 2817 προσκυνῆσαί

114 2852 199 2902 νοσε.
238 2829 371 2914 ἐκρυβης
394 2824 463 2895 άπὸ
486 2833 567 2894 θεοῦ
592 2824 636 2905 ὡς
657 2827 791 2912 γυμνός·
833 2824 900 2893 ἄλλ’
927 2828 998 2893 ἰδοὺ
1022 2828 1170 2910 ἔκρυψας

154 2924 187 2991 ἐν
211 2926 314 3010 ἑαυτῷ
339 2927 420 2992 θεὸν
442 2925 570 3010 γυμνόν.
607 2926 763 3011 ἐνεδύθης
785 2926 841 2990 τὸν
857 2929 914 3011 τῆς
930 2925 1084 3011 αἰσχύνης
1096 2928 1170 3009 δερ-

152 3022 289 3106 μάτινυν
310 3026 448 3103 χιτῶνα,
482 3020 550 3088 ἄλλ’
582 3023 739 3109 ἐνεδάθην
769 3024 848 3100 θεὸς
877 3018 922 3088 ἄν
950 3022 1007 3088 τὸν
1029 3027 1088 3108 τῆς
1110 3027 1170 3108 σῆς

154 3118 273 3203 σαρκὸς
289 3119 459 3201 αἱμάτινον
474 3124 604 3201 χιτῶνα.
644 3122 697 3186 διὸ
713 3121 889 3205 ἐγείρεσθε,
914 3117 1042 3204 ἄγωμεν
1059 3120 1169 3186 ἐντεῦ-

154 3224 224 3295 θεν,
249 3212 398 3282 ἀπὸτοῦ
421 3219 569 3284 θανάτου
593 3219 639 3296 είς
660 3219 717 3303 την
742 3219 833 3304 ζωὴν,
861 3214 930 3283 άπὸ
952 3221 1010 3305 τῆς
1032 3224 1214 3303 φθορᾶςῖἒ

114 3316 200 3391 μείς
223 3312 427 3401 ἀφθαρσίαν,
453 3311 600 3382 ἀπὸτοῦ
624 3317 760 3394 σκότους
789 3317 835 3393 είς
865 3316 900 3380 τὸ
924 3315 1059 3381 αἰώνιον
1084 3321 1166 3402 φῶς.

153 3411 329 3497 ἐγείρεσθε,
355 3411 483 3498 ἄγωμεν
506 3414 667 3483 ἐντεῦθεν,
692 3409 760 3479 άπὸ
780 3417 837 3499 τῆς
853 3409 968 3496 ὀδύνης
984 3412 1031 3491 είς
1046 3407 1170 3500 εὖφρο-

153 3509 259 3595 σάνην,
290 3505 359 3576 άπὸ
383 3513 531 3590 δουλείας
554 3513 599 3589 είς
623 3512 823 3594 ἐλευθερίαν,
859 3506 928 3576 ἀπὸ
951 3513 1098 3598 φυλακῆς
1123 3512 1170 3589 εἰς

152 3607 209 3693 την
232 3606 299 3674 ἄνευ
320 3604 535 3694 Ἱερουσαλημ,
559 3605 628 3675 άπὸ
650 3613 716 3674 τῶν
739 3610 867 3693 δεσμῶν
890 3610 946 3675 ἐπὶ
968 3608 1027 3697 την
1043 3608 1183 3687 ἄνεσιν,“

152 3700 221 3772 άπὸ
243 3710 300 3794 τῆς
321 3711 457 3794 κατοχῆς
480 3707 535 3773 ἐπὶ
558 3706 615 3792 τὴν
637 3710 695 3772 τοῦ
715 3708 921 3790 παραδείσου
936 3706 1072 3794 τρυφὴν,
1097 3702 1168 3771 άπὸ

111 3807 209 3890 ποιῇς
230 3807 287 3889 γῆς
310 3805 356 3883 είς
377 3806 434 3870 τὸν
457 3800 605 3887 οὐρανόν.
644 3803 701 3870 ἐπὶ
723 3808 820 3869 τοῦτο
842 3805 902 3890 γὰρ
922 3799 1098 3870 ἀπίθανον
1114 3808 1169 3869 καὶ

153 3895 298 3986 ἄνέστην,
322 3904 376 3968 ἵνα
391 3905 445 3967 καί
461 3905 578 3985 νεκρῶν
594 3903 647 3967 καὶ
664 3900 792 3981 ζώντων
808 3901 976 3986 κοριεάσω.
1008 3899 1061 3966 διὸ
1085 3901 1171 3985 ἐγεί-

152 4005 263 4081 ρεσθε,
288 3996 415 4081 ἄγωμεν
437 3998 598 4065 ἐντεῦθεν.
637 3995 730 4084 ὁγὰρ
753 4000 862 4084 πατηρ
884 4025 947 4082 μου
972 3993 1172 4082 δοᾶράνιος

152 4095 190 4158 τὸ
210 4091 385 4174 ἀπολωλὸς
407 4095 569 4178 ἐκδέχεται
584 4095 761 4180 πρόβατον.
795 4099 837 4162 τὰ
860 4096 1052 4186 ἐνενήκοντα
1076 4095 1173 4163 ἐννέα
