2586 4822
162 798 223 860 tao
462 811 575 863 marn
594 811 877 863 sniaaoransrones

159 971 236 1027 dado
258 979 286 1026 ει
307 969 381 1025 nasci
403 968 487 1025 altera
506 944 579 1042 apud
601 967 781 1042 llpipbaniuru
802 967 884 1024 lactio
906 974 1005 1040 potest,
1028 957 1182 1043 p‘oanlrd-

158 1073 225 1123 σας,
249 1054 320 1127 quod
343 1071 358 1109 a
381 1054 483 1110 Graeco
506 1044 642 1128 ῥόπαλον
664 1055 767 1109 fortean
790 1051 941 1108 deducitur.
972 1054 1011 1108 hc
1032 1052 1180 1109 ridendu-

160 1140 239 1197 etiam
261 1149 343 1211 atque
365 1139 455 1203 etiam,
477 1155 511 1194 an
533 1141 642 1211 replum
663 1139 729 1197 illud
752 1136 944 1201 Vitruvianum,
966 1137 1040 1209 quud
1055 1138 1182 1195 cruditos

160 1225 283 1283 homines
306 1224 459 1280 ramdudum
483 1232 602 1298 torqnct,
625 1240 659 1278 eo
673 1225 708 1279 sit
723 1223 904 1279 referendum.
934 1221 1036 1278 Scribit
1048 1221 1094 1278 ille
1110 1229 1140 1285 t.
1150 1226 1180 1288 6,

160 1309 206 1367 ubi
234 1311 269 1366 dc
289 1309 388 1365 lorium
411 1317 547 1366 structura
570 1308 695 1364 disserit:
726 1308 794 1363 llam
814 1308 924 1380 replum
944 1308 979 1363 de
999 1308 1113 1380 iupcpe
1134 1309 1181 1364 di·

158 1397 248 1453 m‘dt'u
270 1403 296 1449 et
317 1402 398 1449 secto
417 1402 511 1466 porta.
541 1393 590 1448 Ubi
613 1395 722 1465 reptem
736 1392 819 1448 vectis
834 1393 920 1448 instar
933 1390 1083 1466 oblongum
1098 1394 1181 1467 quid·

159 1480 220 1538 daur
243 1497 274 1535 ac
297 1479 442 1535 rotundum
464 1478 492 1534 in
515 1477 619 1534 loribus
641 1494 701 1533 esse
724 1477 850 1533 arbitror.
881 1476 968 1532 Habet
990 1486 1017 1533 ει
1035 1477 1180 1535 Germani·

113 1568 221 1623 ''Jeum
245 1565 342 1620 idioma
364 1579 473 1628 vocem,
502 1564 599 1626 ritlen,
622 1580 692 1635 quae
714 1562 825 1636 propria
846 1562 880 1617 de
902 1562 1035 1618 mensuris
1056 1563 1168 1619 dicitur.

245 1643 357 1721 Κάμος
379 1642 413 1705 dl
434 1644 465 1715 ἐξ
488 1639 593 1722 αὐτῆς]
632 1649 695 1720 leg.
719 1639 836 1718 Κύβος.
881 1646 929 1703 Cui
953 1647 1085 1703 sextarios
1108 1666 1181 1722 qua-

161 1744 224 1793 tuor
246 1734 387 1807 imputant.
413 1734 464 1789 hoc
487 1742 528 1788 εει
550 1742 671 1806 quartani
696 1733 777 1787 modii
800 1742 913 1804 partem.

250 1816 350 1879 lssl'd.
379 1814 490 1886 Χοῖνιξ
519 1812 552 1874 dd
581 1815 630 1872 καὶ
651 1809 729 1893 ὑφή]
759 1818 880 1874 choenix
902 1817 1033 1872 sextarios
1055 1819 1181 1874 coartiuet

160 1914 292 1979 quatuor,
322 1913 434 1960 auctore
456 1903 567 1959 Fannio.
613 1904 701 1971 Quare
724 1903 757 1956 de
779 1902 831 1957 alio
860 1901 967 1956 sextarii
990 1917 1106 1974 gauere,
1138 1903 1180 1959 rel

160 1990 297 2046 choenicis
319 1989 441 2060 loquitur
463 1987 643 2060 Epiphanius,
673 1986 899 2062 quemadmodum
923 1997 949 2042 et
972 2003 1032 2042 cunr
1055 1980 1128 2043 de
1110 1991 1180 2065 app

160 2073 290 2149 loquitur,
313 2072 386 2146 qnod
409 2072 553 2127 existimari
576 2074 663 2144 possit
685 2071 846 2127 Hebraictrm
862 2070 930 2144 Ephi
953 2071 1093 2144 relEpha
1124 2073 1179 2128 Sed

161 2159 241 2214 liuius
263 2157 350 2212 maior
370 2165 413 2212 εει
435 2156 541 2211 modus.
570 2156 649 2230 hpud
664 2156 780 2230 llesych.
798 2156 869 2229 lego,
896 2146 999 2233 Olpur,
1021 2150 1137 2234 μέτρον
1151 2177 1179 2214 ra

159 2259 288 2338 τετραχῆ
291 2236 384 2295 Ινικον
404 2232 585 2315 Αἰγύπτιον.

246 2317 367 2401 dozdpr
396 2343 486 2382 rotro
515 2317 550 2381 τὸ
576 2319 700 2403 μέτρον]
746 2325 784 2380 lle
812 2324 903 2382 artaba
933 2272 1055 2398 pluribus
1086 2325 1181 2383 vtttat·

159 2411 273 2485 pandus.

249 2497 335 2553 ls‘la
322 2513 345 2550 a.
373 2489 444 2570 τρία
471 2489 569 2571 μέτρα
597 2486 797 2570 σεμιδάλεως]
829 2496 916 2552 Locus
939 2504 982 2550 εει
1002 2495 1131 2558 demlS,
1147 2498 1180 2553 6.

160 2581 258 2638 llanrru
286 2580 359 2654 quod
380 2580 446 2636 Lxx
472 2589 581 2637 vertunt
607 2576 679 2655 τρία
705 2574 805 2657 μέτρα
826 2571 1022 2655 σεμιδάλεως,
1045 2579 1181 2638 Hebraico

159 2667 260 2740 legitur
282 2678 360 2726 tauto
383 2665 480 2730 crau,
505 2668 561 2721 ha'o
583 2674 657 2721 rota.
698 2666 787 2734 Quare
809 2665 931 2738 singulae
953 2681 1097 2721 mensurae
1121 2682 1179 2722 aou

159 2758 350 2824 gemursam,
374 2748 421 2804 sed
444 2759 542 2806 satum.
573 2751 703 2823 Imposuit
719 2750 867 2824 Epiphanio
890 2749 1041 2806 eommunis
1062 2744 1180 2828 μέτρου

159 2835 256 2898 dictio.
286 2851 366 2907 quam
393 2834 427 2890 de
450 2852 483 2891 eo
505 2851 648 2891 mensurae
670 2852 771 2909 genere
793 2835 974 2908 accipientiam
997 2835 1114 2909 putarit,
1145 2837 1180 2893 ad

29 2979 37 2994 ,
159 2920 233 3014 quod
254 2920 380 2975 diurnum
403 2936 517 2976 mannae
538 2919 696 2976 demensum
726 2920 892 2994 exigebatur.
934 2919 988 2976 Sed
1015 2928 1102 2975 satum
1128 2921 1180 2976 tri-

159 3005 261 3080 sesima
284 3020 346 3077 pars
368 3012 410 3059 est
432 3004 498 3066 cori
520 3021 638 3102 gomor
638 3006 794 3061 centesima.

109 3100 164 3152 ηε
245 3081 279 3144 τὸ
302 3083 336 3145 δὲ
356 3081 454 3163 γόμον
474 3082 602 3145 δίκαιον
622 3072 670 3163 ἦν]
702 3089 847 3163 Perperam
870 3088 949 3145 etiam
973 3088 1000 3143 in
1016 3088 1100 3161 Regio
1123 3080 1181 3163 yd-

159 3188 234 3248 μον,
257 3181 288 3229 ut
309 3182 337 3228 ει
359 3174 385 3228 in
408 3173 568 3229 Basileensi·
592 3190 675 3248 quare
698 3174 763 3230 nihil
785 3177 929 3229 immutare
950 3173 1092 3229 voluimus.
1126 3174 1181 3230 Ve-

160 3270 221 3315 rum
242 3251 341 3333 γόμορ
364 3258 479 3314 lortassc
502 3259 709 3315 restituendum.
748 3259 796 3315 Est
818 3259 888 3314 enim
911 3259 937 3313 in
962 3257 1104 3314 Veteribus
1128 3275 1179 3315 co-

160 3341 265 3400 dicibus
294 3343 431 3399 liturarum
454 3361 473 3417 p
495 3354 523 3399 et
545 3362 562 3397 ν
583 3346 688 3416 pictura
710 3360 763 3400 uon
780 3343 918 3399 absimilis.
963 3342 1038 3411 Quao
1060 3359 1105 3399 res
1129 3360 1182 3400 ex·

160 3427 339 3500 scriptoribus
368 3428 454 3484 lraudi
482 3429 541 3485 luit.
586 3429 624 3484 lle
646 3429 748 3484 Gomor
772 3439 800 3484 ει
821 3427 944 3483 authoris
966 3427 1180 3487 hallucinatione

159 3512 287 3586 superius
309 3513 429 3585 egimus:
452 3511 499 3568 uhi
522 3512 619 3587 duplex
635 3513 736 3569 Gomor
757 3514 907 3577 constituit,
931 3513 1017 3569 maius
1033 3521 1062 3569 ει
1076 3513 1181 3579 minua,

160 3606 288 3654 neutrum
311 3606 393 3652 recto.
424 3597 478 3652 Nos
501 3597 571 3654 aliud
594 3598 736 3654 discrimen
760 3598 831 3671 apud
847 3599 964 3654 Graecos
980 3598 1111 3654 duntaxat
1125 3597 1181 3655 ob-

159 3684 337 3745 secravimus,
366 3683 411 3754 qui
440 3683 593 3755 promiscua
615 3684 732 3739 Chomrr
754 3693 781 3739 ει
802 3682 885 3739 Omcr
909 3675 1007 3758 γόμορ
1028 3683 1181 3757 appellant.

160 3766 236 3824 llnde
263 3766 331 3822 aliua
360 3776 401 3822 εει
428 3761 525 3843 γόμορ
552 3784 681 3841 magnus,
711 3769 756 3840 qui
778 3767 849 3825 idern
872 3776 914 3824 est
936 3784 968 3824 ao
989 3768 1092 3834 Coma,
1122 3770 1182 3825 sira

160 3850 291 3916 (thomar,
322 3850 390 3907 alius
417 3851 520 3916 minor,
549 3853 595 3924 qui
623 3861 665 3909 cst
692 3866 774 3917 naar,
803 3853 950 3909 centesima
971 3869 1034 3926 pars
1056 3854 1180 3911 maioris.

158 3936 248 4004 haara
269 3934 344 4010 quod
366 3935 546 4009 Villalpaudus
568 3947 663 4008 postor
686 3939 713 4002 3,
731 3939 749 3996 9
772 3937 882 4004 scribit,
907 3936 1097 4011 Epiphaniuru-
1110 3954 1180 3995 aaa·

158 4020 220 4077 dem
240 4038 307 4079 coro
328 4022 467 4079 notionem
489 4021 610 4079 tribuere
632 4038 713 4097 quasa
734 4024 864 4086 chomor,
887 4022 920 4077 ad
944 4023 1026 4096 idqno
1047 4023 1181 4097 suparib-

158 4120 217 4161 ram
238 4106 338 4173 locum,
361 4106 410 4164 ubi
430 4107 464 4163 de
485 4123 551 4164 curo
574 4107 639 4182 egit,
661 4108 856 4173 accommodat,
879 4123 946 4164 sane
967 4123 1022 4164 nou
1043 4107 1180 4183 intelligo.
