2586 4822
322 837 405 884 σενι
424 835 575 884 mmm
591 834 860 886 σιικτιεπασ.
1084 823 1104 885 9

77 982 186 1050 πόλιν
211 979 281 1050 όιπὸ
302 988 361 1071 τῆς
383 986 535 1068 δευτέρας
555 989 595 1073 τῇ
610 991 713 1072 τρίτη,
736 987 791 1054 καὶ
807 983 912 1065 σῦτως
926 986 1105 1074 παρῆλθον

77 1081 275 1148 κελεύουσαι
303 1082 421 1169 ἑκάστη
451 1082 737 1165 τριακονταεξόκις
758 1086 1028 1170 ἑρμηνευθεῖσαι,
1060 1080 1105 1163 ώς

77 1177 199 1264 ᾄδεται
222 1178 327 1263 λόγος,
350 1183 404 1245 καί
429 1172 534 1246 εἴκοσι
558 1179 615 1245 δόσ
637 1177 949 1267 τῶνἈποκρόφων.

166 1283 197 1343 ὃ.
221 1272 298 1343 Ὅτε
320 1279 356 1343 δέ
379 1277 632 1365 ἐτελειώθησαν,
656 1278 826 1366 έκαθέσθη
843 1274 1031 1363 όβασιλεῦς
1047 1276 1102 1344 ἐπὶ

77 1373 208 1456 θρόνου
236 1369 382 1459 ὑψηλοῦ,
413 1377 466 1440 καί
491 1374 668 1458 τριάκοντα
691 1379 726 1455 ἕξ
747 1371 955 1461 όναγνιῦσται
978 1376 1129 1458 έχοντεςδ

79 1471 221 1556 ἑκάστης
245 1473 364 1557 βίβλου
391 1470 433 1537 τὰ
459 1473 636 1556 τριάκοντα
664 1475 700 1553 ἓξ
728 1473 887 1553 ίσότυπα,
919 1473 954 1552 έξ
982 1463 1027 1538 ὧν
1056 1467 1104 1552 εἷς
1164 1537 1166 1541 .

80 1569 163 1650 ἔχων
198 1572 257 1654 τῆς
285 1572 403 1655 βίβλου
430 1573 488 1657 τῆς
512 1566 680 1658 Ἑβραῖκῆς
708 1566 919 1658 όιντίγραφσν.
966 1569 1038 1648 ένὸς
1067 1571 1103 1636 δὲ

79 1662 362 1751 ἇναγινώσκοντσς
385 1662 595 1752 ἀναγνώστου
617 1671 670 1735 καί
693 1673 761 1736 τών
783 1667 891 1735 ἄλλων
908 1667 1101 1750 ἐπεχόντων,

54 1760 138 1846 ιζοῦχ
156 1759 284 1850 ηῦρίθη
309 1766 485 1853 διαφωνία,
511 1760 595 1832 ἀλλὰ
617 1770 701 1833 θεοῦ
722 1765 916 1850 θαυμάσιον
940 1767 1032 1850 ἔργον
1056 1765 1104 1844 είς

78 1862 119 1926 τὸ
140 1865 336 1948 γνωσθῆναι
354 1860 407 1930 ότι
421 1861 609 1946 πνεύματος
625 1861 720 1950 ἁγίου
736 1865 863 1947 ’έχοντες
879 1863 1004 1946 δωρεὰν
1021 1862 1104 1930 ἐκεῖ·
1115 1873 1144 1924 1⁰

79 1984 133 2026 νοι
167 1960 199 2025 οἱ
232 1957 348 2043 ἄνδρες
380 1956 612 2048 ώμοφώνησαν
640 1961 673 2028 ἓν
702 1966 742 2049 τῇ
771 1961 897 2047 έρημῳ,
932 1962 987 2027 καὶ
1015 1957 1103 2027 ὅπου

79 2062 323 2141 προσετέθειτο
346 2057 451 2144 λόγος,
475 2053 542 2124 ὑπὸ
565 2058 700 2125 πάντων
718 2056 843 2146 ηὑρέθη
860 2064 1105 2143 προστεθειμέ-

79 2178 153 2234 νος,
185 2150 272 2221 ὅπου
302 2156 337 2222 δέ
365 2152 560 2243 ἀφείλοντο,
590 2155 713 2236 πάντες
740 2152 790 2224 ἐπ’
816 2158 891 2243 ἰ’σης
913 2153 1103 2243 ηὑρέθησαν

79 2249 291 2339 ἀφελόμενοι.
325 2255 378 2319 καὶ
403 2242 448 2319 ὦν
469 2254 530 2336 μέν
553 2248 729 2340 ἀφείλοντο
753 2249 811 2319 οῦκ
833 2253 905 2320 ἔστι
925 2260 1031 2337 χρεία,
1057 2243 1103 2321 ὧν

80 2352 116 2416 δὲ
144 2345 204 2416 σῦκ
232 2345 410 2439 ἀφείλοντο
439 2350 510 2417 ἔστι
530 2359 632 2435 χρεία.
679 2352 726 2431 είς
749 2354 784 2419 δὲ
806 2351 845 2416 τὸ
866 2358 1024 2436 γενέσθαι
1047 2374 1103 2419 σοι
1114 2361 1143 2412 15

80 2449 188 2535 σαφές
208 2448 248 2513 τὸ
271 2449 448 2536 εἰρημένον,
474 2445 527 2516 ὅτι
550 2454 755 2533 θαυμαστῶς
776 2447 860 2515 κατὰ
875 2453 958 2516 θεοῦ
975 2450 1103 2516 οἰκονο-

78 2553 157 2628 μίαν
181 2548 235 2612 καλ
258 2545 293 2614 έκ
315 2555 510 2634 συμφωνίας
528 2547 717 2630 πνεύματος
733 2543 827 2633 ἆγίσυ
843 2547 1030 2632 συμφώνως
1045 2543 1103 2633 ἡρ-

80 2644 265 2730 μήνευσαν,
289 2648 341 2710 καί
364 2643 451 2730 πρὸς
473 2640 633 2730 ἀλλήλους
655 2643 694 2710 οῦ
718 2646 946 2731 διηνέχθησαν,
969 2645 1103 2728 παρέξω
1197 2717 1201 2726 ,

81 2745 133 2808 σοὶ
158 2742 216 2809 διὰ
237 2745 363 2827 μακροῦ
386 2740 483 2826 λόγου
505 2742 564 2830 την
585 2741 711 2808 τούτων
735 2737 917 2821 ἀπόδειξιν,
938 2737 982 2819 ὡς
1005 2737 1045 2809 ἂν
1069 2742 1103 2809 έκ

54 2839 198 2910 στοότσυ
219 2841 316 2926 γνοὺς
330 2839 385 2907 καὶ
400 2840 558 2918 πεισθείς
574 2846 767 2926 συναινέσῃς
781 2843 827 2925 τῷ
844 2835 990 2926 ἡμετέρῳ
1006 2841 1101 2927 λόγῳ.
1111 2850 1142 2901 ω

79 2937 113 3004 έν
138 2941 187 3024 τῷ
217 2938 383 3024 ἑκατοστῷ
410 2941 664 3023 τεσσαρακοστῷ
700 2940 824 3023 ψαλμῷ
860 2938 963 3004 ἔκειτο
992 2938 1026 3003 έν
1054 2940 1102 3024 τῷ

76 3029 234 3121 Ἐβροϊκῷ
257 3032 363 3115 οὕτως
386 3030 553 3102 “Ἀδωναί·
571 3031 668 3122 ἠλιχὰ
689 3038 806 3120 καριθὶ
830 3035 952 3122 ίσμαὴλ
975 3033 1104 3121 ίεββιτὰ

79 3127 198 3212 όκώλ,”
220 3129 242 3199 όί
264 3133 354 3200 ἐστιν
376 3132 619 3218 ἑρμηνευόμενα
632 3133 750 3216 “κόριε,
775 3134 929 3217 έκέκραξα
950 3132 1036 3217 πρὸς
1054 3135 1101 3214 σὲ,

79 3229 275 3297 είσόκουσόν
295 3255 376 3315 μου·
400 3229 543 3315 πρόσχες
564 3233 602 3317 τῇ
627 3233 746 3316 φωνῇ’.
779 3226 841 3315 ὅρα
863 3220 920 3295 οῦν
942 3233 1018 3308 πώς
1037 3257 1103 3313 χω·

79 3328 134 3393 λόν
150 3323 347 3411 εὑρίσκεται.
374 3328 406 3394 σί
423 3328 458 3394 δὲ
473 3327 696 3414 ἐβδομήκοντα
713 3326 770 3395 δύο
787 3326 979 3414 ἕρμηνευτσὶ
995 3345 1142 3412 προσ-28

79 3426 267 3506 τεθεικότες
291 3427 328 3493 τὸ
350 3428 428 3511 “τῆς
450 3426 592 3514 δεήσεως
613 3429 697 3511 μου”
714 3421 916 3509 εόχώλαντον
939 3425 1102 3513 ἐποίησαν

78 3524 133 3591 τὸν
156 3532 286 3608 στίχον,
314 3524 370 3592 καὶ
391 3520 597 3612 ἡρμήνευσαν
621 3523 739 3608 “κόριε,
770 3524 923 3608 ἐκέκραξα
945 3522 1031 3607 πρὸς
1053 3525 1101 3604 σὲ,

80 3622 275 3691 είσόοισυσόν
303 3645 385 3708 μου·
416 3623 559 3707 πρόσχες
586 3625 625 3708 τῇ
649 3624 743 3709 φωνῇ
765 3625 824 3708 τῆς
847 3621 989 3709 δεήσεώς
1009 3624 1100 3706 μου”.

79 3723 130 3785 καί
156 3716 220 3802 ὅρα
242 3725 316 3800 πῶς
338 3716 564 3804 εῦδιόρθωτος
587 3716 703 3807 ᾄδεται
727 3714 744 3785 ὁ
767 3719 911 3802 ψαλμός.
939 3719 1102 3805 έπίστηθι

39 3824 189 3885 ιειτοίνυν
218 3812 289 3885 ἀπὸ
317 3822 376 3884 τοῦ
397 3818 603 3903 βραχυτάτου
625 3814 723 3900 λόγου
745 3825 818 3894 τοῖς
840 3811 971 3900 ὁμοίοις
993 3810 1141 3885 αὖτώνθυ

80 3915 162 3981 κατὰ
189 3913 249 4002 την
277 3918 474 4002 προσθήκην
501 3919 671 3997 πανταχοῦ
694 3910 761 3980 ὑπὸ
783 3917 851 3980 τών
873 3909 981 3980 αὐτῶν
1004 3913 1102 4001 έρμη-

79 4016 199 4080 νευτών
221 4020 394 4098 κειμένοις,
419 4008 471 4080 ότι
492 4015 600 4092 καλῶς
622 4012 654 4079 σί
676 4011 770 4097 λόγοι
784 4017 1039 4097 προσετέθησαν
1055 4013 1102 4092 είς

81 4110 201 4198 φράσιν
224 4115 279 4179 καὶ
304 4106 468 4199 ὠφέλειαν
490 4113 556 4178 τῶν
577 4110 764 4196 μελλόντων
783 4108 892 4176 έθνιῦν
909 4108 955 4188 είς
970 4108 1028 4196 τὴν
1042 4112 1101 4177 τοῦ
