2586 4822
118 788 176 853 188
458 797 536 848 uam
553 796 593 848 os
612 796 651 847 ιιιι
671 795 784 846 omnis

195 957 287 1014 lnveni
309 957 389 1012 modo
411 963 502 1011 autem
525 951 738 1026 languriuuml'h
762 950 802 1007 sio
823 950 986 1025 appellatum
1002 951 1176 1026 lapidemhss

112 1060 192 1117 quem
221 1042 344 1098 nonnulli
372 1039 541 1113 pressiorel)
569 1037 707 1094 locutione
734 1036 940 1110 ligguriorum')
963 1046 1075 1100 vocant.
1106 1045 1176 1095 τιτι

112 1128 234 1185 fortassis
257 1126 375 1183 arbitror
397 1125 470 1180 hunc
493 1139 553 1179 esse
576 1122 715 1197 ligyrium,
742 1123 869 1196 quoniam
892 1121 1001 1196 quidem
1025 1122 1130 1180 divinae

112 1212 268 1287 Scripturae
291 1208 420 1268 nonnulla
443 1208 552 1264 uomina
570 1208 648 1264 aliter
663 1206 849 1273 immutarunt,
872 1207 942 1263 sicut
957 1206 1130 1282 smaragdum

106 1334 418 1349 -.-—.-—

111 1395 158 1457 liqo
177 1409 221 1443 nec
240 1393 354 1453 doluisse,
374 1393 414 1455 qui
434 1392 565 1455 lyncurium
585 1392 614 1440 ab
634 1392 722 1440 electro
741 1392 898 1441 distinxerint.
927 1393 1055 1456 Postquam
1070 1393 1135 1440 enirn

112 1463 142 1513 de
160 1464 249 1512 electro
269 1462 342 1509 multa
361 1461 452 1520 dixerit,
472 1468 495 1508 et
514 1461 559 1508 iam
578 1459 710 1523 lyncurium
729 1475 827 1524 qnoque
839 1461 1014 1510 diclumluisse
1026 1460 1135 1509 animad-

110 1531 213 1591 verlerit‚
233 1529 328 1578 tandem
346 1529 424 1592 inquit
443 1545 463 1576 c.
474 1529 505 1577 3:
525 1529 557 1577 lie
575 1530 678 1590 lyncurio
696 1532 801 1592 proxime
817 1532 864 1580 dici
878 1533 938 1594 sopit
951 1537 1070 1579 oraclorum
1081 1544 1136 1593 per·

111 1601 213 1650 linurin:
238 1600 321 1662 quippe
346 1599 435 1647 etiamsi
453 1613 499 1646 nan
518 1598 625 1645 electrum
643 1598 668 1644 id
687 1605 759 1656 esset,
785 1599 912 1659 lyncurium
930 1600 1006 1647 lemen
1024 1612 1135 1659 pemmoni

112 1682 162 1718 esre
187 1667 333 1716 contendunt.
370 1666 453 1728 ltaque
477 1664 608 1728 lyncurium
634 1679 688 1713 cum
712 1666 801 1714 electro
825 1666 895 1714 etiam
919 1679 933 1713 a
957 1664 1134 1727 Theophrasto,

112 1734 197 1784 saltem
215 1735 273 1782 satis
292 1741 382 1795 aperte,
401 1732 528 1781 contusum
547 1747 594 1780 non
613 1731 688 1781 luisse
706 1733 792 1783 iterum
811 1734 946 1796 iterumque
965 1733 1087 1795 praedico.

198 1805 222 1865 pl
241 1795 414 1865 Anyuoripsov
432 1801 502 1849 habet
520 1800 630 1863 Epitome
643 1801 758 1850 Gesneri:
779 1793 853 1867 nipe
876 1814 906 1849 su
923 1795 951 1849 δὲ
969 1795 1137 1865 hyssopus

113 1861 184 1919 οὕτω
208 1866 376 1935 καλούμενον
399 1864 497 1924 λίθον,
523 1859 555 1914 ὃν
578 1881 649 1921 τινες
671 1868 704 1934 τῇ
729 1867 814 1935 τρανῇ
857 1865 968 1933 relinqu
986 1862 1137 1933 lnyndpsnr

111 1934 231 1987 καλοῦσι.
269 1933 314 1986 καὶ
333 1933 403 2002 τάχα
422 1935 502 1984 τοῦτο
522 1926 600 2000 οἶμαι
617 1930 648 1983 τὸ
667 1929 799 2004 λιγύριον.
834 1931 925 1996 ἐπειδὴ
940 1929 970 1984 αἱ
981 1935 1137 2001 θεῖαιΓριι-

113 2000 167 2072 mul
191 2001 225 2052 τὰ
244 1998 372 2071 ὄνόμιιτιι
386 1999 484 2070 ἑτέρως
500 1997 733 2068 pertusensem·
762 1998 798 2058 ὡς
817 2000 867 2052 τὸν
884 2000 1048 2070 σμάραγδον
1066 1997 1137 2069 πρά-

113 2085 199 2121 σινον.
238 2075 369 2123 Salmasius
388 2077 410 2122 in
430 2076 535 2122 Solinum
551 2074 625 2135 phil,
645 2074 703 2121 haec
723 2074 793 2136 paulo
812 2074 880 2122 aliter
898 2073 968 2134 legit,
988 2081 1019 2133 et,
1038 2081 1063 2120 ut
1084 2073 1137 2135 ipse

113 2142 159 2195 nit,
185 2157 212 2189 ex
236 2143 289 2191 cod.
307 2149 416 2200 uetusto;
442 2131 568 2204 Εὗρομεν
592 2135 622 2189 δὲ
639 2136 807 2207 λαγγοῠριον
825 2134 896 2189 οὕτω
914 2133 1082 2206 καλούμενον
1099 2134 1137 2186 λί-

114 2209 177 2262 θον,
199 2201 231 2255 ὅν
249 2223 319 2261 τινες
337 2207 368 2274 τῇ
388 2207 474 2273 squery
493 2202 622 2272 διαλέκτῳ
640 2201 789 2274 λαγοόριον
805 2205 926 2264 καλοῦσι,
945 2203 990 2256 arni
1009 2201 1082 2274 τάχα
1099 2195 1137 2254 ol·

112 2289 165 2343 μιιι
187 2275 269 2323 τοῦτο
293 2265 363 2325 εἶναι
382 2271 412 2323 τὸ
431 2269 562 2339 λιγύριον.
601 2277 680 2325 Nostri
700 2278 752 2326 cod.
773 2279 913 2342 scriptorem
933 2292 1058 2340 perperam
1079 2277 1138 2325 scri·

113 2346 192 2409 psisse
217 2348 365 2406 louqssrinnm
389 2345 514 2394 indubium
540 2359 594 2393 esse
619 2345 703 2405 debet,
728 2347 839 2409 suspicor
857 2353 935 2395 autem
954 2346 984 2395 ah
1003 2346 1136 2408 interprete

114 2415 229 2491 scriptum
255 2415 329 2462 luisse
353 2414 497 2474 langurium,
522 2427 565 2462 seu
590 2413 737 2475 langurium,
763 2429 816 2464 rum
836 2416 859 2464 in
879 2415 970 2463 Graeco
990 2422 1054 2462 esset
1073 2409 1137 2476 λαγ-

133 2495 164 2529 ου
186 2496 234 2528 ιον.

113 2495 133 2547 y
166 2496 223 2614 ρῳ
249 2551 328 2599 Codes
356 2550 415 2597 lianc
439 2548 502 2597 ierre
526 2562 606 2597 vocem
629 2549 735 2610 ridetur,
761 2550 804 2598 sed
822 2564 875 2598 cum
894 2550 934 2598 illa
954 2549 1045 2598 Graeco
1065 2548 1138 2597 serbo

110 2618 197 2683 τρανῃ·
216 2619 313 2667 minime
333 2617 485 2680 respoudeat,
504 2625 527 2664 et
546 2631 575 2665 ne
594 2617 728 2666 sententiae
746 2617 843 2680 quidem
857 2619 989 2679 conveniat,
1008 2618 1136 2666 barbarum

111 2688 266 2749 interpretem
286 2687 413 2748 scripsisse
432 2685 531 2734 dixerim
550 2687 660 2749 spissiore
677 2693 719 2733 aul
736 2688 888 2750 expressiore.

198 2759 218 2815 τι
246 2755 379 2816 legendum
400 2759 465 2803 esset
483 2755 598 2815 leporium
617 2768 644 2801 er
663 2753 785 2816 descripto
804 2753 925 2816 Epitomes
945 2753 1045 2802 Gesneri
1065 2753 1135 2801 loco:

112 2822 155 2871 sed
181 2837 207 2871 en
232 2824 275 2883 iis,
301 2837 363 2886 quoe
381 2828 528 2884 sequuntur,
552 2820 678 2882 legendum
697 2824 777 2885 potius
795 2822 887 2870 ridetur
904 2823 1043 2884 iiqqurium,
1071 2829 1095 2869 et
1112 2821 1136 2868 in

113 2890 205 2938 Graeco
223 2890 299 2938 luisse
316 2885 489 2955 λυγγούριον,
526 2889 624 2937 Scilicet
642 2889 742 2938 iniurius
760 2889 860 2952 legitur:
882 2891 908 2938 Et
919 2892 1023 2953 lippinus
1035 2891 1137 2952 quidem,

112 2959 148 3006 nel
167 2961 234 3005 etiarn
252 2960 362 3018 lnqqurus
381 2964 425 3004 etc.
463 2956 568 3004 Alterum
587 2957 633 3004 hoc
645 2972 731 3006 nomen
748 2951 780 3005 τὸ
794 2959 941 3018 lcupurinum
954 2957 1059 3017 corripit,
1079 2955 1137 3005 illud

112 3025 216 3087 primurn
242 3019 272 3070 τὸ
298 3027 456 3085 ripuariorum.
493 3024 565 3072 Porro
585 3025 629 3072 hae
648 3026 801 3074 coniecturae
820 3025 913 3087 egregie
932 3039 959 3073 ex
978 3038 1008 3073 eo
1026 3038 1139 3087 compro·

112 3093 213 3145 bantur.
241 3093 305 3154 quod
325 3100 390 3140 certe
407 3094 536 3154 lyncurium
555 3092 601 3141 alio
619 3094 717 3142 nomine
734 3095 865 3156 lunyurium
882 3093 958 3142 luisse
977 3092 1067 3140 dictum
1087 3107 1140 3140 ccr-

111 3167 162 3208 tum
187 3161 218 3207 sit
244 3160 381 3208 testimonio
407 3159 477 3207 etiarn
497 3160 564 3208 Plinii
584 3161 734 3211 lih.llllllllll
754 3161 840 3224 caph.
877 3162 961 3210 llerurn
980 3160 1097 3222 vulgatius
1116 3168 1139 3208 et

112 3228 262 3291 frequentius
281 3241 368 3276 nornen
389 3227 519 3290 lyncurium
538 3227 596 3289 luit,
622 3237 663 3277 aut
681 3229 826 3294 lyngurium,
851 3237 874 3278 et
893 3229 990 3293 quidem
1010 3229 1042 3277 iu
1061 3228 1140 3291 nulga-

114 3297 176 3354 tius,
195 3304 221 3343 ut
238 3297 337 3345 alterius
355 3296 384 3344 ah
403 3310 451 3345 uno
471 3296 545 3344 Plinio
564 3297 680 3346 certiores
698 3297 753 3346 lacti
771 3298 901 3357 fuerimus,
926 3297 964 3346 cui
983 3296 1140 3345 nuncetiam

112 3363 260 3426 Epiphanius
285 3373 349 3412 certe
376 3371 412 3412 est
436 3364 594 3412 adliciendos.
631 3365 714 3428 Neque
738 3381 793 3414 reru
820 3365 951 3428 praeterire
978 3364 1049 3413 decet
1075 3363 1139 3427 apud

113 3433 218 3481 Graecos
238 3433 334 3495 saepius
353 3446 480 3480 occurrere
500 3446 586 3480 nomen
604 3427 768 3500 λυγγούριον
786 3448 856 3498 quam
867 3425 1037 3497 λυγκούριον.
1078 3431 1139 3480 lllud

111 3501 175 3563 apud
199 3501 389 3564 Theophrastum
414 3508 438 3549 et
461 3499 627 3549 llioscoridem
652 3501 708 3564 legit
732 3502 877 3563 Salmasius,
904 3510 926 3551 et
951 3502 1040 3550 hahent
1066 3501 1140 3549 etiam

111 3570 198 3618 Straho
218 3579 272 3629 etc,
291 3584 385 3619 necnon
405 3568 545 3618 Plutarchus
563 3571 587 3616 in
607 3568 621 3616 Ι.
641 3570 673 3618 lle
691 3571 784 3620 animal.
805 3572 901 3621 solertia
920 3576 936 3619 ι.
947 3569 966 3618 ll
985 3567 1079 3632 poss,
1099 3568 1138 3616 ed.

111 3637 186 3687 Paris.
209 3637 287 3687 toas:
314 3638 453 3700 etquidem
473 3637 584 3698 Solinus,
603 3636 695 3699 caph,
715 3636 772 3686 illud
792 3639 869 3687 solum
888 3644 1004 3687 memorat
1022 3645 1140 3700 tanquam

112 3707 209 3756 Graecis
233 3706 364 3756 lumiliare:
392 3709 476 3756 Graece
493 3707 624 3768 lpnqurium
642 3708 735 3756 dieitur.
772 3707 854 3770 ltaque
872 3705 1020 3770 Epiphanius
1038 3717 1142 3768 quoqne

111 3775 144 3824 ita
168 3774 314 3836 scripserat:
341 3774 404 3823 unde
429 3774 548 3835 interpres
572 3772 638 3836 quod
663 3773 703 3824 alii
728 3776 859 3839 lynyurium
877 3773 1010 3824 secundum
1029 3787 1143 3836 pronun-

110 3842 185 3891 tiandi
205 3842 322 3891 rationem
341 3842 507 3904 scripsissent,
533 3840 630 3903 scripsit
648 3843 790 3906 lyqqurium,
811 3845 933 3906 luypurus,
953 3843 1065 3906 lcoqurus
1085 3847 1142 3899 etc..

111 3917 240 3972 utrumque
265 3923 304 3973 yy
327 3910 441 3959 retinens.
476 3908 518 3957 Sic
543 3909 678 3958 Priscianus
702 3918 804 3960 testetur
826 3912 946 3961 llomanos
974 3911 1030 3959 olim
1056 3922 1142 3960 rorem

112 3973 226 4040 ἅγγελος
243 3978 372 4040 scripsisse
391 3978 493 4041 appeler.
529 3976 601 4026 Varro
620 3984 699 4026 aulem
718 3980 848 4041 delinquo
866 3981 915 4031 Lot.
935 3979 975 4029 lib.
986 3979 1004 4041 l,
1022 3984 1047 4027 et
1061 3979 1144 4029 Victo·

111 4046 179 4093 rinus
197 4047 229 4095 lte
247 4046 412 4110 orthographia
430 4052 484 4102 etc,
503 4052 616 4094 auctores
633 4047 704 4095 nohis
722 4054 777 4096 stant
797 4048 943 4098 Graecorum
964 4060 1032 4096 more
1050 4047 1144 4097 hstium

111 4120 207 4174 poetam
226 4114 333 4163 scrihere
352 4112 505 4162 consuevisse
524 4128 628 4176 numeru,
648 4116 756 4178 sepulum
775 4121 820 4164 etc.
