2586 4822
265 809 268 815 ’
317 829 356 880 ne
375 828 525 881 anusuuis
543 829 580 880 nr
599 828 797 881 rounemnos.
1007 815 1066 880 too

136 985 194 1042 18⁴
212 1001 237 1039 a.
267 975 302 1041 roi
331 978 365 1041 dl
393 975 648 1060 ‹i'pyuporruiirci
679 978 772 1060 ἔστιν]
809 984 947 1042 Cedrenua
968 989 1067 1060 pita

56 1064 221 1143 pilicrploru
243 1064 278 1125 δὲ
300 1060 360 1125 cinai
381 1071 436 1138 τῆς
448 1065 592 1142 palardus,
614 1061 709 1145 ἤγουν
724 1067 893 1143 στρατείας.
924 1070 1070 1144 Subiungit

57 1153 164 1209 tabulam
188 1155 222 1209 de
245 1155 380 1227 Scipione.
405 1156 451 1228 qui
474 1156 576 1229 primus
600 1155 729 1210 militibus
746 1147 784 1211 τὰ
797 1151 969 1228 μιλιαρίσια
985 1157 1067 1213 cudit.

59 1238 101 1294 lad
122 1256 190 1294 vana
214 1248 256 1295 est
279 1241 346 1295 baec
369 1241 521 1312 originalia.
560 1240 596 1296 lle
618 1241 788 1296 milliacensi
811 1241 893 1295 multa
916 1241 987 1297 baud
1009 1242 1069 1297 vul-

60 1326 120 1397 garia
142 1323 257 1380 dicenda
279 1334 353 1386 sunt.
377 1319 446 1398 quae
470 1326 597 1398 quoniam
620 1342 680 1381 cum
703 1327 771 1396 {olle
794 1325 955 1398 implicatam
973 1326 1069 1398 dispu-

10 1466 12 1477 ,
62 1410 179 1465 udonem
202 1409 360 1475 continent,
386 1411 420 1466 de
441 1421 559 1485 utroque
582 1409 726 1467 lliatribam
748 1410 829 1483 paulo
852 1409 1002 1484 longiorem
1025 1413 1069 1468 in-

62 1495 203 1551 stituemus.
234 1493 327 1569 Neque
351 1496 421 1550 anim
445 1494 619 1568 paucioribus
641 1505 687 1551 aut
709 1495 833 1567 capilio-ari
857 1496 946 1558 omnia
968 1506 1069 1569 putue-

64 1589 122 1642 nrnt,
143 1587 191 1634 aut
214 1578 258 1635 bic
281 1580 339 1652 ipse
362 1580 502 1653 Epiphanii
524 1598 555 1636 ac
578 1598 695 1654 sequens
719 1580 751 1634 dc
768 1579 829 1634 lolle
846 1581 922 1635 locus
939 1583 1067 1637 enarrari.

448 1781 666 1791 m...-

64 1930 96 1988 llb
116 1934 221 1990 totta
244 1933 435 1991 blatautldst
459 1935 501 1992 AG
523 1935 714 1992 Nllllllilllllll
731 1936 879 1992 lllNU'lllS
899 1935 1114 1994 otatbtttltmot

135 2078 249 2161 Φόλης,
279 2078 295 2144 ‘d
325 2083 375 2143 arni
404 2079 580 2163 ταλάντων]
611 2089 668 2144 Nou
693 2099 734 2144 ost
759 2089 830 2144 ullus
853 2089 923 2163 apud
947 2088 1067 2162 llpipba-
1159 2133 1163 2145 .

64 2171 123 2226 aiom
143 2172 231 2235 loeus.
254 2189 336 2247 quein
358 2174 544 2245 vehementius
568 2174 664 2230 eruditi
681 2174 804 2230 homines
821 2176 980 2239 vexaverint,
1004 2176 1067 2248 qui-

62 2273 105 2329 que
123 2258 239 2314 vicissim
261 2257 323 2313 illos
345 2257 433 2314 acrius
456 2261 616 2315 exercuerit.
648 2261 684 2315 lta
709 2259 785 2314 variis
808 2260 894 2314 modis
917 2260 1067 2333 interpola-

61 2349 195 2416 tuaique
218 2341 368 2415 explicatus
384 2353 435 2399 cst.
467 2343 552 2412 Quam
575 2345 731 2417 opinionum
754 2344 907 2401 varietatem
932 2362 984 2400 oon
1007 2346 1066 2417 ipsa

60 2426 134 2482 solum
157 2427 301 2501 Epiphanii
323 2427 466 2484 verborum
490 2428 642 2486 obscuritas
667 2430 780 2502 peperit,
804 2428 850 2485 sed
868 2430 947 2485 etiam
963 2431 1001 2484 rei
1018 2447 1067 2501 per

60 2528 109 2566 rese
128 2511 291 2577 difficultas,
315 2514 389 2585 quod
410 2513 444 2570 de
466 2513 530 2570 lullo
551 2514 654 2569 diversa
677 2515 821 2569 admodum
844 2514 871 2569 in
894 2514 1066 2587 antiquorum

58 2598 221 2654 monimentis
250 2615 377 2671 expressa
405 2598 540 2672 legantur.
584 2604 620 2654 Ac
649 2599 712 2653 mibi
742 2599 821 2671 rirlgo
844 2597 966 2653 vocabuli
989 2598 1065 2653 istius

57 2684 200 2754 proprietas
223 2682 295 2757 baud
319 2684 384 2741 satis
406 2683 543 2757 explorata
568 2683 680 2748 videtur,
704 2692 815 2739 etcum
838 2684 864 2738 in
881 2700 938 2738 eam
956 2684 1067 2738 iuvesti-

56 2769 158 2838 natam
181 2768 264 2841 paulo
287 2770 438 2825 accuratius
460 2767 653 2832 incubuissem,
677 2768 804 2824 nonnulla
829 2767 917 2841 rqperi
935 2784 1015 2824 secus
1030 2767 1064 2823 ab

57 2851 130 2909 iactis
153 2861 186 2909 et
217 2853 348 2909 studiosis
375 2853 531 2911 hominibus
561 2853 690 2927 explicata
719 2870 799 2926 quam
829 2852 926 2908 veritas
953 2853 1009 2926 ipsa
1039 2861 1066 2909 ct

56 2939 191 2995 antbormn
213 2947 337 2994 vetorum
360 2939 514 2995 testimonia
538 2947 704 3012 paterentur.
735 2938 866 3008 Quocirca
882 2946 913 2994 ut
932 2956 985 2994 nou
1003 2939 1065 2995 huic

55 3029 146 3080 butum
172 3022 335 3079 illustrando
356 3025 482 3097 scriptori
505 3041 586 3097 opera
610 3033 702 3079 nostra
725 3024 836 3087 serviat,
864 3024 911 3080 sed
934 3024 966 3078 nil
989 3041 1066 3079 com-

55 3122 153 3165 narem
185 3108 332 3165 utilitatem
361 3126 422 3165 sese
450 3110 530 3165 latius
553 3108 685 3172 abundat,
716 3109 800 3164 visum
823 3118 866 3164 cst
886 3126 942 3165 non
964 3109 1013 3164 abs
1036 3127 1065 3164 ru

54 3190 108 3255 trie,
124 3194 149 3250 si
165 3210 240 3267 quae
254 3194 289 3250 de
303 3194 372 3266 sollo
386 3193 622 3250 lucubrationibus
635 3194 737 3266 aliquot
752 3202 951 3249 commentatus
967 3211 1064 3257 essem,

53 3291 78 3332 ra
96 3279 292 3353 opportunitate
313 3277 366 3335 loci
389 3279 470 3334 buius
493 3279 619 3335 inductus
641 3278 777 3351 copiosius
800 3296 832 3334 ac
847 3278 1002 3350 diligentius
1019 3276 1066 3334 (ψ’

54 3376 184 3433 masur.
215 3361 276 3418 Nou
299 3363 371 3419 cuim
394 3363 697 3436 pueriliterlarcossita,
720 3381 811 3436 neque
833 3362 1000 3419 emblematis
1023 3365 1066 3419 in-

53 3454 99 3503 aar
117 3449 152 3504 ad
176 3464 307 3520 pompam
324 3447 423 3520 illigata
439 3448 492 3504 crit
505 3448 557 3505 iata
572 3448 734 3521 disputatio.
762 3449 809 3504 secl
826 3448 973 3513 eiusmodi,
996 3465 1065 3522 quae

53 3542 245 3604 monentur.
269 3541 350 3589 crunt
371 3534 470 3597 onmia,
494 3542 524 3588 ut
545 3534 591 3608 qui
614 3551 644 3589 oa
660 3551 721 3589 cum
737 3533 877 3606 Epiplionii
894 3532 982 3588 verbis
998 3551 1065 3589 con-

54 3613 113 3671 lcrrs
134 3616 272 3682 volucrit,
302 3616 439 3674 breviores
462 3634 522 3674 csse
545 3619 725 3702 iioslmiuime
748 3618 902 3691 oportuisse
926 3620 1065 3674 concedat.

53 3697 123 3759 bobis
144 3718 213 3758 vero
238 3701 265 3757 in
288 3703 348 3776 ipso
370 3703 462 3776 operis
484 3704 556 3759 exitu
583 3720 616 3759 eo
637 3704 751 3759 alacrius
775 3712 928 3775 postremus
952 3704 995 3760 bic
1018 3720 1067 3758 su-

53 3788 179 3856 perandos
202 3785 291 3850 labor,
314 3805 368 3860 quo
391 3787 443 3843 iam
466 3787 538 3844 velut
553 3788 633 3860 longa
649 3789 817 3862 navigatione
832 3789 976 3862 perlunoti,
1001 3806 1067 3861 pro-

53 3871 102 3941 pias
122 3874 178 3929 iarn
202 3882 303 3928 terram
327 3874 412 3946 ipsam
435 3882 600 3946 portumque
622 3884 791 3930 contuemur.

124 3956 265 4032 Quicquid
292 3959 377 4032 igitur
405 3958 439 4015 de
460 3957 536 4014 Faba
558 3957 591 4013 ab
614 3959 731 4030 antiquis
754 3959 891 4030 proditum
914 3966 942 4013 st
965 3954 998 4011 ab
1022 3975 1067 4011 re-

53 4042 212 4100 centioribus
242 4041 402 4099 adnotatum
431 4053 488 4106 est,
518 4044 543 4097 id
566 4043 599 4098 ad
621 4048 674 4099 duo
699 4045 782 4099 leruie
804 4044 891 4116 capita
915 4049 1064 4097 revocatur.
1243 4044 1255 4075 ¹

49 4121 105 4182 llam
127 4138 176 4184 ant
199 4119 377 4204 ποσότητα,
399 4129 454 4185 sive
475 4120 571 4202 ὁλκὴν
592 4137 620 4184 ct
642 4119 821 4205 ἄθροισμα,
850 4129 902 4185 boc
926 4136 967 4182 cst
990 4143 1066 4181 sirni-
