2586 4822
232 726 296 789 224
686 740 799 790 raram

231 887 391 999 ἐγγράφως
411 890 460 951 καὶ
484 885 630 971 ἀγράφως
642 889 788 994 ppr7rr‘,ua
811 890 860 950 καὶ
875 886 1120 993 ἀρσενοκοιτιάν,
1142 893 1244 970 ἐχυρο-

231 978 338 1056 τόιηοε
366 974 600 1056 Πρεσβύτερον,
630 975 679 1034 καὶ
708 967 912 1056 naprodacrou.
956 981 1004 1036 toa·
1035 981 1244 1039 Procuratorem

227 1014 342 1126 vbatiirus
364 1068 499 1139 interpres
522 1066 615 1121 vertit:
646 1063 707 1119 alibi
730 1065 915 1120 circuitorem.
955 1066 1020 1122 Fuit
1042 1068 1131 1140 igitur
1151 1085 1244 1144 περνο·

232 1145 341 1226 δευτὴς
362 1150 507 1224 Presbyter
535 1160 562 1205 et
590 1145 740 1222 quidem
726 1167 758 1205 ar
779 1167 823 1205 κω
823 1168 897 1222 ναις
919 1150 1130 1246 chorepiscopo
1152 1152 1245 1209 substi-

233 1249 317 1296 tutus.
364 1237 504 1292 Caeterum
535 1251 595 1291 cum
618 1234 821 1290 Ecclesiasticus
851 1252 917 1309 opes
948 1253 978 1292 ac
1002 1239 1157 1310 pecuniae,
1185 1255 1244 1312 quae

232 1340 327 1397 magna
351 1330 480 1393 exparte
503 1321 528 1376 io
552 1336 618 1375 usus
642 1336 789 1392 pauperum
813 1319 1032 1384 insumebantur,
1056 1319 1169 1378 rusticis
1184 1340 1245 1396 quo·

232 1426 286 1482 que
308 1407 423 1481 praediis
446 1405 660 1468 continerentur,
683 1404 744 1459 iude
767 1404 866 1460 lactum
889 1405 1016 1469 arbitror.
1043 1418 1076 1463 ut
1099 1424 1244 1464 earumre·

232 1510 292 1548 rum
314 1491 418 1547 curatio
435 1489 642 1561 chorepiscopis
665 1488 846 1545 mandaretur.
877 1489 1010 1557 Quocirca
1027 1491 1173 1564 peculiaris
1187 1493 1243 1547 haec

232 1578 353 1650 ipsorum
377 1575 478 1631 functio
501 1573 559 1639 luit,
583 1560 755 1629 utNeocacs.
773 1563 874 1630 canori.
888 1578 922 1632 13
946 1576 1090 1632 admonet.
1122 1577 1240 1649 adquam

233 1661 372 1716 Dalsamon
400 1654 439 1715 τὰ
467 1652 611 1735 osprand,
641 1654 690 1714 aul
719 1653 856 1732 πτωχικὰ
874 1651 1023 1759 χρήματα
1047 1661 1191 1735 dispensari
1209 1659 1239 1714 ab

181 1746 284 1806 38333333
307 1745 426 1801 adnotat.
457 1745 574 1801 Zonaras
597 1760 721 1816 quoque:
746 1734 801 1809 τὰς
820 1738 878 1841 γὰρ
903 1747 964 1800 τῶν
984 1736 1182 1820 Ἰκκληοιιῡν,
1201 1727 1237 1798 ὧν

233 1828 433 1929 πρρῖοταντο,
469 1819 642 1925 προσόδους
675 1824 716 1894 εἰς
743 1819 882 1902 πτωχοὺς
909 1821 1089 1885 αἰα33σκειν
1116 1822 1236 1927 (ipsulm,

233 1935 282 1971 και
277 1911 503 1991 προνοεῖσθαι
527 1904 634 1968 αὐτῶν.
672 1913 739 1968 Turn
762 1930 824 1969 rere
848 1912 992 1969 Damasus.
1017 1914 1077 1971 Sec
1098 1917 1172 1989 pulo,
1192 1913 1237 1968 Deo

231 2001 350 2071 prutina,
372 2000 454 2053 ruodo
475 1998 639 2060 necessarii,
661 1998 734 2053 sicut
754 1999 785 2052 a'u
803 1999 950 2070 primitiva
972 1998 1119 2065 Ecclesia,
1137 2008 1238 2073 proptu

232 2086 363 2147 studium,
386 2084 462 2155 quod
484 2100 551 2153 erpo
570 2099 712 2154 pauperes
736 2083 898 2154 colpehont,
924 2100 981 2138 ooo
1004 2095 1074 2140 curet
1099 2094 1150 2140 etc.
1189 2085 1234 2139 cor.

233 2169 402 2224 exhibebant
431 2184 462 2222 ex
490 2167 583 2222 Latina
611 2166 726 2222 canonis
749 2168 876 2224 Neocaes.
901 2168 1147 2241 interpretatione,
1175 2185 1234 2243 quan
1281 2220 1285 2233 ,

234 2271 266 2309 cn
288 2252 414 2325 Dionysio
437 2251 539 2324 Exiguo
559 2250 686 2307 Damasus
709 2251 754 2307 ille
777 2253 927 2325 descripsit,
952 2263 981 2308 ut
1005 2255 1048 2310 vel
1072 2272 1107 2310 ex
1129 2256 1235 2327 hocipso

233 2346 394 2393 vetustatem
423 2329 480 2392 cius
510 2353 655 2409 agnoscas,
686 2337 910 2411 quemadmodum
939 2345 967 2394 et
996 2355 1030 2394 ex
1058 2339 1105 2395 illa
1128 2337 1234 2413 loquendi

234 2424 353 2488 ratione,
376 2423 447 2477 olcau
469 2422 500 2476 io
518 2422 665 2493 primitivo
680 2421 824 2478 Ecclesia:
848 2430 1042 2496 ae‘postremo
1065 2425 1150 2481 etiarn
1165 2438 1234 2480 ereo.

234 2508 307 2582 quod
336 2506 386 2562 sub
409 2506 545 2579 Epistulae
574 2506 654 2562 sanem
684 2506 717 2562 de
739 2506 822 2562 Paulo
845 2508 880 2562 ita
903 2507 1041 2581 loquitur:
1082 2508 1152 2564 Cum
1172 2509 1235 2564 ocra

234 2594 361 2665 oprepluo
381 2592 566 2664 praedicator
587 2592 671 2655 ἀίυαι,
695 2592 830 2663 quomode
846 2591 958 2648 Paulum
974 2584 1236 2667 ἀντιονομαοταώς

233 2678 380 2751 Gregorius
403 2678 430 2732 in
455 2675 566 2731 llomilia
591 2679 627 2733 37
653 2676 679 2731 3ο
702 2676 800 2749 Evang.
823 2686 908 2733 vocat.
950 2677 1026 2747 Quae
1050 2679 1153 2744 omnia,
1175 2687 1201 2734 ut
1216 2685 1237 2731 et

232 2764 283 2819 alia
306 2771 441 2825 sescenta,
465 2761 643 2816 recentiorem
667 2761 788 2817 authoris
812 2770 925 2817 aetatem
949 2763 1096 2835 detegunt.
1128 2759 1237 2835 Πτωχο-

232 2849 294 2903 ardu
311 2838 481 2921 χρημάτων
502 2855 529 2901 et
552 2855 688 2901 certorum
711 2846 865 2911 hominum,
895 2847 940 2920 qui
968 2848 1104 2919 pecunias
1127 2848 1180 2905 illas
1197 2844 1238 2901 ad·

231 2931 434 2996 ministrabant,
465 2930 586 2985 menainit
608 2929 737 3003 Synesius
768 2932 793 2985 in
823 2930 958 2987 luculenta
986 2930 1032 2987 illa
1055 2932 1180 3006 Epistola
1198 2932 1239 2989 33.

233 3027 330 3090 utputa
352 3016 526 3089 campaniani
548 3015 704 3087 Presbyteri
734 3024 760 3070 et
788 3025 850 3071 ante
873 3017 945 3072 lrunc
967 3015 1095 3073 Dioscuri
1111 3015 1240 3118 Episcopi,

233 3101 268 3156 de
288 3118 342 3174 quo
365 3101 415 3155 ista
438 3099 546 3155 scribit:
570 3093 685 3197 πολ3ἦν
706 3089 789 3200 clpam
807 3094 900 3200 χάριν
914 3093 1055 3198 opacata
1077 3095 1169 3182 oalrrp
1182 3094 1243 3166 τοὺς

232 3177 489 3262 ἒνἈ3εξονὸρεΙρ
513 3174 722 3256 συριπτώχοις,
746 3166 790 3240 ὧν
810 3179 882 3251 τούς
904 3176 1017 3280 clypeos
1040 3162 1171 3244 amona
1204 3185 1243 3243 Fi-

232 3284 293 3322 nem
317 3267 350 3321 de
373 3266 580 3339 chorepiscopis
603 3267 756 3340 disputandi
778 3270 908 3333 lacerem,
937 3270 987 3325 nisi
1011 3271 1046 3326 ad
1069 3288 1169 3330 eorurn
1189 3272 1244 3329 luu-

232 3352 348 3406 etionem
371 3349 554 3405 illustrandam
576 3368 660 3423 pauca
684 3353 813 3425 quaedam
829 3363 1014 3426 superessent,
1040 3373 1115 3429 quae
1130 3365 1244 3431 practer-

232 3436 301 3490 mitti
324 3433 398 3489 nefas
421 3434 546 3490 arbitror.
576 3436 709 3509 Imprimis
732 3438 842 3495 Dasilius
858 3438 985 3511 Epistola,
1010 3457 1095 3514 quam
1112 3441 1244 3499 antean

230 3520 302 3576 iuter
325 3518 477 3575 Decretalcs
504 3520 611 3592 posuit,
640 3522 855 3593 antiquissimum
879 3524 952 3580 bunc
973 3524 1000 3578 in
1023 3524 1149 3583 Ecclesia
1170 3528 1243 3583 ritum

231 3605 314 3660 luisse
336 3604 430 3668 docet,
460 3604 557 3677 utqui
580 3604 612 3659 ad
635 3605 769 3662 Ecclesiae
791 3608 968 3663 ministerium
992 3607 1205 3674 adhiberentur,
1230 3626 1243 3664 a

231 3686 400 3760 Dreslayteris
422 3697 450 3744 et
472 3688 593 3744 Diacouis
616 3699 677 3745 ante
700 3691 788 3746 omnia
811 3691 916 3765 probati
938 3691 1153 3769 chorepiscopis
1174 3711 1244 3752 con-

231 3773 437 3828 mandarentur:
462 3766 495 3826 ol
512 3765 567 3839 τὰς
575 3769 672 3873 nppd
693 3776 755 3831 τῶν
770 3766 926 3849 ἅληθινως
938 3772 1187 3877 μαρτυρούντων
1199 3772 1244 3835 da·

231 3850 352 3928 ξάμενον
375 3851 510 3956 ψήφους,
533 3852 582 3912 καὶ
603 3849 831 3962 ὖπομνήσαρτες
849 3853 1101 3932 ’‘Enroxonor‚“
1063 3879 1166 3932 ουτως
1182 3859 1244 3937 ἔνη·

231 3936 366 4017 ρίθμοον
395 3933 447 3997 τὸν
474 3932 628 4018 ὑπηρέτην
659 3961 701 4021 τῳ
734 3937 864 4019 τάγματι
894 3964 956 4002 των
983 3939 1157 4043 ἱερατικῷν.
1198 3948 1241 4004 cui

230 4024 419 4082 consuetudini
446 4026 604 4100 derogatum
632 4044 647 4082 a
670 4028 878 4104 chorepiscopis
900 4030 1040 4104 queritur,
1070 4035 1119 4108 qui
1140 4049 1242 4091 omnen
