2586 4822
140 814 181 876 50
318 826 350 879 V.
383 826 579 877 τοκααιοκ
593 826 658 876 ατε
676 826 751 876 κατ
767 823 973 875 emmona

225 985 332 1063 Χαῖρε
353 983 598 1063 κεχαριτωμένη,
623 975 720 1062 νοερὰ
734 976 902 1055 θάλασσα,
926 974 984 1041 τόν
1001 969 1157 1060 οὐράνιον

141 1077 259 1159 ἔχουσα
286 1082 485 1161 μαργαρίτην
514 1074 676 1158 Χριστόν·
718 1084 812 1157 χαῖρε
840 1080 1096 1160 κεχαριτωμένη,
1138 1068 1156 1140 ό

141 1172 292 1259 λαμπρός
314 1170 460 1258 οὐρανός,
493 1169 511 1260 ή
533 1172 591 1237 τὸν
612 1168 780 1258 όχιόρητον
802 1171 837 1237 έν
859 1167 1012 1255 οὐρανοῖς
1034 1174 1156 1253 έχοντα

140 1272 232 1340 θεόν.
268 1280 360 1355 χαῖρε
382 1274 634 1355 κεχαριτωμένη,
670 1265 688 1355 ἡ
718 1269 775 1335 τὸν
797 1269 1000 1353 Χεροαβικὸν
1028 1268 1157 1353 θρόνον

116 1373 196 1455 ετής
217 1369 378 1455 θεότητος
399 1366 687 1451 έξαστράπτοοσα·
710 1377 804 1449 χαῖρε
825 1373 1074 1451 κεχαριτωμένη,
1099 1366 1156 1433 κό-

139 1470 215 1533 κλον
244 1467 360 1548 έχοντα
391 1460 539 1548 οὐρανοῦ,
573 1472 627 1530 καὶ
649 1463 730 1531 θεὸν
759 1460 934 1551 ἀχώρητον,
971 1464 1005 1529 έν
1034 1467 1090 1530 σοὶ
1119 1464 1156 1532 δέ

137 1564 282 1651 χωρητόν
305 1563 360 1629 καὶ
382 1556 651 1646 ἄστενοχιόρητον.
697 1571 792 1646 χαῖρε
813 1569 1052 1646 κεχαριτωμένη
1077 1585 1156 1629 στυ-

141 1662 267 1746 λοειόής
294 1661 428 1748 νεφέλη,
462 1658 480 1745 ή
503 1658 663 1726 τὸνθεόν
691 1661 810 1741 έχουσα
838 1659 894 1725 τὸν
923 1659 956 1726 έν
980 1662 1018 1746 τῇ
1043 1660 1154 1747 ἐρήμῳ

139 1760 196 1825 τόν
224 1758 302 1824 λαόν
329 1755 611 1844 καθοδηγήοαντα.
654 1763 687 1823 τέ
710 1758 814 1839 εἴποις
851 1760 905 1822 καὶ
937 1764 970 1822 τί
998 1757 1155 1845 λαλήσω,·

102 1879 127 1925 1ο
139 1861 212 1936 πῶς
232 1863 403 1942 μακαρίσω
434 1855 493 1942 τήν
521 1853 689 1940 όλόρριζον
712 1855 829 1937 δόξαν,·
868 1851 920 1919 ότι
946 1859 1046 1939 χωρὶς
1070 1860 1156 1923 θεοῦ

139 1953 240 2038 μόνου
262 1953 396 2021 πάντων
418 1949 565 2037 όνωτέρα
588 1948 734 2036 ὑπάρχει.
778 1951 981 2036 καλλιωτέρα
1002 1952 1064 2037 γὰρ
1087 1956 1154 2019 τῶν

140 2058 308 2136 Χερουβὶμ
338 2055 390 2116 καὶ
417 2052 569 2135 Σεραφὶμ
603 2053 657 2115 καὶ
684 2048 794 2136 πάσης
823 2053 978 2133 στρατιᾶς
1005 2059 1156 2138 πέφυκεν

140 2144 321 2236 εἰγγελικής·
369 2146 453 2230 πρὸς
481 2144 518 2235 ἣν
547 2141 686 2229 οόρανοῦ
719 2151 774 2213 καὶ
800 2149 857 2235 γῆς
890 2142 947 2213 οόκ
975 2148 1155 2232 ἐπαρκέσει

137 2248 275 2329 γλῶττα,
298 2244 380 2327 τάχα
402 2246 438 2310 δέ
461 2239 537 2309 οόόὲ·
566 2238 716 2329 όγγέλων.
760 2247 813 2310 καὶ
841 2244 902 2328 γὰρ
933 2241 1026 2311 αὐτοὶ
1052 2243 1154 2330 όμνον

101 2362 128 2409 15
138 2347 190 2410 καλ
215 2337 306 2409 αἶνον
328 2345 380 2408 καὶ
403 2339 499 2428 τιμήν
521 2342 576 2407 καὶ
599 2341 695 2421 δόξαν
718 2343 950 2429 προσήνεγκαν,
982 2339 1051 2409 ἀλλ’
1076 2340 1155 2413 οόόλ

138 2438 224 2506 οό-τω
246 2436 313 2506 κατ’
339 2435 433 2518 ἀξίαν
463 2439 569 2505 εἰπεῖν
598 2439 743 2520 ἴσχυσαν.
787 2441 916 2523 ἔχαιρον
945 2443 982 2507 δέ
1009 2439 1152 2527 ἄγγελοι,

138 2533 182 2616 ὦς
204 2532 299 2603 αότοὶ
319 2537 420 2621 μόνον
442 2536 498 2601 τόν
521 2535 602 2603 θεὸν
625 2537 759 2618 ἔχοντες.
795 2539 880 2622 πρός
895 2536 952 2616 οὓς
968 2535 985 2622 ή
1003 2548 1153 2625 παναγέα

137 2640 307 2720 παρθένος
329 2632 475 2717 ἀνωτέρα
503 2640 645 2719 πέφυκε,
678 2634 735 2700 τόν
764 2633 845 2701 θεόν
872 2636 928 2701 τὸν
959 2636 993 2701 έν
1021 2634 1152 2724 οὐρανῷ

138 2732 192 2801 ἐπὶ
215 2736 272 2819 γης
293 2732 450 2821 κυήσασα,
480 2727 520 2797 ἵν’
545 2730 649 2809 οὕτως
678 2732 793 2818 ἑλκόση
822 2733 977 2814 στρατιὰς
1006 2731 1153 2821 ἀγγέλων

98 2830 192 2898 mai
215 2834 273 2919 γῆς
294 2830 376 2913 μετὰ
398 2826 598 2912 ἀνθρώπιον.
642 2824 721 2914 αὕτη
751 2828 812 2914 γὰρ
842 2827 981 2916 οόρανοῦ
1010 2834 1065 2897 καὶ
1094 2838 1153 2921 γῆς

136 2938 265 3010 μεοῒτις
286 2933 430 3012 πέφυκεν
457 2925 594 3013 ἑνότητα
616 2927 794 3011 ποιήσασα.
846 2918 872 2991 τό
894 2938 1041 3011 μακαρία
1064 2956 1151 3019 παρ·

136 3029 223 3101 θένε,
247 3019 326 3109 ἁγνή
350 3024 535 3107 περιστερὰ,
559 3019 577 3112 ή
601 3019 753 3108 οόράνιος
775 3024 884 3111 νύμφη
897 3032 1026 3111 Μαρία,
1051 3024 1151 3113 οόρα-

136 3120 191 3201 νὸς
218 3120 273 3186 καὶ
301 3120 379 3199 ναός
405 3123 457 3187 καὶ
486 3119 609 3206 θρόνος
637 3124 694 3207 τής
723 3122 897 3207 θεότητος·
941 3120 960 3209 r}
988 3125 1046 3190 τὸν
1077 3127 1151 3208 ἐξα·

136 3218 346 3303 στρόπτοντα
369 3218 402 3285 ἐν
424 3213 552 3304 οὐρανῷ
574 3222 626 3285 καὶ
650 3219 705 3284 ἐπὶ
729 3222 786 3304 γῆς
809 3216 900 3308 ἥλιον
923 3222 1043 3303 ἔχουσα
1064 3232 1151 3311 Χρι-

94 3315 228 3384 κᾶστόν·
263 3312 281 3405 ή
305 3315 447 3404 φωτεινή
471 3317 598 3403 νεφέλη,
627 3316 685 3403 τήν
708 3316 895 3402 πάμφωτον
918 3313 1094 3408 ἀστραπήν
1117 3322 1152 3403 ἐξ

136 3410 274 3498 οὐρανοῦ
296 3418 343 3499 τῴ
366 3412 477 3501 κόσμῳ
499 3411 745 3497 καταλόμφασα
758 3415 921 3498 Χριστόν
952 3413 970 3503 ή
994 3412 1151 3502 οὐράνιος

135 3513 252 3598 νεφέλη
277 3509 293 3599 ή
316 3511 373 3597 τήν
395 3511 532 3599 βροντήν
562 3514 620 3576 τοῦ
649 3506 742 3594 ἁγίου
770 3514 957 3595 πνεύματος
984 3514 1018 3580 έν
1047 3515 1150 3605 ἑαυτῇ

134 3614 357 3695 κρυπτομένην
385 3612 431 3694 τῷ
459 3608 570 3694 κόσμῳ
592 3610 857 3693 καταβιβάσασα,
889 3605 906 3697 ή
935 3610 992 3676 τὸν
1023 3610 1151 3701 ὄμβρον

133 3709 192 3771 τοῦ
215 3700 308 3789 ἁγίου
337 3707 523 3788 πνεύματος
550 3712 589 3795 τῇ
618 3709 709 3797 πόση
732 3711 770 3795 γῇ
800 3708 885 3792 πρὸς
913 3719 1150 3797 καρποφορλαν

93 3810 280 3881 κοπίστεως
302 3803 521 3887 καταρόξασα.

218 3908 326 3985 Χαῖρε
347 3908 583 3989 κεχαριτωμένη
605 3898 624 3992 ή
648 3904 734 3991 πόλη
750 3906 815 3970 τῶν
831 3899 987 3987 οὐρανῶν,
1011 3909 1091 3990 περὶ
1111 3896 1150 3995 ής

134 3994 151 4062 ό
174 3996 346 4084 προφήτης
367 4003 498 4081 κέκραγε
519 4002 619 4084 λέγων
654 4002 746 4068 “ι’όοό
776 3997 793 4087 ή
818 4000 903 4086 πόλη
925 4003 1147 4093 κεκλασμένη,

133 4098 185 4163 καὶ
208 4090 316 4174 οὐδεὶς
338 4094 555 4163 εἰσελεύσεται
577 4092 617 4163 δι’
642 4093 750 4186 αὐτῆς,
780 4094 856 4165 οὐδὲ
879 4096 1093 4181 ἐξελεύσεται,
1118 4102 1149 4171 ελ
