2586 4822
1110 614 1130 677 ‚¹
1145 602 1228 667 ...p
1256 548 1285 633 τ’

686 738 690 745 .
1042 709 1051 723 ·
1079 714 1116 785 ιι·
1130 666 1192 779 ,¹⁵2
1222 686 1255 753 ll!
1278 732 1291 757 a

504 814 741 867 samartanum.
1036 800 1044 819 '
1064 804 1127 867 itt

1168 764 1241 839 *is*

117 986 209 1029 amnas
230 968 302 1035 libri,
324 969 427 1027 lirasm.
449 981 477 1028 ct
491 970 668 1027 llartianaeus
691 970 789 1044 supino
811 986 905 1028 errore
927 988 981 1028 non
1003 972 1054 1029 nisi
1077 952 1149 1029 ara-⁵
1209 960 1212 965 ¹
1246 1018 1249 1025 ,

115 1070 163 1113 aas
187 1062 325 1112 trecentos
346 1057 475 1113 andesisis
496 1064 648 1121 numerant,
677 1072 737 1112 cum
759 1055 847 1129 palam
869 1056 905 1112 sit
926 1074 959 1113 ax
981 1056 1093 1114 historia
1115 1075 1130 1115 a
1206 1056 1217 1075 ⁸

106 1138 275 1205 ΙΕιΙιιιιιιιιιιι,
308 1140 382 1198 ursle
407 1141 566 1199 numerandi
593 1140 699 1197 initium
728 1140 773 1198 liic
798 1140 928 1205 sumitur.
966 1141 1000 1198 ael
1026 1142 1130 1199 Novum

107 1240 202 1300 'nque
216 1224 430 1291 Testamentum,
454 1237 481 1283 et
497 1226 622 1282 lacobum
638 1226 748 1282 lratrem
764 1224 869 1282 Domini
885 1226 1042 1300 plusquam
1057 1227 1129 1285 mille

108 1318 141 1369 et
161 1319 274 1369 centurn
296 1327 383 1368 annos
403 1311 601 1368 intercessisse.
624 1310 717 1368 llll..
809 1312 855 1369 16.
877 1310 930 1366 lac.
945 1314 975 1377 3,
991 1314 1020 1371 8.
1036 1315 1065 1371 9.

110 1396 163 1455 22.
187 1396 237 1471 Ep.
261 1396 294 1452 ael
317 1396 379 1451 (lor.
407 1399 431 1460 1,
453 1398 499 1460 11,
517 1399 544 1453 7.

115 1502 129 1519 ··
199 1484 250 1546 8⁴,
272 1485 296 1537 1.
318 1480 460 1555 imaginem
478 1480 636 1537 conditoris.
667 1479 795 1537 Nonnulli
815 1480 930 1536 animam
953 1496 1014 1537 esso
1033 1480 1131 1556 imagi-

120 1564 187 1639 asm]
215 1564 333 1622 lleerant
359 1566 428 1623 haec
455 1565 482 1623 in
505 1566 563 1621 aliis
592 1564 671 1622 editis
699 1582 730 1621 aa
752 1580 817 1621 mss.
836 1562 932 1630 verba,
961 1582 1032 1640 quae
1059 1567 1131 1623 inter

121 1658 257 1726 utramque
279 1666 371 1707 vocem
393 1652 550 1723 imaginem,
583 1666 652 1723 quae
675 1650 816 1724 repetitur,
840 1651 920 1706 molo
943 1660 1016 1715 sunt,
1043 1668 1130 1727 eaque

123 1742 210 1809 utpote
232 1736 394 1799 necessaria.
417 1745 445 1792 et
466 1752 536 1810 quae
557 1745 680 1792 veterum
701 1734 872 1791 librariorum
894 1736 1034 1791 oscitantia
1053 1736 1130 1793 laeile

127 1820 277 1882 maerim.
310 1836 343 1877 sa
363 1820 539 1877 ambrosiano
561 1819 706 1894 exemplari
728 1818 920 1892 supplevimus.
950 1819 1044 1878 viti.

130 1906 152 1961 l.
170 1916 268 1962 cenam
292 1904 329 1979 et]
352 1905 436 1979 Turpi
464 1922 556 1962 erroro
579 1906 606 1961 in
629 1906 771 1977 hucusque
793 1904 871 1960 editis
900 1913 959 1961 erat
980 1914 1128 1971 certamen,

131 2006 169 2063 pro
189 1998 293 2046 sertam
314 1998 341 2046 et
362 1988 467 2046 duabus
489 1990 601 2055 voculis,
625 1999 656 2047 ut
678 1989 865 2062 castigavimus
881 2006 896 2047 e
911 2006 976 2047 mss.
999 1990 1094 2047 vuit.

135 2076 171 2131 15.
191 2075 281 2131 loann.
303 2078 327 2140 1,
346 2076 373 2136 3.
392 2076 419 2132 2.
526 2078 571 2133 16.
595 2085 622 2131 et
644 2075 779 2131 nescimus
802 2074 895 2147 quales
918 2075 1001 2131 laturi
1023 2075 1128 2149 sumtis]

133 2158 200 2215 lntea
222 2167 281 2217 erat
303 2176 363 2215 cum
386 2159 497 2233 Vulgata
521 2160 628 2232 quidem
653 2169 680 2216 et
703 2160 804 2216 Gracco
835 2168 925 2224 textu,
959 2168 985 2216 ct
1005 2164 1129 2217 nondam

134 2253 235 2315 opparet
257 2246 332 2317 guod
353 2245 464 2299 erimus.
503 2245 555 2300 Seri
578 2263 643 2301 mss.
658 2243 827 2301 Ambrosiam
842 2244 924 2301 Vatic.
941 2244 1127 2311 Cistorciense,

135 2326 212 2401 alique
234 2345 296 2385 cum
318 2330 401 2385 veteri
424 2329 541 2386 editione
570 2340 602 2387 ut
629 2330 775 2395 saluimum
809 2331 916 2403 saepius
945 2340 1034 2387 alitem
1062 2331 1128 2388 loeis

136 2410 292 2489 sSeriptura
313 2414 403 2489 petitis
427 2414 513 2471 utitur
535 2415 700 2489 Epiphanius
722 2416 749 2470 in
771 2415 821 2471 lrac
844 2415 966 2488 epistola.
1000 2416 1045 2491 qui
1067 2433 1129 2471 curn

136 2492 254 2555 hodiernis
277 2498 474 2573 exemplaribus
503 2500 573 2555 ΙιιιιιιΙ
603 2500 668 2556 satis
691 2500 862 2557 conveniunt.
892 2499 986 2556 uiti.
1078 2502 1127 2558 20.

137 2576 220 2654 lpad
243 2584 395 2649 Cor-M,
416 2587 462 2643 18.
579 2586 629 2643 29.
653 2583 746 2640 llattlr.
765 2587 792 2648 5,
811 2586 839 2642 8.
947 2585 996 2643 32.
1024 2585 1073 2659 lip.
1096 2585 1129 2641 ad

139 2660 223 2734 lant.
244 2672 291 2734 10,
309 2674 338 2727 9.
358 2673 404 2727 to.

202 2756 249 2819 85,
270 2756 296 2811 5.
320 2754 461 2812 Praeterea
484 2752 581 2826 assiliri}
603 2752 705 2809 Vitiosa
720 2752 897 2808 liartianaeos
918 2770 978 2809 cum
993 2753 1051 2808 aliis
1066 2754 1129 2826 qui-

138 2827 227 2895 iustam
250 2839 339 2903 editis,
362 2839 515 2896 Praetem
536 2840 611 2912 guoti
632 2839 743 2904 audiei;
768 2838 819 2895 nisi
835 2838 904 2894 lorto
926 2837 1068 2912 legentium
1085 2840 1129 2896 hic

139 2928 174 2985 sat,
193 2923 350 2980 Praetereo.
380 2924 473 2981 Vtut.
591 2926 636 2981 15.
660 2923 784 2978 vidissem
807 2932 834 2978 et
856 2922 1005 2979 detestatus
1028 2923 1128 2997 essem}

138 2998 202 3063 lsrba
223 3018 249 3065 st
271 3010 421 3065 detestatus
444 3026 539 3074 essem,
562 3025 631 3082 qrrae
653 3009 727 3082 prius
740 3008 861 3072 riserant,
884 3024 915 3063 ex
931 3007 1032 3080 probae
1047 3019 1128 3065 notae

137 3100 183 3148 uss.
203 3093 367 3151 suffecimus.
399 3094 492 3150 vum.
607 3095 656 3151 25.
680 3090 849 3166 presbytero]
878 3091 981 3164 Vulgari
1011 3092 1128 3165 plurium

136 3186 238 3245 tenero,
257 3181 446 3252 presbyteros,
480 3188 507 3234 et
528 3195 589 3234 mor
612 3196 631 3233 a
653 3179 742 3234 latore
770 3194 820 3250 pro
842 3177 953 3233 lectore.
997 3177 1129 3234 Probabi-

136 3252 174 3316 lior
190 3264 268 3321 nobis
291 3273 319 3320 ct
339 3264 492 3338 germanior
514 3264 567 3318 risa
591 3273 633 3319 est
655 3280 720 3318 nrss.
742 3262 864 3318 coelicum
887 3262 977 3318 lectio.
1001 3262 1095 3319 vitu.

137 3340 172 3401 ll.
191 3348 272 3406 ilatio.
296 3350 339 3405 cui
361 3357 438 3405 retus
461 3348 542 3405 editio
565 3349 691 3412 concinit,
725 3354 753 3401 ut
774 3348 991 3418 scrupulositate
1012 3357 1128 3413 remota,

137 3440 190 3499 ttae
210 3435 296 3506 &aaa
319 3442 359 3489 est
381 3433 445 3507 (leg.
468 3441 545 3503 sant)
575 3433 703 3488 Ecclesia
727 3430 843 3495 Cltristi,
873 3440 898 3487 et
918 3434 1047 3505 populis,
1081 3434 1129 3504 qui

137 3512 173 3571 att
190 3519 288 3575 crediti
309 3527 387 3583 suat,
416 3520 567 3573 intumetar
594 3518 659 3591 (leg.
683 3518 837 3586 intueatur)
865 3525 912 3572 aut
940 3518 1004 3592 quid
1032 3518 1127 3574 simile.

137 3596 285 3660 inlrosiam
308 3620 372 3659 aero
394 3603 558 3668 rectissime,
587 3602 690 3659 habere
717 3603 934 3658 sollicitudinem
962 3611 987 3658 et
1009 3620 1129 3675 serupu-

138 3678 253 3743 lositatem
280 3704 353 3760 qaae
381 3689 466 3760 digna
494 3696 534 3743 cst
561 3686 691 3743 Ecclesia
720 3685 836 3751 Christi,
867 3694 892 3741 st
918 3689 1045 3760 populis,
1074 3697 1127 3744 etc.

93 3772 96 3839 j
139 3762 178 3823 iul
195 3772 220 3827 in
241 3782 315 3829 tanta
344 3773 534 3846 crcnrplurium
563 3773 690 3828 varietate
718 3773 875 3845 impressam
905 3771 1048 3828 lectionem
1076 3772 1128 3827 im-

93 3842 107 3899 ¹·
141 3862 222 3912 nutare
240 3874 297 3914 non
319 3857 429 3931 placuit.
452 3857 545 3913 11111..

205 3941 250 4005 ts,
268 3943 296 4007 2,
320 3942 512 3998 Salutationem
537 3943 605 3999 hanc
629 3941 750 4015 plerique
773 3959 837 3997 mss.
861 3948 942 4014 atque
965 3940 1028 3996 editi
1049 3949 1129 3995 vetu-

146 4016 220 4162 lviiii?
244 4026 305 4083 libri
332 4043 387 4083 non
416 4026 524 4084 habent.
586 4026 635 4082 Alii
663 4028 761 4082 volcas
790 4025 892 4083 habent
920 4043 969 4100 pro
998 4026 1127 4080 ualeatis.

521 4192 723 4204 —-—
