2586 4822
438 856 546 907 tensto
565 858 706 916 tttttQttt.
869 898 872 903 Δ
1017 842 1073 903 ΠΙ

54 1019 128 1075 stat,
156 1019 184 1065 et
205 1010 324 1082 hydriae
344 1012 546 1085 indeficientem
591 1013 700 1086 quident
727 1012 856 1086 proseebat
878 1012 998 1071 viduant,
1027 1010 1076 1066 sen

54 1114 91 1151 er
111 1088 440 1168 pawostmo'eaoutsm
456 1099 545 1169 lcrpi-
589 1097 732 1153 occasione
756 1097 893 1169 petitionis
912 1096 1001 1158 buius,
1026 1094 1077 1151 be·

54 1189 111 1235 tur.
141 1179 218 1235 Petis
240 1183 334 1253 itaque
358 1184 386 1238 iri
399 1184 544 1255 principio
589 1181 750 1238 nedictiouis
772 1181 937 1255 opulentiam
953 1197 1077 1236 commo-

55 1266 195 1338 epistolae
210 1273 284 1327 tuce,
306 1267 492 1329 honorabilia,
510 1270 544 1322 de
587 1266 681 1323 dabat:
710 1268 748 1321 sie
770 1275 796 1321 et
820 1275 865 1321 tua
889 1264 1076 1322 venerabilitas

55 1350 201 1422 lapidibus
225 1352 254 1405 in
278 1351 423 1407 Rationuli
444 1369 543 1424 snper·
588 1371 600 1407 a
624 1351 754 1425 parvitate
774 1351 1100 1423 nostraqutttan11›0-t

55 1434 210 1489 benetalis
225 1438 379 1491 sucerdotis
394 1455 480 1510 super
492 1455 542 1509 pe·
586 1437 699 1501 stulans,
724 1435 788 1491 clare
811 1436 904 1509 uragis,
929 1453 1009 1508 quarn
1028 1452 1077 1490 uc-

29 1528 116 1580 setus
132 1519 229 1574 Aaron
252 1521 395 1593 dispositis
411 1532 436 1577 et
452 1524 542 1577 iuuer-
587 1524 678 1595 cipere
715 1520 918 1593 coruprobatur.
967 1520 1076 1593 Conpe-

57 1606 101 1667 tia,
125 1614 150 1659 et
165 1621 261 1659 eorum
276 1614 301 1660 et
316 1609 439 1670 aomina,
457 1617 481 1662 et
497 1625 543 1661 co·
588 1617 664 1663 rante
688 1623 804 1680 uanique
828 1615 871 1662 tua
890 1605 989 1678 iugiter
1003 1605 1075 1677 apud

57 1691 146 1753 lorea,
176 1698 202 1745 ct
223 1692 345 1762 species,
369 1701 394 1746 et
416 1694 494 1755 loco,
518 1701 542 1747 et
587 1691 877 1765 [leuiusupplicatioue
887 1707 998 1763 capsace
1012 1691 1076 1764 qui-

57 1776 94 1829 cd
114 1776 247 1847 pietatem
269 1777 398 1832 ducentes
418 1779 542 1849 ipsorum
586 1777 646 1833 (lein
677 1777 729 1831 olei
759 1775 915 1832 intleltcieus
939 1792 970 1830 eu
992 1782 1114 1847 parrotll

58 1861 183 1931 lapidum
216 1863 477 1933 contemplationes,
517 1870 542 1917 et
587 1860 777 1935 praestabitur.
810 1861 924 1933 llytlriae
948 1877 1010 1914 sero
1034 1860 1074 1913 la-

58 1947 246 2016 sausqutspue
275 1947 349 2018 lupis
377 1964 431 2018 pro
465 1949 543 2018 quali
586 1948 660 2003 rinae
682 1947 715 2001 tle
739 1947 836 2017 exiguo
860 1962 939 2016 snpra
964 1944 1072 1999 nrotlutu

59 2031 133 2083 trabat
154 2032 301 2085 ordinatiss
323 2040 392 2095 erat,
420 2040 444 2085 et
467 2034 541 2085 unde
585 2032 716 2105 largitatis
736 2031 812 2103 copia
828 2030 994 2085 conderetur.
1018 2030 1074 2084 l'o·

59 2114 184 2169 intentus
200 2124 249 2179 eat,
273 2125 297 2170 et
313 2132 348 2170 cn
363 2132 417 2187 quc
431 2118 539 2188 patrio.
563 2118 695 2190 .p0scisti
718 2117 800 2189 igitur
823 2117 848 2170 in
872 2116 1006 2188 principio
1025 2131 1074 2188 per

60 2198 101 2261 Bt,
123 2202 205 2255 sicuti
226 2202 303 2264 dici,
329 2203 409 2256 uobis
433 2203 542 2272 quidem
586 2201 727 2275 epistolant
745 2212 826 2261 tuam,
851 2199 1018 2263 venerabilis,
1040 2199 1073 2255 tle
1087 2206 1113 2256 lb

60 2283 156 2339 borum
171 2302 262 2340 rerum
277 2287 397 2356 difficilis
415 2288 469 2357 [uit
485 2304 542 2341 ont·
585 2286 728 2360 lapidibus,
753 2286 797 2358 qui
819 2286 844 2339 iu
861 2285 1074 2358 superhumera-

62 2372 134 2432 nirto,
153 2372 226 2425 rclut
242 2372 286 2425 illi
301 2372 412 2436 uiduae,
425 2382 543 2445 propter
585 2373 618 2427 lis
634 2370 764 2427 Rationali
781 2370 925 2442 pontilicis,
944 2379 1007 2424 tune
1023 2387 1074 2424 su-

61 2464 258 2526 paupertotem,
277 2457 416 2519 niventia:
439 2459 489 2512 red
502 2460 542 2512 ei·
586 2474 636 2531 per
658 2465 754 2530 pectus
770 2458 857 2510 Aaron
878 2456 977 2526 apponi
993 2471 1074 2526 prae·

64 2549 104 2592 cut
125 2541 167 2595 illi
185 2558 238 2613 per
256 2542 473 2597 beatedictionenr
488 2544 540 2596 mi·
584 2543 655 2615 cepti
679 2549 758 2604 suut,
784 2550 813 2594 ut
836 2540 943 2594 rrorrrina
967 2555 1071 2600 eorunt,

63 2626 181 2679 recolunt
206 2627 334 2696 condpit,
364 2636 387 2681 et
411 2626 539 2683 Samari-
583 2636 611 2682 et
633 2626 749 2685 colores,
774 2635 800 2680 ct
824 2624 937 2696 species,
966 2629 1112 2681 necnonbll

65 2717 150 2773 tarne,
168 2728 222 2783 pro
244 2728 322 2782 aquo
344 2713 471 2767 sensibili
482 2711 539 2766 Du·
584 2720 611 2767 et
638 2711 712 2773 loca,
743 2726 791 2764 seu
816 2707 1072 2779 contemplationes,

67 2796 127 2848 nitri
155 2797 312 2865 mysterium
338 2797 536 2852 cunctabatur:
582 2813 648 2870 quas
671 2794 704 2849 atl
727 2794 845 2848 tliriuutu
872 2792 974 2847 culttun
999 2794 1073 2848 rele-

66 2879 102 2931 sic
122 2888 144 2933 et
164 2882 252 2941 nobis,
277 2881 385 2950 eripuis
417 2883 537 2936 extuntt'·
582 2890 651 2943 rant,
669 2878 822 2952 singulique
838 2877 940 2950 lapitles
957 2895 1006 2950 pro
1019 2894 1072 2951 qua

69 2963 124 3023 tsi,
149 2967 196 3019 sed
222 2982 295 3020 noco
323 2965 480 3031 intellectu,
514 2974 539 3020 ct
584 2964 656 3022 tribu
683 2964 816 3036 itupostti,
850 2960 891 3018 rel
925 2962 996 3017 uncle
1027 2980 1073 3017 ru-

67 3064 130 3103 rore
150 3052 319 3121 repetitione,
346 3059 372 3105 et
395 3069 468 3106 noua
491 3069 539 3105 rc·
584 3050 668 3124 perti,
698 3048 739 3104 vel
770 3065 800 3103 et
823 3066 876 3120 qua
899 3048 983 3121 patria
1006 3054 1112 3120 pro-25

67 3133 131 3187 tione
150 3137 325 3191 abundantia
354 3137 476 3208 undique
499 3136 539 3206 ef·
583 3134 692 3199 nentur,
707 3150 847 3207 exponant.
870 3133 903 3188 Et
919 3132 1073 3205 nobisqui-

65 3216 194 3286 tertiaeet,
218 3223 303 3276 ueluti
319 3237 354 3275 ec
369 3238 472 3291 mappa
487 3222 539 3275 irn-
583 3221 652 3283 tletn,
677 3219 821 3275 uretuorari
846 3228 971 3290 tanquanr
988 3235 1069 3290 prae-

67 3303 145 3359 briun
165 3307 301 3376 effusione
316 3323 370 3377 per
385 3307 540 3361 orationem
584 3307 653 3361 latae
676 3304 786 3367 viduae,
816 3313 929 3376 propter
955 3304 1071 3375 iuopiarn

44 3385 176 3445 tdlineet
192 3393 313 3446 aliarum
326 3390 538 3462 prophetarum,
583 3390 698 3446 difficilis
732 3399 789 3444 erat
827 3389 923 3442 lrorutn
958 3405 1071 3460 prorsus

66 3488 169 3543 warum
184 3485 210 3530 et
223 3477 308 3549 plius,
332 3484 358 3530 et
373 3477 538 3548 discipulos,
582 3476 711 3531 inventio.
750 3474 846 3528 l'erurn
869 3474 939 3527 sieut
963 3472 998 3528 illi
1022 3478 1110 3544 per3tt

65 3566 86 3610 et
105 3575 244 3615 successor
266 3561 366 3615 existis
386 3560 539 3616 bonoradi-
582 3560 799 3616 benedictionem
823 3558 941 3613 ruiratula
964 3575 1008 3613 res
1024 3575 1071 3613 ac-

63 3643 100 3705 tis,
113 3646 267 3717 suscipiens
281 3646 539 3717 propinquumt'llis
583 3645 656 3708 cidit,
681 3655 708 3700 et
724 3644 905 3700 Samaritanae
928 3659 977 3715 pro
1002 3660 1070 3716 atpua

60 3725 432 3801 tuncprottamattomoro,
449 3740 473 3785 et
490 3748 540 3785 rto·
583 3729 705 3787 sensibili
739 3729 928 3803 rnysteriorunt
964 3727 1070 3783 llornini

59 3814 95 3869 lit
113 3832 167 3887 per
187 3816 345 3870 orationem
360 3816 531 3871 adtribuens.
582 3832 680 3872 munus
697 3824 852 3870 ostcustuu:
876 3813 914 3868 sic
932 3812 1010 3868 nobis
1027 3812 1070 3866 ui-

57 3903 101 3954 uis
123 3900 270 3974 sapientia,
301 3908 382 3974 atque
405 3900 533 3962 scientio,
564 3911 590 3956 et
613 3916 739 3956 sermone
762 3898 927 3970 destitutis‘)
950 3898 1108 3971 undique35

134 4042 156 4089 ct
182 4032 207 4080 ln
227 4032 287 4081 Cotl.
306 4032 355 4081 l'at.
374 4031 459 4095 tegitur
483 4036 633 4094 constitutus,
661 4033 702 4081 sed
728 4033 853 4081 manifesto
873 4031 960 4080 librarii
980 4045 1069 4078 errore.

50 4101 115 4163 lputl
129 4101 269 4150 facitodum
289 4101 408 4150 sententia
427 4101 496 4150 aliter
513 4103 630 4165 procedit,
649 4102 692 4150 sed
703 4102 828 4150 Facundus
843 4099 990 4149 versionibus
1007 4099 1069 4146 baud

47 4170 146 4219 multum
165 4168 293 4232 diligenter
310 4168 381 4218 laclia
398 4178 436 4219 eet
453 4184 521 4220 utut.
