2586 4822
149 739 190 803 32
603 753 717 804 aerarii

148 919 247 973 umen,
271 909 293 965 si
316 925 408 964 verum
431 907 497 964 illud
520 919 570 973 est,
594 919 704 980 oportet
726 909 818 966 luisse.
849 909 907 964 Nou
923 910 1045 965 melioris
1059 919 1159 965 ostno-

148 1004 200 1061 tae,
225 994 297 1069 quod
319 994 505 1057 tsraetnicam,
530 994 582 1049 hoc
606 1004 647 1050 est
672 997 708 1051 to
732 993 862 1050 Tribuum
885 994 1083 1066 captivitatem,
1105 1010 1160 1050 curo

148 1080 232 1156 altera
260 1078 415 1143 confundit,
445 1096 514 1152 quae
543 1078 594 1134 sub
617 1078 811 1135 Nabuchodon.
835 1079 958 1151 contigit.
1004 1079 1075 1148 Quid
1096 1080 1161 1135 enim

148 1165 219 1222 aliud
241 1166 329 1222 lacere
351 1165 439 1236 potuit
462 1163 507 1239 qui
523 1163 717 1219 Nabuchodou.
742 1164 857 1221 ouudem
881 1180 943 1220 curn
966 1164 1162 1221 salmanasaro

59 1257 60 1261 ’
148 1246 346 1309 constituerat?

357 1399 399 1456 hl)
425 1399 590 1458 lltlEllESlb'
612 1400 644 1455 lh
667 1400 963 1457 subsultahouttt.

236 1506 274 1562 24
291 1521 315 1559 a.
346 1503 481 1558 Hactenus
498 1502 593 1558 Sectae
616 1503 685 1567 illae,
710 1521 779 1578 quae
802 1504 841 1559 vel
858 1513 920 1559 ante
935 1503 1106 1577 Scripturam
1121 1519 1165 1560 ea-

149 1591 261 1647 titeruut
285 1588 326 1644 rel
343 1587 487 1645 Gentilium
509 1587 586 1644 luere
608 1589 742 1661 propriae.
773 1589 932 1661 Sequuntur
954 1606 1012 1653 eae,
1038 1606 1108 1662 quae
1123 1598 1166 1644 ut·

149 1692 257 1748 cunque
280 1673 433 1746 Scripturas
462 1682 626 1746 usurpantes
654 1673 848 1747 multiplicibus
871 1691 931 1729 sose
954 1673 1096 1729 erroribus
1118 1674 1166 1728 iui-

150 1760 293 1834 plicarunt.
334 1759 451 1828 Quarum
475 1758 528 1814 duo
552 1759 637 1831 capita
660 1768 733 1823 sunt,
757 1758 903 1814 Samaritae
926 1775 957 1814 ac
979 1759 1081 1814 ludaei.
1120 1759 1167 1814 Sa·

150 1846 342 1901 maritauorum
366 1834 439 1898 καθ’
455 1835 664 1916 ὑποδιαίρεσιν
686 1844 814 1898 factiones
830 1853 894 1899 sum
910 1847 938 1904 4.
963 1843 1124 1900 ludaeorum
1140 1847 1166 1899 l.

150 1930 309 1987 Samaritani
331 1938 396 1984 sunt
418 1928 526 1991 Esseni,
551 1928 697 1989 Gortheni,
723 1928 853 1990 Sebuaei,
878 1927 1009 1984 Dosithei.
1056 1929 1168 1985 ludaeo-

150 2032 225 2078 rum,
250 2014 393 2076 Saducaei,
418 2012 542 2075 Scribae,
567 2013 718 2076 Pharisaei,
743 2012 1009 2085 immerobaptistae,
1034 2013 1166 2075 hamno.

151 2100 256 2163 Osseni,
280 2096 433 2153 llerodiaui.
464 2096 535 2152 llaec
551 2096 731 2170 Epiphanius:
756 2099 811 2171 qui,
834 2107 865 2153 ut
886 2097 950 2153 alias
974 2115 1067 2172 saepe,
1090 2100 1130 2155 sic
1143 2099 1167 2154 in

150 2185 247 2240 barum
270 2192 405 2239 sectarum
427 2182 572 2254 partitione
601 2199 632 2237 ae
660 2183 841 2255 descriptione
875 2199 991 2256 aequum
1023 2185 1110 2256 inagis
1140 2199 1169 2237 ac

151 2267 298 2341 benignum
328 2283 408 2342 quatu
436 2276 590 2322 accuratum
621 2277 648 2322 et
670 2285 793 2323 severum
816 2268 945 2323 lectorem
969 2268 1063 2340 exigit.
1106 2269 1169 2325 ru»

151 2352 235 2409 multa
264 2352 335 2409 euim
363 2352 423 2408 istic
445 2351 526 2414 lalsa,
555 2352 719 2427 minimeque
741 2353 914 2408 cohaerentia
936 2352 1073 2426 disputat:
1103 2368 1168 2428 quac

110 2441 202 2494 thoos
224 2437 373 2494 invitissimi
394 2454 468 2502 saue,
493 2454 541 2509 pro
566 2454 598 2492 oo
620 2454 651 2493 ac
673 2438 834 2493 sanctissimi
856 2438 904 2493 riri
926 2438 1056 2509 pietatem
1080 2438 1168 2494 erudi-

151 2524 308 2597 tionemque
330 2539 498 2586 veneramur,
522 2522 568 2577 sed
585 2522 737 2578 necessario
753 2531 842 2578 tamen
858 2538 963 2583 eruere,
988 2540 1018 2577 ae
1036 2541 1072 2579 rie
1087 2522 1168 2579 haudi

151 2610 276 2682 cuiquam
299 2609 353 2664 sint
375 2608 507 2681 castigarc
530 2606 681 2663 debuimus.
722 2606 892 2681 Hegesippus
915 2624 997 2679 porro
1020 2608 1094 2681 apud
1118 2608 1169 2663 Eu·

152 2694 256 2751 sebium
283 2694 376 2757 5,22.
408 2693 568 2748 ludaeorum
591 2701 679 2747 sectas
701 2709 875 2764 perpensans,
899 2691 1085 2749 Samaritanos
1103 2694 1170 2749 inter

152 2780 210 2837 illas
233 2779 335 2834 retulit.
380 2778 450 2833 Sunt
472 2787 561 2833 autem
584 2777 666 2832 istae:
693 2776 793 2840 Essaei,
818 2776 936 2840 Galilaei,
959 2776 1171 2851 lleiuerobapti·

83 2864 87 2871 '
153 2875 220 2928 atae,
244 2862 419 2926 blasbothaei,
443 2863 599 2924 Samaritae,
624 2861 782 2926 Sadducaei,
806 2861 951 2917 Pharisaei.

239 2949 277 3005 24
294 2965 318 3003 a.
348 2937 564 3023 ἕρμηνεύονται
589 2940 621 3002 δὲ
638 2942 844 3022 Σαμαρεῖται]
867 2946 925 3002 Non
949 2946 1028 3001 unius
1053 2946 1172 3020 Epipha-

153 3033 190 3088 uii
219 3042 261 3088 est
289 3032 375 3087 otiosa
409 3031 453 3086 illa
481 3048 511 3087 ac
539 3031 618 3087 uinus
641 3041 736 3104 arguta
759 3032 831 3087 vocis
854 3031 1053 3103 interpretatio.
1102 3033 1173 3088 Pane

153 3134 248 3173 ornares
271 3116 375 3189 antiqui
397 3123 450 3171 tam
473 3116 567 3171 Graeci
595 3133 675 3190 quatu
699 3116 784 3171 Latini
807 3133 865 3171 eam
888 3115 1001 3188 amplexi
1024 3127 1107 3181 suut,
1142 3131 1172 3172 ac

101 3254 107 3266 ,
153 3200 278 3256 mirificas
300 3217 332 3256 ex
354 3217 385 3256 ea
409 3204 557 3256 sententias
582 3200 776 3272 procuderuut.
807 3200 860 3257 Sed
877 3199 1029 3257 accuratior
1044 3200 1171 3258 omnibus

153 3285 319 3358 Epiphanius
342 3294 450 3342 noster:
479 3285 525 3358 qui
547 3285 583 3340 ita
606 3302 777 3341 communem
800 3285 870 3342 illam
893 3285 998 3345 attulit.
1028 3295 1060 3341 ut
1084 3288 1173 3343 aerio-

154 3387 211 3426 rem
232 3387 264 3426 ac
285 3386 438 3442 germanam
463 3387 517 3425 uon
539 3371 708 3443 praeteriret,
732 3380 866 3443 quaeest
891 3373 918 3428 3.
935 3369 1000 3441 lleg.
1029 3373 1078 3435 16,
1097 3373 1148 3430 24.

240 3456 279 3512 24
295 3454 322 3510 h.
359 3448 414 3528 τὴν
441 3456 495 3511 νῦν
515 3446 668 3510 Ἰουδαίαν
693 3448 712 3529 ἢ
737 3447 928 3531 Σαμάρειαν]
967 3455 1174 3528 Saepenumero

154 3540 207 3597 boc
233 3540 353 3599 inculcat
374 3539 465 3604 Chaon,
496 3539 523 3595 in
551 3539 641 3595 fratris
663 3541 719 3595 suis
742 3540 943 3612 possessionem
966 3540 1113 3606 invasisse,
1143 3556 1176 3598 ac

154 3625 276 3680 ludaeam
300 3641 464 3698 occupasse3
489 3624 566 3680 cuius
587 3641 659 3697 pars,
683 3625 764 3681 latius
786 3624 881 3681 dillusa
903 3623 1025 3681 vocabuli
1048 3626 1175 3689 notione,

155 3710 273 3767 Samaria
294 3709 354 3766 luit.

240 3796 278 3853 24
296 3813 319 3855 c.
351 3786 383 3850 i'x
404 3811 435 3850 τε
456 3794 513 3850 τοῦ
533 3784 698 3869 φυλάττειν
720 3787 775 3868 τὴν
795 3793 864 3869 γῆν]
887 3793 992 3849 Primus
1015 3793 1069 3850 hoc
1085 3794 1178 3853 Euse-

154 3879 217 3938 bius
237 3880 265 3936 in
288 3879 428 3936 chronicis
449 3878 572 3951 scripsit;
601 3895 616 3934 a
639 3896 693 3952 quo
716 3886 856 3934 mutuatus
878 3887 921 3934 est
942 3877 1128 3952 Epiphaniam
1151 3881 1180 3937 si

155 3966 222 4024 liaeo
238 3975 333 4022 tamen
348 3961 467 4028 Eusebii,
490 3979 546 4018 uon
561 3962 716 4036 llierouyuii
738 3973 810 4026 sunt,
835 3963 881 4037 qui
903 3963 929 4018 iu
947 3963 1101 4021 istiusmodi
1118 3967 1180 4022 ori-

154 4051 217 4123 gine
238 4048 441 4125 saepiuslusit.
481 4046 549 4104 lluio
571 4047 736 4123 Epiphanius
758 4065 813 4104 non
835 4048 923 4104 bellae
945 4048 1063 4105 nominis
1086 4050 1181 4109 intor-
