<?xml version="1.0" encoding="UTF-8"?>
<!DOCTYPE html PUBLIC "-//W3C//DTD XHTML 1.0 Transitional//EN"
    "http://www.w3.org/TR/xhtml1/DTD/xhtml1-transitional.dtd">
<html xmlns="http://www.w3.org/1999/xhtml" xml:lang="en" lang="en">
 <head>
  <title>
</title>
<meta http-equiv="Content-Type" content="text/html;charset=utf-8" />
  <meta name='ocr-system' content='tesseract 3.04.00' />
  <meta name='ocr-capabilities' content='ocr_page ocr_carea ocr_par ocr_line ocrx_word'/>
</head>
<body>
  <div class='ocr_page' id='page_1' title='image "./opera02dindgoog_0222.png"; bbox 0 0 2586 4822; ppageno 0'>
   <div class='ocr_carea' id='block_1_1' title="bbox 487 836 1132 903">
    <p class='ocr_par' dir='ltr' id='par_1_1' title="bbox 487 836 1132 903">
     <span class='ocr_line' id='line_1_1' title="bbox 487 836 1132 903; baseline 0.008 -10"><span class='ocrx_word' id='word_1_1' title='bbox 487 844 595 894; x_wconf 81' lang='lat' dir='ltr'>tansto</span> <span class='ocrx_word' id='word_1_2' title='bbox 614 843 754 903; x_wconf 78' lang='lat' dir='ltr'>anatona.</span> <span class='ocrx_word' id='word_1_3' title='bbox 1072 836 1132 900; x_wconf 82' lang='lat'>193</span> 
     </span>
    </p>
   </div>
   <div class='ocr_carea' id='block_1_2' title="bbox 111 1000 1133 1244">
    <p class='ocr_par' dir='ltr' id='par_1_2' title="bbox 111 1000 1133 1244">
     <span class='ocr_line' id='line_1_2' title="bbox 111 1000 1130 1080; baseline 0.006 -24"><span class='ocrx_word' id='word_1_4' title='bbox 111 1010 143 1056; x_wconf 88' lang='lat' dir='ltr'>nt</span> <span class='ocrx_word' id='word_1_5' title='bbox 157 1004 306 1076; x_wconf 81' lang='lat' dir='ltr'><strong>scriptores</strong></span> <span class='ocrx_word' id='word_1_6' title='bbox 322 1001 403 1075; x_wconf 82' lang='lat' dir='ltr'>aliqui</span> <span class='ocrx_word' id='word_1_7' title='bbox 419 1000 608 1071; x_wconf 81' lang='lat' dir='ltr'>retuleruut&#39;).</span> <span class='ocrx_word' id='word_1_8' title='bbox 632 1000 681 1057; x_wconf 87' lang='lat' dir='ltr'>Est</span> <span class='ocrx_word' id='word_1_9' title='bbox 692 1010 781 1057; x_wconf 91' lang='lat' dir='ltr'>autem</span> <span class='ocrx_word' id='word_1_10' title='bbox 795 1009 822 1057; x_wconf 89' lang='lat' dir='ltr'>et</span> <span class='ocrx_word' id='word_1_11' title='bbox 834 1001 1016 1077; x_wconf 75' lang='lat' dir='ltr'>chrysopasus</span> <span class='ocrx_word' id='word_1_12' title='bbox 1031 1005 1130 1080; x_wconf 68' lang='lat' dir='ltr'>lapis⁴p</span> 
     </span>
     <span class='ocr_line' id='line_1_3' title="bbox 114 1082 1133 1164; baseline 0.007 -24"><span class='ocrx_word' id='word_1_13' title='bbox 114 1082 162 1142; x_wconf 88' lang='lat' dir='ltr'>llic</span> <span class='ocrx_word' id='word_1_14' title='bbox 183 1087 365 1152; x_wconf 81' lang='lat' dir='ltr'>stomachicis,</span> <span class='ocrx_word' id='word_1_15' title='bbox 390 1095 417 1142; x_wconf 87' lang='lat' dir='ltr'>et</span> <span class='ocrx_word' id='word_1_16' title='bbox 439 1086 539 1147; x_wconf 86' lang='lat' dir='ltr'>culicis,</span> <span class='ocrx_word' id='word_1_17' title='bbox 564 1102 670 1141; x_wconf 85' lang='lat' dir='ltr'>necnon</span> <span class='ocrx_word' id='word_1_18' title='bbox 695 1095 722 1141; x_wconf 88' lang='lat' dir='ltr'>et</span> <span class='ocrx_word' id='word_1_19' title='bbox 745 1086 870 1142; x_wconf 77' lang='lat' dir='ltr'>coeliacis</span> <span class='ocrx_word' id='word_1_20' title='bbox 893 1089 983 1153; x_wconf 90' lang='lat' dir='ltr'>tritus,</span> <span class='ocrx_word' id='word_1_21' title='bbox 1017 1099 1042 1145; x_wconf 91' lang='lat' dir='ltr'>et</span> <span class='ocrx_word' id='word_1_22' title='bbox 1067 1108 1133 1164; x_wconf 89' lang='lat' dir='ltr'>epo-</span> 
     </span>
     <span class='ocr_line' id='line_1_4' title="bbox 118 1170 573 1244; baseline 0 -20"><span class='ocrx_word' id='word_1_23' title='bbox 118 1177 161 1226; x_wconf 86' lang='lat' dir='ltr'>tus</span> <span class='ocrx_word' id='word_1_24' title='bbox 182 1172 375 1228; x_wconf 81' lang='lat' dir='ltr'>saluberrimus</span> <span class='ocrx_word' id='word_1_25' title='bbox 398 1170 573 1244; x_wconf 88' lang='lat' dir='ltr'>approbatur.</span> 
     </span>
    </p>
   </div>
   <div class='ocr_carea' id='block_1_3' title="bbox 439 1351 807 1428">
    <p class='ocr_par' dir='ltr' id='par_1_3' title="bbox 439 1351 807 1428">
     <span class='ocr_line' id='line_1_5' title="bbox 439 1351 807 1428; baseline 0.003 -1"><span class='ocrx_word' id='word_1_26' title='bbox 439 1372 481 1428; x_wconf 85' lang='lat' dir='ltr'>oa</span> <span class='ocrx_word' id='word_1_27' title='bbox 504 1372 622 1428; x_wconf 79' lang='lat' dir='ltr'>aaaron</span> <span class='ocrx_word' id='word_1_28' title='bbox 646 1351 807 1428; x_wconf 80' lang='lat' dir='ltr'>anniano.</span> 
     </span>
    </p>
   </div>
   <div class='ocr_carea' id='block_1_4' title="bbox 106 1509 1175 2176">
    <p class='ocr_par' dir='ltr' id='par_1_4' title="bbox 106 1509 1160 1918">
     <span class='ocr_line' id='line_1_6' title="bbox 202 1509 1160 1583; baseline 0.004 -18"><span class='ocrx_word' id='word_1_29' title='bbox 202 1509 352 1583; x_wconf 80' lang='lat' dir='ltr'>Beryllium</span> <span class='ocrx_word' id='word_1_30' title='bbox 375 1509 442 1581; x_wconf 88' lang='lat' dir='ltr'>lapis</span> <span class='ocrx_word' id='word_1_31' title='bbox 465 1509 586 1581; x_wconf 81' lang='lat' dir='ltr'>glaucus,</span> <span class='ocrx_word' id='word_1_32' title='bbox 620 1509 645 1563; x_wconf 80' lang='lat' dir='ltr'>iel</span> <span class='ocrx_word' id='word_1_33' title='bbox 669 1516 710 1562; x_wconf 87' lang='lat' dir='ltr'>cst</span> <span class='ocrx_word' id='word_1_34' title='bbox 733 1509 850 1564; x_wconf 84' lang='lat' dir='ltr'>marinae</span> <span class='ocrx_word' id='word_1_35' title='bbox 875 1511 1007 1568; x_wconf 85' lang='lat' dir='ltr'>tincturae</span> <span class='ocrx_word' id='word_1_36' title='bbox 1029 1514 1160 1580; x_wconf 89' lang='lat' dir='ltr'>similis,5</span> 
     </span>
     <span class='ocr_line' id='line_1_7' title="bbox 106 1590 1132 1672; baseline 0.012 -30"><span class='ocrx_word' id='word_1_37' title='bbox 106 1590 236 1659; x_wconf 63' lang='lat' dir='ltr'>Metuens,</span> <span class='ocrx_word' id='word_1_38' title='bbox 258 1594 413 1666; x_wconf 72' lang='lat' dir='ltr'>amethysti,</span> <span class='ocrx_word' id='word_1_39' title='bbox 437 1603 464 1648; x_wconf 87' lang='lat' dir='ltr'>et</span> <span class='ocrx_word' id='word_1_40' title='bbox 478 1590 642 1666; x_wconf 59' lang='lat' dir='ltr'>pedcrotisl)</span> <span class='ocrx_word' id='word_1_41' title='bbox 662 1592 765 1648; x_wconf 89' lang='lat' dir='ltr'>babens</span> <span class='ocrx_word' id='word_1_42' title='bbox 781 1595 908 1668; x_wconf 86' lang='lat' dir='ltr'>speciem,</span> <span class='ocrx_word' id='word_1_43' title='bbox 933 1605 959 1652; x_wconf 90' lang='lat' dir='ltr'>et</span> <span class='ocrx_word' id='word_1_44' title='bbox 975 1598 1132 1672; x_wconf 79' lang='lat' dir='ltr'>aquationis,</span> 
     </span>
     <span class='ocr_line' id='line_1_8' title="bbox 139 1675 1129 1758; baseline 0.009 -29"><span class='ocrx_word' id='word_1_45' title='bbox 139 1675 210 1733; x_wconf 83' lang='lat' dir='ltr'>idest</span> <span class='ocrx_word' id='word_1_46' title='bbox 227 1678 364 1734; x_wconf 85' lang='lat' dir='ltr'>albidioris</span> <span class='ocrx_word' id='word_1_47' title='bbox 388 1678 534 1751; x_wconf 79' lang='lat' dir='ltr'>hyacinthi.</span> <span class='ocrx_word' id='word_1_48' title='bbox 578 1678 621 1732; x_wconf 82' lang='lat' dir='ltr'>Fit</span> <span class='ocrx_word' id='word_1_49' title='bbox 643 1685 732 1733; x_wconf 89' lang='lat' dir='ltr'>autom</span> <span class='ocrx_word' id='word_1_50' title='bbox 755 1679 788 1734; x_wconf 90' lang='lat' dir='ltr'>ad</span> <span class='ocrx_word' id='word_1_51' title='bbox 812 1680 861 1734; x_wconf 90' lang='lat' dir='ltr'>ima</span> <span class='ocrx_word' id='word_1_52' title='bbox 885 1682 994 1746; x_wconf 91' lang='lat' dir='ltr'>montis,</span> <span class='ocrx_word' id='word_1_53' title='bbox 1019 1685 1064 1758; x_wconf 91' lang='lat' dir='ltr'>qui</span> <span class='ocrx_word' id='word_1_54' title='bbox 1085 1701 1129 1738; x_wconf 81' lang='lat' dir='ltr'>vo-</span> 
     </span>
     <span class='ocr_line' id='line_1_9' title="bbox 140 1762 1133 1836; baseline 0.011 -24"><span class='ocrx_word' id='word_1_55' title='bbox 140 1763 329 1819; x_wconf 80' lang='lat' dir='ltr'>caturlaurus.</span> <span class='ocrx_word' id='word_1_56' title='bbox 374 1763 402 1820; x_wconf 81' lang='lat' dir='ltr'>Si</span> <span class='ocrx_word' id='word_1_57' title='bbox 430 1763 490 1836; x_wconf 83' lang='lat' dir='ltr'>quis</span> <span class='ocrx_word' id='word_1_58' title='bbox 519 1770 609 1818; x_wconf 88' lang='lat' dir='ltr'>nutem</span> <span class='ocrx_word' id='word_1_59' title='bbox 638 1762 754 1817; x_wconf 84' lang='lat' dir='ltr'>voluerit</span> <span class='ocrx_word' id='word_1_60' title='bbox 782 1764 855 1819; x_wconf 90' lang='lat' dir='ltr'>hunc</span> <span class='ocrx_word' id='word_1_61' title='bbox 878 1782 909 1820; x_wconf 83' lang='lat' dir='ltr'>ox</span> <span class='ocrx_word' id='word_1_62' title='bbox 932 1766 1044 1823; x_wconf 85' lang='lat' dir='ltr'>adverso</span> <span class='ocrx_word' id='word_1_63' title='bbox 1067 1768 1133 1823; x_wconf 90' lang='lat' dir='ltr'>solis</span> 
     </span>
     <span class='ocr_line' id='line_1_10' title="bbox 141 1847 1135 1918; baseline 0.006 -16"><span class='ocrx_word' id='word_1_64' title='bbox 141 1859 269 1918; x_wconf 81' lang='lat' dir='ltr'>apponere,</span> <span class='ocrx_word' id='word_1_65' title='bbox 303 1847 425 1912; x_wconf 84' lang='lat' dir='ltr'>videtur,</span> <span class='ocrx_word' id='word_1_66' title='bbox 459 1847 540 1903; x_wconf 79' lang='lat' dir='ltr'>vetuti</span> <span class='ocrx_word' id='word_1_67' title='bbox 568 1848 681 1911; x_wconf 81' lang='lat' dir='ltr'>vitrum,</span> <span class='ocrx_word' id='word_1_68' title='bbox 711 1847 813 1903; x_wconf 90' lang='lat' dir='ltr'>minuta</span> <span class='ocrx_word' id='word_1_69' title='bbox 843 1849 1005 1906; x_wconf 88' lang='lat' dir='ltr'>intrinsecus</span> <span class='ocrx_word' id='word_1_70' title='bbox 1035 1851 1135 1908; x_wconf 88' lang='lat' dir='ltr'>habere</span> 
     </span>
    </p>

    <p class='ocr_par' dir='ltr' id='par_1_5' title="bbox 141 1930 1175 2176">
     <span class='ocr_line' id='line_1_11' title="bbox 141 1930 1175 2005; baseline 0.01 -22"><span class='ocrx_word' id='word_1_71' title='bbox 141 1930 262 1998; x_wconf 86' lang='lat' dir='ltr'>perlucida.</span> <span class='ocrx_word' id='word_1_72' title='bbox 309 1933 365 1987; x_wconf 80' lang='lat' dir='ltr'>ntia</span> <span class='ocrx_word' id='word_1_73' title='bbox 388 1942 478 1988; x_wconf 91' lang='lat' dir='ltr'>autem</span> <span class='ocrx_word' id='word_1_74' title='bbox 501 1931 621 2004; x_wconf 87' lang='lat' dir='ltr'>beryllus</span> <span class='ocrx_word' id='word_1_75' title='bbox 650 1931 759 2005; x_wconf 82' lang='lat' dir='ltr'>pupillis</span> <span class='ocrx_word' id='word_1_76' title='bbox 783 1933 922 1989; x_wconf 90' lang='lat' dir='ltr'>oculorum</span> <span class='ocrx_word' id='word_1_77' title='bbox 947 1935 1071 1992; x_wconf 87' lang='lat' dir='ltr'>draconis</span> <span class='ocrx_word' id='word_1_78' title='bbox 1094 1946 1136 1994; x_wconf 88' lang='lat' dir='ltr'>est</span> <span class='ocrx_word' id='word_1_79' title='bbox 1147 1945 1175 1995; x_wconf 85' lang='lat'>10</span> 
     </span>
     <span class='ocr_line' id='line_1_12' title="bbox 141 2013 1134 2096; baseline 0.015 -33"><span class='ocrx_word' id='word_1_80' title='bbox 141 2013 227 2081; x_wconf 87' lang='lat' dir='ltr'>sinilis;</span> <span class='ocrx_word' id='word_1_81' title='bbox 248 2018 297 2073; x_wconf 93' lang='lat' dir='ltr'>alia</span> <span class='ocrx_word' id='word_1_82' title='bbox 322 2035 417 2074; x_wconf 88' lang='lat' dir='ltr'>rursus</span> <span class='ocrx_word' id='word_1_83' title='bbox 441 2027 482 2072; x_wconf 86' lang='lat' dir='ltr'>est</span> <span class='ocrx_word' id='word_1_84' title='bbox 504 2017 623 2089; x_wconf 89' lang='lat' dir='ltr'>beryllus</span> <span class='ocrx_word' id='word_1_85' title='bbox 646 2016 728 2071; x_wconf 88' lang='lat' dir='ltr'>veluti</span> <span class='ocrx_word' id='word_1_86' title='bbox 751 2018 843 2072; x_wconf 89' lang='lat' dir='ltr'>coralli</span> <span class='ocrx_word' id='word_1_87' title='bbox 853 2020 878 2090; x_wconf 84' lang='lat'>¹¹)</span> <span class='ocrx_word' id='word_1_88' title='bbox 909 2021 1026 2092; x_wconf 83' lang='lat' dir='ltr'>speciem</span> <span class='ocrx_word' id='word_1_89' title='bbox 1049 2023 1134 2096; x_wconf 79' lang='lat' dir='ltr'>magis</span> 
     </span>
     <span class='ocr_line' id='line_1_13' title="bbox 141 2097 1134 2176; baseline 0.015 -28"><span class='ocrx_word' id='word_1_90' title='bbox 141 2097 255 2159; x_wconf 75' lang='lat' dir='ltr'>exhibens.</span> <span class='ocrx_word' id='word_1_91' title='bbox 278 2102 351 2159; x_wconf 89' lang='lat' dir='ltr'>llaec</span> <span class='ocrx_word' id='word_1_92' title='bbox 373 2102 494 2176; x_wconf 86' lang='lat' dir='ltr'>beryllus</span> <span class='ocrx_word' id='word_1_93' title='bbox 514 2103 589 2174; x_wconf 79' lang='lat' dir='ltr'>juata</span> <span class='ocrx_word' id='word_1_94' title='bbox 605 2101 702 2172; x_wconf 87' lang='lat' dir='ltr'>viam&#39;)</span> <span class='ocrx_word' id='word_1_95' title='bbox 720 2101 863 2174; x_wconf 82' lang='lat' dir='ltr'>Euphratis</span> <span class='ocrx_word' id='word_1_96' title='bbox 880 2103 997 2160; x_wconf 80' lang='lat' dir='ltr'>{luminis</span> <span class='ocrx_word' id='word_1_97' title='bbox 1013 2106 1066 2161; x_wconf 73' lang='lat' dir='ltr'>aisa</span> <span class='ocrx_word' id='word_1_98' title='bbox 1084 2117 1134 2163; x_wconf 87' lang='lat' dir='ltr'>est.</span> 
     </span>
    </p>
   </div>
   <div class='ocr_carea' id='block_1_5' title="bbox 445 2303 807 2361">
    <p class='ocr_par' dir='ltr' id='par_1_6' title="bbox 445 2303 807 2361">
     <span class='ocr_line' id='line_1_14' title="bbox 445 2303 807 2361; baseline 0 -3"><span class='ocrx_word' id='word_1_99' title='bbox 445 2304 486 2359; x_wconf 84' lang='lat' dir='ltr'>DE</span> <span class='ocrx_word' id='word_1_100' title='bbox 509 2303 628 2361; x_wconf 75' lang='lat' dir='ltr'>aaaron</span> <span class='ocrx_word' id='word_1_101' title='bbox 652 2304 807 2360; x_wconf 69' lang='lat' dir='ltr'>autunto.</span> 
     </span>
    </p>
   </div>
   <div class='ocr_carea' id='block_1_6' title="bbox 146 2439 1192 2939">
    <p class='ocr_par' dir='ltr' id='par_1_7' title="bbox 146 2439 1192 2939">
     <span class='ocr_line' id='line_1_15' title="bbox 209 2439 1135 2515; baseline -0.001 -20"><span class='ocrx_word' id='word_1_102' title='bbox 209 2440 351 2515; x_wconf 80' lang='lat' dir='ltr'>bnychium</span> <span class='ocrx_word' id='word_1_103' title='bbox 373 2440 441 2513; x_wconf 90' lang='lat' dir='ltr'>lapis</span> <span class='ocrx_word' id='word_1_104' title='bbox 464 2439 560 2495; x_wconf 85' lang='lat' dir='ltr'>ilavum</span> <span class='ocrx_word' id='word_1_105' title='bbox 582 2439 661 2494; x_wconf 91' lang='lat' dir='ltr'>nimis</span> <span class='ocrx_word' id='word_1_106' title='bbox 684 2448 804 2494; x_wconf 82' lang='lat' dir='ltr'>ostentat</span> <span class='ocrx_word' id='word_1_107' title='bbox 827 2439 955 2494; x_wconf 88' lang='lat' dir='ltr'>colorem.</span> <span class='ocrx_word' id='word_1_108' title='bbox 1003 2439 1135 2497; x_wconf 82' lang='lat' dir='ltr'>belectari</span> 
     </span>
     <span class='ocr_line' id='line_1_16' title="bbox 146 2523 1192 2599; baseline 0.006 -24"><span class='ocrx_word' id='word_1_109' title='bbox 146 2532 192 2575; x_wconf 77' lang='lat' dir='ltr'>teto</span> <span class='ocrx_word' id='word_1_110' title='bbox 209 2524 288 2599; x_wconf 87' lang='lat' dir='ltr'>lapide</span> <span class='ocrx_word' id='word_1_111' title='bbox 312 2527 365 2581; x_wconf 89' lang='lat' dir='ltr'>isto</span> <span class='ocrx_word' id='word_1_112' title='bbox 388 2525 479 2580; x_wconf 86' lang='lat' dir='ltr'>lerttnt</span> <span class='ocrx_word' id='word_1_113' title='bbox 501 2542 595 2597; x_wconf 79' lang='lat' dir='ltr'>regum</span> <span class='ocrx_word' id='word_1_114' title='bbox 619 2526 770 2597; x_wconf 73' lang='lat' dir='ltr'>nuptas&#39;)‚</span> <span class='ocrx_word' id='word_1_115' title='bbox 802 2532 829 2578; x_wconf 93' lang='lat' dir='ltr'>et</span> <span class='ocrx_word' id='word_1_116' title='bbox 858 2523 983 2587; x_wconf 86' lang='lat' dir='ltr'>divitum,</span> <span class='ocrx_word' id='word_1_117' title='bbox 1013 2541 1082 2597; x_wconf 86' lang='lat' dir='ltr'>quae</span> <span class='ocrx_word' id='word_1_118' title='bbox 1110 2525 1136 2579; x_wconf 93' lang='lat' dir='ltr'>in</span> <span class='ocrx_word' id='word_1_119' title='bbox 1149 2524 1192 2582; x_wconf 82' lang='lat'>15&#39;</span> 
     </span>
     <span class='ocr_line' id='line_1_17' title="bbox 147 2606 1138 2680; baseline 0.004 -20"><span class='ocrx_word' id='word_1_120' title='bbox 147 2606 219 2671; x_wconf 77' lang='lat' dir='ltr'>patula</span> <span class='ocrx_word' id='word_1_121' title='bbox 237 2628 283 2667; x_wconf 91' lang='lat' dir='ltr'>sua</span> <span class='ocrx_word' id='word_1_122' title='bbox 307 2609 502 2666; x_wconf 77' lang='lat' dir='ltr'>transferentes</span> <span class='ocrx_word' id='word_1_123' title='bbox 531 2618 648 2663; x_wconf 92' lang='lat' dir='ltr'>utuntur</span> <span class='ocrx_word' id='word_1_124' title='bbox 675 2609 729 2663; x_wconf 89' lang='lat' dir='ltr'>hoc</span> <span class='ocrx_word' id='word_1_125' title='bbox 757 2607 854 2680; x_wconf 87' lang='lat' dir='ltr'>lapide.</span> <span class='ocrx_word' id='word_1_126' title='bbox 905 2608 975 2663; x_wconf 88' lang='lat' dir='ltr'>Sunt</span> <span class='ocrx_word' id='word_1_127' title='bbox 998 2618 1087 2663; x_wconf 87' lang='lat' dir='ltr'>autem</span> <span class='ocrx_word' id='word_1_128' title='bbox 1111 2618 1138 2664; x_wconf 90' lang='lat' dir='ltr'>et</span> 
     </span>
     <span class='ocr_line' id='line_1_18' title="bbox 148 2684 1135 2769; baseline 0.002 -22"><span class='ocrx_word' id='word_1_129' title='bbox 148 2684 179 2740; x_wconf 69' lang='lat' dir='ltr'>llil</span> <span class='ocrx_word' id='word_1_130' title='bbox 195 2697 335 2768; x_wconf 76' lang='lat' dir='ltr'>onychinae,</span> <span class='ocrx_word' id='word_1_131' title='bbox 360 2696 405 2769; x_wconf 89' lang='lat' dir='ltr'>qui</span> <span class='ocrx_word' id='word_1_132' title='bbox 428 2695 573 2767; x_wconf 83' lang='lat' dir='ltr'>aequivoce</span> <span class='ocrx_word' id='word_1_133' title='bbox 596 2701 797 2765; x_wconf 83' lang='lat' dir='ltr'>nuncupantur,</span> <span class='ocrx_word' id='word_1_134' title='bbox 821 2692 847 2746; x_wconf 81' lang='lat' dir='ltr'>ht</span> <span class='ocrx_word' id='word_1_135' title='bbox 868 2702 979 2747; x_wconf 90' lang='lat' dir='ltr'>estnon</span> <span class='ocrx_word' id='word_1_136' title='bbox 996 2694 1135 2757; x_wconf 86' lang='lat' dir='ltr'>veraciter,</span> 
     </span>
     <span class='ocr_line' id='line_1_19' title="bbox 149 2775 1138 2851; baseline 0.003 -20"><span class='ocrx_word' id='word_1_137' title='bbox 149 2775 222 2833; x_wconf 75' lang='lat' dir='ltr'>stanles</span> <span class='ocrx_word' id='word_1_138' title='bbox 240 2798 333 2844; x_wconf 87' lang='lat' dir='ltr'>cerac,</span> <span class='ocrx_word' id='word_1_139' title='bbox 367 2797 436 2851; x_wconf 82' lang='lat' dir='ltr'>quae</span> <span class='ocrx_word' id='word_1_140' title='bbox 465 2778 563 2834; x_wconf 89' lang='lat' dir='ltr'>coloris</span> <span class='ocrx_word' id='word_1_141' title='bbox 588 2787 629 2833; x_wconf 89' lang='lat' dir='ltr'>ost</span> <span class='ocrx_word' id='word_1_142' title='bbox 652 2777 749 2832; x_wconf 88' lang='lat' dir='ltr'>mellei.</span> <span class='ocrx_word' id='word_1_143' title='bbox 800 2776 913 2844; x_wconf 79' lang='lat' dir='ltr'>Quidam</span> <span class='ocrx_word' id='word_1_144' title='bbox 936 2777 987 2831; x_wconf 90' lang='lat' dir='ltr'>hos</span> <span class='ocrx_word' id='word_1_145' title='bbox 1010 2777 1085 2833; x_wconf 89' lang='lat' dir='ltr'>aiunt</span> <span class='ocrx_word' id='word_1_146' title='bbox 1108 2796 1138 2834; x_wconf 84' lang='lat' dir='ltr'>er</span> 
     </span>
     <span class='ocr_line' id='line_1_20' title="bbox 149 2861 1138 2939; baseline 0.008 -28"><span class='ocrx_word' id='word_1_147' title='bbox 149 2862 210 2924; x_wconf 73' lang='lat' dir='ltr'>guttis</span> <span class='ocrx_word' id='word_1_148' title='bbox 239 2883 323 2939; x_wconf 86' lang='lat' dir='ltr'>aquae</span> <span class='ocrx_word' id='word_1_149' title='bbox 351 2863 522 2920; x_wconf 82' lang='lat' dir='ltr'>consolidari.</span> <span class='ocrx_word' id='word_1_150' title='bbox 580 2861 725 2935; x_wconf 84' lang='lat' dir='ltr'>Onychitas</span> <span class='ocrx_word' id='word_1_151' title='bbox 758 2870 849 2916; x_wconf 88' lang='lat' dir='ltr'>autem</span> <span class='ocrx_word' id='word_1_152' title='bbox 881 2861 997 2917; x_wconf 86' lang='lat' dir='ltr'>naturali</span> <span class='ocrx_word' id='word_1_153' title='bbox 1034 2863 1138 2920; x_wconf 92' lang='lat' dir='ltr'>ratione</span> 
     </span>
    </p>
   </div>
   <div class='ocr_carea' id='block_1_7' title="bbox 107 3061 1203 4223">
    <p class='ocr_par' dir='ltr' id='par_1_8' title="bbox 153 3061 1203 3463">
     <span class='ocr_line' id='line_1_21' title="bbox 178 3061 1141 3129; baseline 0 -21"><span class='ocrx_word' id='word_1_154' title='bbox 178 3122 181 3129; x_wconf 27' lang='grc' dir='ltr'>Ι</span> <span class='ocrx_word' id='word_1_155' title='bbox 212 3066 228 3111; x_wconf 87' lang='lat' dir='ltr'>rl</span> <span class='ocrx_word' id='word_1_156' title='bbox 250 3065 310 3127; x_wconf 80' lang='lat' dir='ltr'>Cyro</span> <span class='ocrx_word' id='word_1_157' title='bbox 334 3072 425 3126; x_wconf 86' lang='lat' dir='ltr'>patrem</span> <span class='ocrx_word' id='word_1_158' title='bbox 451 3064 526 3113; x_wconf 82' lang='lat' dir='ltr'>luisse</span> <span class='ocrx_word' id='word_1_159' title='bbox 551 3065 621 3111; x_wconf 85' lang='lat' dir='ltr'>buius</span> <span class='ocrx_word' id='word_1_160' title='bbox 649 3062 753 3111; x_wconf 89' lang='lat' dir='ltr'>nominis</span> <span class='ocrx_word' id='word_1_161' title='bbox 778 3077 791 3109; x_wconf 92' lang='lat' dir='ltr'>a</span> <span class='ocrx_word' id='word_1_162' title='bbox 818 3063 915 3110; x_wconf 91' lang='lat' dir='ltr'>nemine</span> <span class='ocrx_word' id='word_1_163' title='bbox 942 3061 1051 3109; x_wconf 87' lang='lat' dir='ltr'>traditum</span> <span class='ocrx_word' id='word_1_164' title='bbox 1080 3061 1141 3108; x_wconf 79' lang='lat' dir='ltr'>nori.</span> 
     </span>
     <span class='ocr_line' id='line_1_22' title="bbox 154 3116 1203 3199; baseline 0 -23"><span class='ocrx_word' id='word_1_165' title='bbox 154 3116 268 3199; x_wconf 60' lang='lat' dir='ltr'>{nuptiantes</span> <span class='ocrx_word' id='word_1_166' title='bbox 296 3140 386 3195; x_wconf 87' lang='lat' dir='ltr'>patrem</span> <span class='ocrx_word' id='word_1_167' title='bbox 413 3147 456 3195; x_wconf 92' lang='lat' dir='ltr'>pro</span> <span class='ocrx_word' id='word_1_168' title='bbox 484 3148 524 3181; x_wconf 87' lang='lat' dir='ltr'>am</span> <span class='ocrx_word' id='word_1_169' title='bbox 552 3132 640 3193; x_wconf 88' lang='lat' dir='ltr'>posuit.</span> <span class='ocrx_word' id='word_1_170' title='bbox 677 3130 751 3193; x_wconf 82' lang='lat' dir='ltr'>Cyrus</span> <span class='ocrx_word' id='word_1_171' title='bbox 778 3145 817 3178; x_wconf 83' lang='lat' dir='ltr'>ren</span> <span class='ocrx_word' id='word_1_172' title='bbox 844 3130 966 3192; x_wconf 73' lang='lat' dir='ltr'>cambysis</span> <span class='ocrx_word' id='word_1_173' title='bbox 991 3128 1054 3177; x_wconf 81' lang='lat' dir='ltr'>illins</span> <span class='ocrx_word' id='word_1_174' title='bbox 1080 3130 1138 3183; x_wconf 89' lang='lat' dir='ltr'>luit;</span> <span class='ocrx_word' id='word_1_175' title='bbox 1200 3132 1203 3137; x_wconf 76' lang='grc'>’</span> 
     </span>
     <span class='ocr_line' id='line_1_23' title="bbox 153 3189 1141 3259; baseline -0.003 -12"><span class='ocrx_word' id='word_1_176' title='bbox 153 3189 250 3259; x_wconf 59' lang='lat' dir='ltr'>blltbyaes</span> <span class='ocrx_word' id='word_1_177' title='bbox 266 3214 321 3248; x_wconf 83' lang='lat' dir='ltr'>vero</span> <span class='ocrx_word' id='word_1_178' title='bbox 340 3200 504 3250; x_wconf 78' lang='lat' dir='ltr'>Achaemenis.</span> <span class='ocrx_word' id='word_1_179' title='bbox 542 3199 612 3257; x_wconf 80' lang='lat' dir='ltr'>Quod</span> <span class='ocrx_word' id='word_1_180' title='bbox 630 3205 709 3246; x_wconf 85' lang='lat' dir='ltr'>autern</span> <span class='ocrx_word' id='word_1_181' title='bbox 729 3199 813 3246; x_wconf 81' lang='lat' dir='ltr'>Persae</span> <span class='ocrx_word' id='word_1_182' title='bbox 833 3197 889 3245; x_wconf 85' lang='lat' dir='ltr'>dicti</span> <span class='ocrx_word' id='word_1_183' title='bbox 909 3198 956 3245; x_wconf 87' lang='lat' dir='ltr'>sint</span> <span class='ocrx_word' id='word_1_184' title='bbox 974 3197 1003 3245; x_wconf 90' lang='lat' dir='ltr'>ab</span> <span class='ocrx_word' id='word_1_185' title='bbox 1023 3197 1067 3245; x_wconf 92' lang='lat' dir='ltr'>boc</span> <span class='ocrx_word' id='word_1_186' title='bbox 1086 3211 1141 3258; x_wconf 77' lang='lat' dir='ltr'>rege</span> 
     </span>
     <span class='ocr_line' id='line_1_24' title="bbox 154 3257 1142 3331; baseline 0.004 -24"><span class='ocrx_word' id='word_1_187' title='bbox 154 3257 282 3329; x_wconf 70' lang='lat' dir='ltr'>lalaemenii,</span> <span class='ocrx_word' id='word_1_188' title='bbox 301 3276 325 3316; x_wconf 86' lang='lat' dir='ltr'>et</span> <span class='ocrx_word' id='word_1_189' title='bbox 344 3269 409 3330; x_wconf 79' lang='lat' dir='ltr'>quael</span> <span class='ocrx_word' id='word_1_190' title='bbox 428 3269 531 3331; x_wconf 80' lang='lat' dir='ltr'>Babylon</span> <span class='ocrx_word' id='word_1_191' title='bbox 549 3282 593 3330; x_wconf 92' lang='lat' dir='ltr'>pro</span> <span class='ocrx_word' id='word_1_192' title='bbox 613 3267 715 3327; x_wconf 84' lang='lat' dir='ltr'>Persica,</span> <span class='ocrx_word' id='word_1_193' title='bbox 735 3280 777 3314; x_wconf 85' lang='lat' dir='ltr'>scu</span> <span class='ocrx_word' id='word_1_194' title='bbox 796 3266 955 3314; x_wconf 76' lang='lat' dir='ltr'>Achaemenio</span> <span class='ocrx_word' id='word_1_195' title='bbox 976 3265 1034 3313; x_wconf 90' lang='lat' dir='ltr'>urbe</span> <span class='ocrx_word' id='word_1_196' title='bbox 1052 3266 1083 3312; x_wconf 83' lang='lat' dir='ltr'>sit</span> <span class='ocrx_word' id='word_1_197' title='bbox 1102 3265 1142 3312; x_wconf 89' lang='lat' dir='ltr'>ba·</span> 
     </span>
     <span class='ocr_line' id='line_1_25' title="bbox 154 3320 1143 3401; baseline -0.003 -19"><span class='ocrx_word' id='word_1_198' title='bbox 154 3320 192 3401; x_wconf 66' lang='lat' dir='ltr'>llll·</span> <span class='ocrx_word' id='word_1_199' title='bbox 206 3347 228 3382; x_wconf 80' lang='grc' dir='ltr'>ιι</span> <span class='ocrx_word' id='word_1_200' title='bbox 244 3351 290 3399; x_wconf 89' lang='lat' dir='ltr'>quo</span> <span class='ocrx_word' id='word_1_201' title='bbox 310 3336 464 3385; x_wconf 83' lang='lat' dir='ltr'>subditione</span> <span class='ocrx_word' id='word_1_202' title='bbox 483 3338 606 3384; x_wconf 80' lang='lat' dir='ltr'>Persarum</span> <span class='ocrx_word' id='word_1_203' title='bbox 627 3348 681 3382; x_wconf 81' lang='lat' dir='ltr'>csse</span> <span class='ocrx_word' id='word_1_204' title='bbox 700 3335 792 3396; x_wconf 84' lang='lat' dir='ltr'>eoepit,</span> <span class='ocrx_word' id='word_1_205' title='bbox 811 3333 871 3381; x_wconf 76' lang='lat' dir='ltr'>atleo</span> <span class='ocrx_word' id='word_1_206' title='bbox 891 3340 974 3380; x_wconf 90' lang='lat' dir='ltr'>notum</span> <span class='ocrx_word' id='word_1_207' title='bbox 993 3341 1043 3394; x_wconf 86' lang='lat' dir='ltr'>est,</span> <span class='ocrx_word' id='word_1_208' title='bbox 1063 3339 1088 3381; x_wconf 90' lang='lat' dir='ltr'>ut</span> <span class='ocrx_word' id='word_1_209' title='bbox 1106 3334 1143 3380; x_wconf 87' lang='lat' dir='ltr'>ni-</span> 
     </span>
     <span class='ocr_line' id='line_1_26' title="bbox 154 3387 955 3463; baseline 0.019 -29"><span class='ocrx_word' id='word_1_210' title='bbox 154 3387 182 3439; x_wconf 84' lang='lat' dir='ltr'>ltlt</span> <span class='ocrx_word' id='word_1_211' title='bbox 195 3401 269 3452; x_wconf 77' lang='lat' dir='ltr'>celerat</span> <span class='ocrx_word' id='word_1_212' title='bbox 286 3413 392 3453; x_wconf 78' lang='lat' dir='ltr'>veterum</span> <span class='ocrx_word' id='word_1_213' title='bbox 410 3405 564 3453; x_wconf 82' lang='lat' dir='ltr'>auctoritates</span> <span class='ocrx_word' id='word_1_214' title='bbox 583 3404 612 3451; x_wconf 88' lang='lat' dir='ltr'>ab</span> <span class='ocrx_word' id='word_1_215' title='bbox 631 3402 683 3453; x_wconf 84' lang='lat' dir='ltr'>aliis</span> <span class='ocrx_word' id='word_1_216' title='bbox 702 3403 815 3450; x_wconf 87' lang='lat' dir='ltr'>collectas</span> <span class='ocrx_word' id='word_1_217' title='bbox 837 3408 955 3463; x_wconf 88' lang='lat' dir='ltr'>repetere.</span> 
     </span>
    </p>

    <p class='ocr_par' dir='ltr' id='par_1_9' title="bbox 155 3460 1142 3605">
     <span class='ocr_line' id='line_1_27' title="bbox 213 3460 1142 3534; baseline -0.002 -18"><span class='ocrx_word' id='word_1_218' title='bbox 213 3472 231 3524; x_wconf 85' lang='lat' dir='ltr'>sl</span> <span class='ocrx_word' id='word_1_219' title='bbox 251 3473 276 3521; x_wconf 92' lang='lat' dir='ltr'>ln</span> <span class='ocrx_word' id='word_1_220' title='bbox 302 3487 375 3533; x_wconf 80' lang='lat' dir='ltr'>marg.</span> <span class='ocrx_word' id='word_1_221' title='bbox 395 3486 440 3520; x_wconf 81' lang='lat' dir='ltr'>ms.</span> <span class='ocrx_word' id='word_1_222' title='bbox 460 3481 511 3521; x_wconf 84' lang='lat' dir='ltr'>est:</span> <span class='ocrx_word' id='word_1_223' title='bbox 538 3476 719 3534; x_wconf 81' lang='lat' dir='ltr'>chrysoprasus,</span> <span class='ocrx_word' id='word_1_224' title='bbox 745 3478 769 3518; x_wconf 90' lang='lat' dir='ltr'>et</span> <span class='ocrx_word' id='word_1_225' title='bbox 788 3470 909 3517; x_wconf 83' lang='lat' dir='ltr'>Gesnerus</span> <span class='ocrx_word' id='word_1_226' title='bbox 928 3482 1026 3531; x_wconf 85' lang='lat' dir='ltr'>quoqne</span> <span class='ocrx_word' id='word_1_227' title='bbox 1040 3460 1142 3532; x_wconf 69' lang='lat' dir='ltr'>ypocri-</span> 
     </span>
     <span class='ocr_line' id='line_1_28' title="bbox 155 3534 1059 3605; baseline -0.007 -16"><span class='ocrx_word' id='word_1_228' title='bbox 155 3536 239 3593; x_wconf 55' lang='lat' dir='ltr'>taarog,</span> <span class='ocrx_word' id='word_1_229' title='bbox 257 3541 297 3589; x_wconf 90' lang='lat' dir='ltr'>uhi</span> <span class='ocrx_word' id='word_1_230' title='bbox 316 3541 340 3588; x_wconf 92' lang='lat' dir='ltr'>in</span> <span class='ocrx_word' id='word_1_231' title='bbox 359 3540 469 3603; x_wconf 86' lang='lat' dir='ltr'>Epitome</span> <span class='ocrx_word' id='word_1_232' title='bbox 487 3548 523 3589; x_wconf 88' lang='lat' dir='ltr'>cst</span> <span class='ocrx_word' id='word_1_233' title='bbox 538 3534 743 3605; x_wconf 78' lang='grc' dir='ltr'><strong><em>χρυσόπαστος,</em></strong></span> <span class='ocrx_word' id='word_1_234' title='bbox 764 3537 938 3586; x_wconf 88' lang='lat' dir='ltr'>restituendum</span> <span class='ocrx_word' id='word_1_235' title='bbox 958 3536 1059 3584; x_wconf 87' lang='lat' dir='ltr'>censuit.</span> 
     </span>
    </p>

    <p class='ocr_par' dir='ltr' id='par_1_10' title="bbox 155 3603 1145 3876">
     <span class='ocr_line' id='line_1_29' title="bbox 168 3603 1144 3672; baseline -0.007 -15"><span class='ocrx_word' id='word_1_236' title='bbox 168 3661 170 3668; x_wconf 56' lang='grc'>,</span> <span class='ocrx_word' id='word_1_237' title='bbox 213 3613 228 3665; x_wconf 80' lang='lat' dir='ltr'>tt</span> <span class='ocrx_word' id='word_1_238' title='bbox 252 3609 284 3658; x_wconf 86' lang='lat' dir='ltr'>lle</span> <span class='ocrx_word' id='word_1_239' title='bbox 303 3609 347 3657; x_wconf 91' lang='lat' dir='ltr'>bac</span> <span class='ocrx_word' id='word_1_240' title='bbox 367 3622 459 3668; x_wconf 81' lang='lat' dir='ltr'>gemma</span> <span class='ocrx_word' id='word_1_241' title='bbox 478 3610 586 3672; x_wconf 84' lang='lat' dir='ltr'>apposite</span> <span class='ocrx_word' id='word_1_242' title='bbox 604 3607 634 3655; x_wconf 85' lang='lat' dir='ltr'>ad</span> <span class='ocrx_word' id='word_1_243' title='bbox 653 3607 719 3667; x_wconf 87' lang='lat' dir='ltr'>haee,</span> <span class='ocrx_word' id='word_1_244' title='bbox 745 3620 807 3668; x_wconf 86' lang='lat' dir='ltr'>quae</span> <span class='ocrx_word' id='word_1_245' title='bbox 831 3604 921 3668; x_wconf 80' lang='lat' dir='ltr'>beryllo</span> <span class='ocrx_word' id='word_1_246' title='bbox 940 3605 1023 3652; x_wconf 90' lang='lat' dir='ltr'>tribuit</span> <span class='ocrx_word' id='word_1_247' title='bbox 1040 3603 1144 3666; x_wconf 87' lang='lat' dir='ltr'>Epipha-</span> 
     </span>
     <span class='ocr_line' id='line_1_30' title="bbox 156 3673 1145 3739; baseline -0.011 -10"><span class='ocrx_word' id='word_1_248' title='bbox 156 3673 202 3728; x_wconf 46' lang='grc' dir='ltr'>ΝΜ,</span> <span class='ocrx_word' id='word_1_249' title='bbox 221 3675 250 3723; x_wconf 84' lang='lat' dir='ltr'>ua</span> <span class='ocrx_word' id='word_1_250' title='bbox 273 3677 380 3739; x_wconf 83' lang='lat' dir='ltr'>loquitur</span> <span class='ocrx_word' id='word_1_251' title='bbox 407 3676 495 3725; x_wconf 81' lang='lat' dir='ltr'>Plinius</span> <span class='ocrx_word' id='word_1_252' title='bbox 514 3675 662 3725; x_wconf 78' lang='lat' dir='ltr'>lihllllhllll</span> <span class='ocrx_word' id='word_1_253' title='bbox 682 3673 777 3737; x_wconf 83' lang='lat' dir='ltr'>cap.9:</span> <span class='ocrx_word' id='word_1_254' title='bbox 805 3674 889 3723; x_wconf 82' lang='lat' dir='ltr'>Coeunt</span> <span class='ocrx_word' id='word_1_255' title='bbox 913 3677 976 3722; x_wconf 80' lang='lat' dir='ltr'>intua</span> <span class='ocrx_word' id='word_1_256' title='bbox 1000 3673 1145 3721; x_wconf 80' lang='lat' dir='ltr'>translucido</span> 
     </span>
     <span class='ocr_line' id='line_1_31' title="bbox 156 3740 1144 3806; baseline -0.003 -18"><span class='ocrx_word' id='word_1_257' title='bbox 156 3740 260 3803; x_wconf 68' lang='lat' dir='ltr'>tlltltlltn,</span> <span class='ocrx_word' id='word_1_258' title='bbox 279 3747 363 3794; x_wconf 68' lang='lat' dir='ltr'>ririms</span> <span class='ocrx_word' id='word_1_259' title='bbox 381 3761 423 3795; x_wconf 84' lang='lat' dir='ltr'>suo</span> <span class='ocrx_word' id='word_1_260' title='bbox 440 3748 509 3795; x_wconf 83' lang='lat' dir='ltr'>motio</span> <span class='ocrx_word' id='word_1_261' title='bbox 528 3760 580 3803; x_wconf 79' lang='lat' dir='ltr'>ner,</span> <span class='ocrx_word' id='word_1_262' title='bbox 609 3745 722 3806; x_wconf 77' lang='lat' dir='ltr'>simulque</span> <span class='ocrx_word' id='word_1_263' title='bbox 738 3757 855 3806; x_wconf 81' lang='lat' dir='ltr'>perpura,</span> <span class='ocrx_word' id='word_1_264' title='bbox 881 3749 902 3790; x_wconf 81' lang='lat' dir='ltr'>et</span> <span class='ocrx_word' id='word_1_265' title='bbox 920 3742 1013 3805; x_wconf 79' lang='lat' dir='ltr'>qttidorn</span> <span class='ocrx_word' id='word_1_266' title='bbox 1030 3741 1091 3797; x_wconf 86' lang='lat' dir='ltr'>vini,</span> <span class='ocrx_word' id='word_1_267' title='bbox 1118 3753 1144 3786; x_wconf 81' lang='lat' dir='ltr'>oe</span> 
     </span>
     <span class='ocr_line' id='line_1_32' title="bbox 155 3805 809 3876; baseline 0.018 -31"><span class='ocrx_word' id='word_1_268' title='bbox 155 3805 197 3849; x_wconf 80' lang='lat' dir='ltr'>nori</span> <span class='ocrx_word' id='word_1_269' title='bbox 210 3812 263 3859; x_wconf 78' lang='lat' dir='ltr'>abor</span> <span class='ocrx_word' id='word_1_270' title='bbox 282 3819 336 3872; x_wconf 66' lang='lat' dir='ltr'>ete„</span> <span class='ocrx_word' id='word_1_271' title='bbox 355 3828 396 3862; x_wconf 83' lang='lat' dir='ltr'>nec</span> <span class='ocrx_word' id='word_1_272' title='bbox 415 3829 551 3876; x_wconf 75' lang='lat' dir='ltr'>ymnorum</span> <span class='ocrx_word' id='word_1_273' title='bbox 568 3813 618 3860; x_wconf 86' lang='lat' dir='ltr'>ulio</span> <span class='ocrx_word' id='word_1_274' title='bbox 638 3817 671 3859; x_wconf 88' lang='lat' dir='ltr'>est</span> <span class='ocrx_word' id='word_1_275' title='bbox 689 3812 809 3874; x_wconf 77' lang='lat' dir='ltr'>liquidior.</span> 
     </span>
    </p>

    <p class='ocr_par' dir='ltr' id='par_1_11' title="bbox 107 3875 1148 4223">
     <span class='ocr_line' id='line_1_33' title="bbox 214 3875 830 3954; baseline 0.003 -29"><span class='ocrx_word' id='word_1_276' title='bbox 214 3883 235 3931; x_wconf 85' lang='lat' dir='ltr'>ut</span> <span class='ocrx_word' id='word_1_277' title='bbox 251 3878 360 3941; x_wconf 78' lang='lat' dir='ltr'>Epitome</span> <span class='ocrx_word' id='word_1_278' title='bbox 381 3880 480 3929; x_wconf 85' lang='lat' dir='ltr'>Gesneri</span> <span class='ocrx_word' id='word_1_279' title='bbox 500 3881 579 3940; x_wconf 85' lang='lat' dir='ltr'>habet,</span> <span class='ocrx_word' id='word_1_280' title='bbox 596 3875 679 3954; x_wconf 70' lang='grc' dir='ltr'><strong><em>κηρῷ,</em></strong></span> <span class='ocrx_word' id='word_1_281' title='bbox 701 3894 765 3927; x_wconf 83' lang='lat' dir='ltr'>cerae</span> <span class='ocrx_word' id='word_1_282' title='bbox 784 3885 830 3927; x_wconf 87' lang='lat' dir='ltr'>etc.</span> 
     </span>
     <span class='ocr_line' id='line_1_34' title="bbox 213 3938 1028 4011; baseline -0.007 -16"><span class='ocrx_word' id='word_1_283' title='bbox 213 3945 231 4002; x_wconf 84' lang='lat' dir='ltr'>tl</span> <span class='ocrx_word' id='word_1_284' title='bbox 248 3946 272 3995; x_wconf 92' lang='lat' dir='ltr'>ln</span> <span class='ocrx_word' id='word_1_285' title='bbox 292 3948 331 3997; x_wconf 88' lang='lat' dir='ltr'>Gr.</span> <span class='ocrx_word' id='word_1_286' title='bbox 351 3955 415 3997; x_wconf 82' lang='lat' dir='ltr'>textu</span> <span class='ocrx_word' id='word_1_287' title='bbox 434 3947 564 4010; x_wconf 79' lang='lat' dir='ltr'>Epitomcs,</span> <span class='ocrx_word' id='word_1_288' title='bbox 582 3959 644 4011; x_wconf 80' lang='grc' dir='ltr'>περι</span> <span class='ocrx_word' id='word_1_289' title='bbox 662 3940 713 4004; x_wconf 78' lang='grc' dir='ltr'>τὴν</span> <span class='ocrx_word' id='word_1_290' title='bbox 729 3938 834 4001; x_wconf 79' lang='grc' dir='ltr'>ἔξοδον,</span> <span class='ocrx_word' id='word_1_291' title='bbox 854 3946 916 3995; x_wconf 84' lang='lat' dir='ltr'>circo</span> <span class='ocrx_word' id='word_1_292' title='bbox 935 3947 1028 3993; x_wconf 75' lang='lat' dir='ltr'>ecltitm.</span> 
     </span>
     <span class='ocr_line' id='line_1_35' title="bbox 213 4006 1147 4081; baseline -0.015 -18"><span class='ocrx_word' id='word_1_293' title='bbox 213 4016 239 4069; x_wconf 77' lang='lat' dir='ltr'>nl</span> <span class='ocrx_word' id='word_1_294' title='bbox 257 4015 280 4063; x_wconf 96' lang='lat' dir='ltr'>ln</span> <span class='ocrx_word' id='word_1_295' title='bbox 300 4030 345 4064; x_wconf 84' lang='lat' dir='ltr'>ms.</span> <span class='ocrx_word' id='word_1_296' title='bbox 366 4016 452 4077; x_wconf 75' lang='lat' dir='ltr'>legitur</span> <span class='ocrx_word' id='word_1_297' title='bbox 469 4021 569 4081; x_wconf 80' lang='lat' dir='ltr'>nuptias,</span> <span class='ocrx_word' id='word_1_298' title='bbox 597 4014 639 4062; x_wconf 87' lang='lat' dir='ltr'>sed</span> <span class='ocrx_word' id='word_1_299' title='bbox 658 4015 782 4076; x_wconf 84' lang='lat' dir='ltr'>scriptoris</span> <span class='ocrx_word' id='word_1_300' title='bbox 801 4020 865 4063; x_wconf 87' lang='lat' dir='ltr'>certe</span> <span class='ocrx_word' id='word_1_301' title='bbox 883 4013 947 4071; x_wconf 84' lang='lat' dir='ltr'>vitio,</span> <span class='ocrx_word' id='word_1_302' title='bbox 973 4025 1017 4058; x_wconf 89' lang='lat' dir='ltr'>nec</span> <span class='ocrx_word' id='word_1_303' title='bbox 1037 4006 1147 4054; x_wconf 89' lang='lat' dir='ltr'>dubitan-</span> 
     </span>
     <span class='ocr_line' id='line_1_36' title="bbox 135 4068 1148 4147; baseline 0.004 -32"><span class='ocrx_word' id='word_1_304' title='bbox 135 4068 194 4119; x_wconf 86' lang='lat' dir='ltr'>&#39;dnn</span> <span class='ocrx_word' id='word_1_305' title='bbox 208 4081 231 4129; x_wconf 88' lang='lat' dir='ltr'>ab</span> <span class='ocrx_word' id='word_1_306' title='bbox 247 4083 377 4147; x_wconf 80' lang='lat' dir='ltr'>interprete</span> <span class='ocrx_word' id='word_1_307' title='bbox 397 4085 511 4147; x_wconf 87' lang='lat' dir='ltr'>seriptum</span> <span class='ocrx_word' id='word_1_308' title='bbox 530 4083 613 4143; x_wconf 79' lang='lat' dir='ltr'>luisse,</span> <span class='ocrx_word' id='word_1_309' title='bbox 638 4091 729 4146; x_wconf 81' lang='lat' dir='ltr'>nuptas.</span> <span class='ocrx_word' id='word_1_310' title='bbox 771 4082 796 4130; x_wconf 96' lang='lat' dir='ltr'>ln</span> <span class='ocrx_word' id='word_1_311' title='bbox 817 4082 907 4131; x_wconf 86' lang='lat' dir='ltr'>Gracco</span> <span class='ocrx_word' id='word_1_312' title='bbox 927 4078 989 4128; x_wconf 89' lang='lat' dir='ltr'>enirn</span> <span class='ocrx_word' id='word_1_313' title='bbox 1009 4081 1072 4123; x_wconf 79' lang='lat' dir='ltr'>testu</span> <span class='ocrx_word' id='word_1_314' title='bbox 1092 4071 1148 4135; x_wconf 86' lang='lat' dir='ltr'>Epi-</span> 
     </span>
     <span class='ocr_line' id='line_1_37' title="bbox 107 4144 669 4223; baseline -0.002 -23"><span class='ocrx_word' id='word_1_315' title='bbox 107 4212 113 4223; x_wconf 31' lang='grc' dir='ltr'><strong><em>Ι</em></strong></span> <span class='ocrx_word' id='word_1_316' title='bbox 153 4146 210 4193; x_wconf 69' lang='lat' dir='ltr'>tone.</span> <span class='ocrx_word' id='word_1_317' title='bbox 225 4149 321 4201; x_wconf 77' lang='lat' dir='ltr'>Getaeri</span> <span class='ocrx_word' id='word_1_318' title='bbox 341 4160 392 4201; x_wconf 83' lang='lat' dir='ltr'>est:</span> <span class='ocrx_word' id='word_1_319' title='bbox 412 4146 461 4204; x_wconf 82' lang='grc' dir='ltr'>τὰς</span> <span class='ocrx_word' id='word_1_320' title='bbox 478 4144 600 4217; x_wconf 75' lang='grc' dir='ltr'><strong><em>νύμφας,</em></strong></span> <span class='ocrx_word' id='word_1_321' title='bbox 624 4157 669 4205; x_wconf 86' lang='lat' dir='ltr'>etc.</span> 
     </span>
    </p>
   </div>
   <div class='ocr_carea' id='block_1_8' title="bbox 191 4226 992 4283">
    <p class='ocr_par' dir='ltr' id='par_1_12' title="bbox 191 4226 992 4283">
     <span class='ocr_line' id='line_1_38' title="bbox 191 4226 992 4283; baseline 0.004 -10"><span class='ocrx_word' id='word_1_322' title='bbox 191 4226 321 4283; x_wconf 71' lang='lat' dir='ltr'>Epiphanius.</span> <span class='ocrx_word' id='word_1_323' title='bbox 342 4232 375 4275; x_wconf 81' lang='lat' dir='ltr'>lv.</span> <span class='ocrx_word' id='word_1_324' title='bbox 391 4234 411 4274; x_wconf 83' lang='lat' dir='ltr'>l.</span> <span class='ocrx_word' id='word_1_325' title='bbox 962 4226 992 4276; x_wconf 83' lang='lat'>13</span> 
     </span>
    </p>
   </div>
   <div class='ocr_carea' id='block_1_9' title="bbox 0 0 1322 4822">
    <p class='ocr_par' dir='ltr' id='par_1_13' title="bbox 0 0 1322 4822">
     <span class='ocr_line' id='line_1_39' title="bbox 0 0 1322 4822; baseline 0 0"><span class='ocrx_word' id='word_1_326' title='bbox 0 0 1322 4822; x_wconf 95' lang='lat' dir='ltr'> </span> 
     </span>
    </p>
   </div>
  </div>
 </body>
</html>
