2586 4822
485 854 777 907 hhrhloreemoucs.
1097 841 1139 907 83

110 1010 198 1068 stiam
218 1008 300 1066 modo
322 1009 453 1083 quilibet,
482 1010 530 1066 sed
553 1011 648 1075 etiam,
677 1010 751 1084 quod
773 1010 924 1067 mirandum
946 1028 977 1068 ac
999 1010 1142 1070 detestan-

111 1096 182 1153 dum
209 1095 295 1169 magis
323 1103 381 1159 est,
410 1093 507 1152 (llerici
529 1095 582 1169 ipsi
603 1112 665 1152 cum
687 1094 847 1152 mulieribus
869 1096 1031 1171 plerumque
1051 1098 1141 1156 lavare

112 1189 323 1237 consueveram.
356 1179 430 1248 Quae
452 1180 585 1254 flagitiosa
606 1180 713 1237 licentia
736 1198 797 1236 cum
820 1181 846 1236 in
871 1182 1029 1238 Christianis
1051 1183 1142 1239 omni-

111 1266 179 1332 bus,
202 1274 261 1322 tum
282 1266 310 1321 in
329 1265 550 1339 posterioribus
543 1265 602 1322 istis
619 1260 758 1322 Gahormm
774 1267 918 1323 severitate
933 1268 1054 1324 coerceri
1070 1284 1140 1341 opus

112 1350 222 1408 habuit.
252 1351 282 1407 lo
304 1350 386 1406 Laod
412 1349 475 1406 Can.
494 1354 543 1408 30.
568 1341 696 1407 ‘'Ou'
661 1367 697 1406 oo
720 1343 799 1406 δι”
788 1344 959 1451 ιιροιικούς
979 1344 998 1426 ἢ
1022 1348 1141 1451 Κληρι-
1150 1360 1182 1412 ht

112 1453 198 1505 κους,
220 1431 239 1510 ἡ
233 1427 447 1509 Ἀσκητὰς
433 1454 464 1491 ιν
485 1430 628 1514 pataret
616 1454 640 1490 οι
657 1427 737 1508 μετὰ
743 1437 903 1512 γυναικων
917 1427 1140 1507 ἀπολούεσθαι,

112 1514 198 1595 μηδὲ
217 1511 319 1576 πάντα
341 1514 569 1597 Χριστιανὸν
552 1539 571 1594 η
595 1494 707 1577 λαϊκόν.
748 1521 821 1577 ldem
845 1532 873 1578 et
894 1522 920 1577 io
944 1520 1070 1578 Trullano
1093 1538 1141 1578 ve-
1215 1594 1218 1599 .

112 1608 196 1662 titum
220 1615 262 1662 est
284 1605 348 1661 Gan.
367 1609 416 1662 Π.
463 1605 541 1673 Orrod
564 1607 689 1680 sequitur
721 1598 800 1663 κατὰ
822 1600 990 1682 συγκυρίαν
1011 1607 1141 1680 imposuit

113 1691 262 1754 (lomacio,
295 1690 341 1764 qui
364 1690 500 1764 Sycyriam
530 1691 620 1746 locum
648 1708 709 1747 csse
737 1691 874 1763 credidit„
904 1690 969 1746 Nam
992 1686 1141 1769 ouxoplor

114 1784 196 1832 antea
226 1774 383 1849 legebatur,
412 1791 467 1831 non
491 1784 581 1831 tamen
604 1770 760 1852 Συκυρίαν
782 1776 931 1831 maiusculo
954 1771 996 1845 Σ,
1025 1784 1055 1832 ut
1077 1777 1141 1852 qui-

113 1861 177 1917 dam
201 1861 306 1917 asserit

204 1939 331 2001 διιὼν
317 1963 349 2002 ιν
379 1945 422 2000 τοῦ
446 1935 525 2019 dipl]
566 1945 646 2000 Corn.
670 1947 886 2001 deambulans
874 1963 906 2001 ιιι
928 1962 1003 2001 uere
1048 1937 1142 2002 Seeld

113 2022 179 2104 ιιὴρ
199 2029 288 2085 balnei
311 2047 373 2102 pars
397 2038 454 2093 est,
483 2039 513 2084 ut
536 2047 567 2085 ex
590 2030 692 2085 Galeno
713 2031 747 2085 ad
769 2031 861 2089 Glauc.
883 2031 988 2104 pridem
1011 2031 1141 2088 observa-

115 2127 175 2173 tum
198 2114 231 2170 ab
255 2114 368 2171 eruditis
392 2114 556 2179 hominibus,
581 2116 632 2170 etsi
655 2131 709 2170 nou
732 2116 797 2171 satis
819 2116 904 2189 liquot
927 2131 997 2190 quae
1019 2130 1081 2188 pars
1096 2115 1141 2171 illa

113 2201 161 2256 sit.
193 2200 248 2256 Nos
271 2201 378 2255 interim
400 2200 503 2255 solium
525 2200 700 2256 reddidimus.

204 2276 280 2359 ἡδὲ
302 2274 414 2358 ἑαυτὴν
435 2280 660 2362 ἓσιγραγίσατο]
695 2284 743 2340 llic
765 2284 976 2341 illustrissimum
999 2284 1140 2340 Annalium
1177 2294 1180 2299 '

113 2370 287 2426 conditorem
317 2370 467 2425 insectatur
494 2369 686 2434 Casauhonus,
716 2370 789 2444 quod
818 2370 942 2426 salutaris
971 2369 1043 2424 ilhos
1071 2369 1149 2443 signi.

112 2457 217 2511 virtute
240 2454 418 2510 Christianam
441 2455 583 2510 mulicrem
606 2472 620 2510 c
644 2462 719 2509 tanto
742 2454 873 2510 castitatis
895 2453 1016 2528 periculo
1039 2453 1142 2511 libera-

114 2550 170 2596 tam
195 2538 229 2595 ab
244 2539 394 2613 Epiphanio
418 2539 468 2594 diri
492 2548 578 2613 putet.
611 2539 688 2608 Quod
711 2538 889 2612 Epiphanium
911 2538 1029 2595 voluisse
1048 2546 1139 2612 negat,

114 2625 164 2681 sed
188 2640 240 2680 uec
263 2624 344 2680 ullam
368 2625 394 2679 iu
418 2624 496 2698 signo
525 2625 613 2681 crucis
637 2623 670 2679 ad
691 2623 830 2679 allicienda
853 2623 980 2679 miracula
1003 2624 1140 2697 propriam

115 2712 208 2765 inesse
239 2710 382 2765 virtutem:
413 2726 588 2782 requerere
611 2709 689 2764 aliter
710 2724 790 2780 quam
814 2716 844 2763 ut
866 2709 936 2781 pium
959 2710 1141 2765 ceremoniam

115 2794 265 2851 adhibitam
287 2795 314 2849 in
337 2793 455 2850 Ecclesia
478 2795 570 2857 veteri,
595 2810 664 2869 quae
681 2794 796 2849 orationi
812 2791 937 2849 adiuncta
952 2793 1056 2849 animos
1071 2794 1142 2850 hde-

115 2879 184 2936 lium
207 2880 240 2935 ad
264 2880 362 2935 Christi
385 2895 494 2934 crucem
517 2880 654 2935 eveheret.
692 2877 759 2932 'lum
782 2879 820 2933 ita
841 2877 965 2943 subiicit,
999 2877 1069 2947 Quis
1091 2894 1140 2935 ne·

114 2979 189 3037 pure
211 2966 324 3020 audebit
347 2965 428 3020 aliud
448 2963 500 3018 boc
523 2980 583 3019 esse
605 2979 689 3036 quom
711 2964 785 3035 quod
805 2964 905 3019 scribit
927 2963 1071 3019 Burouius
1097 2964 1140 3019 di·

117 3066 182 3105 cere
203 3049 396 3123 Epipbcrrium
416 3050 491 3120 ciphi
509 3050 600 3104 crucis
625 3049 728 3103 uirtute
749 3049 830 3105 illum
844 3049 1038 3104 mulierculam
1051 3049 1142 3120 [uices

113 3136 247 3230 periculo
269 3136 415 3206 ereptam?
444 3134 515 3189 llaec
539 3134 592 3190 ille.
623 3133 676 3189 Sed
699 3149 780 3208 quem
803 3134 892 3208 iniqua
915 3134 959 3198 sit,
966 3138 969 3143 '
983 3143 1014 3189 ut
1036 3133 1062 3188 in
1079 3133 1142 3208 ple-

116 3221 212 3293 risque
235 3219 302 3284 aliis,
328 3218 478 3274 Casauboni
501 3219 544 3274 illa
567 3219 716 3292 castigatio,
744 3234 879 3293 quamque
903 3218 1050 3274 oscitanter
1072 3219 1142 3275 hanc

116 3304 261 3378 Epiphanii
284 3304 423 3359 historiam
447 3304 553 3406 legerit,
577 3321 609 3359 er
631 3320 665 3359 eo
680 3303 745 3358 satis
761 3313 881 3377 apparet
906 3304 1019 3376 quode.
1037 3304 1141 3361 8scri·

116 3390 173 3463 psrt
188 3388 371 3463 Epiphanius
396 3380 438 3455 ὡς
459 3375 515 3443 σον
536 3384 724 3462 κατισχυσαν
746 3404 773 3443 οι
766 3379 916 3464 ιγ·ὅηιις
939 3381 990 3443 διὰ
1012 3379 1071 3487 γὰρ
1087 3388 1141 3460 τῆς

116 3469 293 3573 σφραγῖδος
320 3474 375 3530 τοῦ
402 3471 543 3547 Χριστοῦ
574 3470 623 3529 καὶ
652 3469 782 3540 πίστεως
809 3464 1023 3547 ἓβοηθηὪνγι
1006 3491 1025 3545 η
1048 3463 1140 3571 γονή·

115 3560 220 3659 τοῦτο
241 3553 345 3633 τρίτον
373 3577 416 3637 τῳ
436 3549 575 3658 Ἰωσήπῳ
604 3549 800 3632 κατηχήσεως
821 3552 911 3633 ἔργον
932 3553 1060 3657 ἐγιᾛνιιο
1092 3547 1140 3612 ὅτι

116 3661 175 3700 ουκ
203 3635 341 3716 ἴσχυσεν,
370 3615 486 3699 ι’νθιι’
477 3636 575 3716 όνομιι
596 3640 737 3716 Χριστοῦ
765 3637 815 3698 καὶ
838 3638 972 3720 σφραγὶς
992 3640 1140 3716 σταυροῦ,

119 3722 327 3823 φαρμακιιιις
360 3720 497 3801 δυναμις.
542 3728 610 3796 Quid
639 3727 711 3784 aliud
739 3728 915 3822 Epiphanius
938 3735 1029 3782 namet
1060 3742 1141 3799 quam

114 3813 208 3872 crocis
237 3812 383 3885 praecipue
412 3814 517 3886 signum
548 3821 575 3868 et
597 3813 792 3869 invocationem
815 3812 931 3868 nominis
956 3811 1054 3867 Christi
1075 3828 1140 3866 mu·

113 3899 176 3955 lieri
195 3896 361 3970 praesidium
385 3896 529 3953 attulisse'l
572 3897 676 3953 Infinita
699 3906 763 3954 sunt
786 3898 959 3973 antiquorum
983 3897 1035 3952 PP.
1059 3894 1139 3952 testi-

112 3983 216 4046 monia,
241 3980 340 4054 quihus
363 3981 437 4047 illud,
462 3982 535 4055 quod
551 3982 725 4038 casaubonus
748 3991 844 4056 negat,
868 3982 997 4047 efficitur,
1021 3989 1138 4037 veterem

113 4067 264 4124 Ecclesiam
287 4066 338 4120 vim
362 4066 497 4141 quandam
520 4068 630 4123 salutari
646 4068 735 4124 crucis
759 4068 836 4140 signo
860 4065 996 4124 tribuisse.
1029 4065 1139 4121 Caetera

112 4163 147 4209 ut
169 4152 304 4217 omittam,
330 4169 400 4208 unus
422 4153 543 4209 omnium
558 4153 643 4208 instar
658 4152 709 4208 erit
720 4152 878 4208 Nazianzeni
893 4152 970 4208 locus
986 4168 1017 4208 er
1033 4151 1105 4206 llrat.
1121 4152 1138 4208 3

945 4249 978 4298 6*
