2586 4822
382 830 590 885 uebeusuttts
609 833 646 885 ΕΤ
663 832 861 886 reputemus.
1047 867 1052 878 .
1095 823 1143 883 97·

110 987 178 1043 llam
208 987 244 1044 iu
272 987 468 1062 concipiendus
496 988 542 1045 ille
570 987 646 1045 loeus
675 988 740 1052 luit,
770 999 800 1046 ut
820 1006 860 1045 -ex
884 988 1026 1046 Ambrosio
1056 1009 1139 1063 supra

111 1072 286 1137 moduinus,
316 1068 366 1129 ml
396 1063 622 1147 lprollworlptpv
648 1066 746 1147 αὐτὴν
759 1066 896 1153 ’ἐμαυτῷ
923 1070 1142 1131 πεντεκαίδεκα.

113 1150 272 1232 ἀργυρίοις
301 1153 352 1214 καὶ
381 1152 479 1234 γόμορ
508 1156 620 1233 κριθῆς
647 1154 697 1214 καὶ
720 1154 813 1216 ledda
834 1159 886 1232 (vel
909 1151 1073 1236 ἡμίγομορ,
1097 1161 1141 1218 vel

112 1235 282 1318 ἧμικόρων)
305 1241 418 1318 κριθῆς
431 1274 473 1283 -
489 1241 539 1299 καὶ
562 1238 645 1300 vevdl
667 1236 761 1312 οἴνου,
784 1245 827 1300 eui
850 1262 900 1300 nos
923 1245 1072 1301 obeliscum
1088 1246 1140 1301 ad-

113 1328 237 1392 iecimus,
260 1329 333 1401 quod
356 1329 508 1402 posteriora
523 1329 566 1385 illa
582 1328 768 1402 dispungenda
785 1329 933 1393 videantur,
959 1339 1054 1404 utpote
1068 1348 1140 1403 quae

113 1413 204 1469 absint
225 1412 260 1469 ab
283 1412 417 1469 llebraeo.
447 1413 526 1482 Quod
549 1423 577 1470 et
600 1414 625 1468 iu
641 1413 758 1470 ldiseella
781 1415 880 1471 laetum
903 1414 936 1470 ab
954 1416 1069 1488 Origene
1085 1416 1139 1472 hoe

114 1499 140 1554 iu
167 1498 231 1554 loeo
261 1499 430 1556 couiieimus.
475 1498 522 1555 Est
545 1499 628 1571 igitur
650 1499 790 1572 Epiphauii
813 1501 946 1556 cavendus
968 1500 1013 1556 bie
1034 1501 1139 1573 lapsus,

114 1584 159 1655 qni
182 1583 301 1647 (iunior,
328 1583 404 1659 quod
425 1583 495 1639 idem
519 1592 561 1639 est
584 1600 614 1638 ae
637 1583 768 1648 Chomer,
792 1602 853 1641 eum
876 1586 992 1649 Lethee,
1006 1585 1073 1641 -boe
1096 1594 1139 1641 est

115 1677 203 1722 totum
233 1685 295 1723 euru
326 1668 432 1724 dimidia
461 1679 553 1742 parte.
583 1668 718 1734 eouludit,
750 1669 819 1724 saria
843 1679 870 1726 et
893 1670 985 1725 vitiosa
1013 1670 1138 1726 eodieum

114 1752 232 1808 lectione
255 1752 395 1826 deeeptus.
426 1753 490 1808 Nam
508 1753 609 1809 Gomor
631 1771 763 1828 nusquam
787 1771 847 1809 eum
870 1755 980 1819 Letbee,
1003 1747 1139 1829 autr‘ppu-

116 1828 197 1916 κόρῳ
227 1837 296 1893 idem
326 1856 386 1893 esse
409 1838 517 1912 legitur.
563 1838 622 1907 Quo
646 1856 677 1893 ex
699 1856 792 1894 errore
816 1849 980 1914 propagatus
1003 1839 1062 1903 hie,
1092 1840 1137 1912 qui

116 1922 248 1995 sequitur,
272 1923 340 1979 alius
363 1932 415 1986 est,
439 1923 536 1995 duplex
560 1941 620 1978 esse
644 1924 759 1988 Gomor,
784 1925 868 1980 maius
891 1942 922 1980 uo
944 1924 1042 1987 minus,
1066 1941 1140 1999 quo·

118 2024 175 2061 rum
200 2006 267 2063 illud
290 2007 360 2064 idem
383 2008 419 2064 sit
441 2025 501 2063 eum
518 2008 628 2073 Lethen,
653 2009 705 2064 boe
728 2018 779 2073 est,
802 2010 953 2065 modiorum
974 2013 1020 2074 15,
1044 2009 1139 2065 euius-

119 2091 187 2146 modi
212 2109 294 2149 eorus
316 2092 372 2148 siue
395 2093 513 2149 Chourer
534 2103 576 2148 est
599 2093 717 2166 triginta,
741 2094 855 2150 alterum
879 2112 942 2151 vero
969 2097 1015 2152 12.

201 2169 236 2232 τὸ
259 2171 293 2234 δὲ
314 2171 426 2255 μικρὸν
449 2169 568 2233 δώδεκα
589 2170 713 2252 βάθοο]
742 2177 964 2236 blendosissimus
995 2180 1038 2235 bio
1061 2178 1138 2236 loeus

119 2261 336 2334 interpunctione
358 2263 493 2319 sanandus
517 2272 567 2318 est.
600 2263 700 2336 Duplex
724 2273 774 2329 est,
799 2265 894 2338 inquit,
919 2264 1138 2327 Gomor,'maius

118 2347 268 2402 modiorum
295 2350 342 2410 15,
376 2348 465 2404 miuus
487 2348 639 2404 modiorum
668 2349 714 2405 tt.
755 2349 910 2424 legendum
934 2350 1024 2424 itaque
1048 2340 1081 2404 rb
1105 2341 1139 2404 de*

118 2425 226 2506 μικρὸν
253 2424 374 2487 δώδεκα
402 2432 475 2503 (sub.
497 2426 626 2505 penditur)
649 2425 768 2502 βάθος·
800 2429 849 2489 καὶ
879 2434 970 2490 τοῦτο
994 2444 1045 2489 ete.
1091 2433 1138 2489 Est

120 2518 185 2571 euim
210 2534 278 2571 nova
301 2534 445 2572 mensurae
467 2518 578 2572 alterius
602 2518 753 2591 explicatio.
796 2519 880 2586 Quem
904 2519 935 2573 ad
959 2519 1067 2573 modum
1092 2535 1139 2573 ea-

121 2600 238 2674 stigauda
262 2611 327 2656 suut
346 2602 447 2659 Latina.
477 2601 618 2657 Caetemm
643 2612 683 2657 est
699 2603 806 2674 quidem
823 2621 919 2675 gomor
934 2602 1005 2675 apud
1021 2603 1138 2658 Graecos

121 2685 224 2758 duplex,
248 2687 296 2742 sed
320 2686 408 2741 miuus
432 2703 485 2742 uon
510 2697 551 2742 est
573 2686 724 2741 uriuliorum
746 2688 791 2750 12.
817 2704 904 2761 neque
928 2688 1012 2743 maior
1039 2690 1083 2749 15,
1108 2696 1138 2744 ut

120 2781 209 2842 quarta
233 2781 311 2844 parte
334 2771 448 2827 alterum
471 2771 590 2827 excedat.
621 2771 690 2840 Quin
707 2772 742 2826 ita
759 2773 859 2845 potius,
883 2781 913 2829 ut
928 2773 1015 2828 miuus
1031 2790 1138 2845 gomor,

121 2854 168 2910 sire
190 2869 270 2920 mur,
293 2857 441 2912 centesima
463 2856 498 2911 sit
520 2856 629 2912 maioris
651 2873 723 2930 pars,
747 2857 819 2931 quod
839 2858 919 2931 paulo
935 2866 997 2914 aute
1013 2858 1135 2913 vidimus.

199 2935 314 3007 Βάθος
341 2937 390 2996 καὶ
420 2943 511 2997 τοῦτο
535 2932 595 2996 alud
619 2942 674 3016 τῆς
691 2933 868 3017 Ἓβροϊκῆς]
900 2943 1000 2998 Bathos
1024 2943 1056 2998 ab
1080 2943 1137 3000 lle·

121 3023 202 3082 bracis
232 3040 278 3085 rra
307 3026 472 3082 nominatur.
517 3025 599 3082 Cuius
627 3028 703 3099 origo
733 3027 854 3084 vocabuli
877 3046 972 3101 parum
996 3029 1188 3102 explicatam
1260 3086 1267 3107 ἱ

121 3109 258 3177 Quomodo
287 3119 376 3166 autem
405 3102 569 3183 ὁμώνυμος
596 3111 702 3166 sitista
726 3111 806 3167 dictio
829 3109 1053 3192 ἓλαιοτριβείῳ,
1083 3115 1136 3169 boe

120 3205 154 3250 est
175 3204 302 3268 mpetu,
325 3195 364 3251 vel
389 3195 538 3259 tudieulae,
563 3195 661 3268 (pinibus
685 3197 774 3251 oleum
798 3199 970 3270 exprimitur,
995 3199 1049 3253 sive
1073 3198 1135 3262 vasi,

120 3279 218 3355 inquo
241 3299 257 3336 e
280 3281 373 3354 praelo
395 3298 426 3337 ae
450 3290 556 3354 trapeto
572 3281 660 3337 llueus
676 3282 817 3354 excipitur,
840 3283 966 3356 ignorare
981 3300 1024 3338 me
1040 3284 1135 3339 fateor.

120 3362 176 3422 dam
199 3382 256 3430 rra,
280 3365 533 3425 autumnalium
558 3366 689 3421 eiusmodi
712 3367 842 3424 olearium
865 3370 1076 3426 instrumentum
1098 3369 1138 3424 si·
1211 3370 1214 3377 '

120 3451 233 3521 gnificat.
280 3451 405 3519 Quamvis
434 3449 503 3506 idem
533 3468 564 3506 ex
592 3451 742 3525 Epiphanio
771 3453 880 3525 scripsit
907 3453 1137 3516 lsidor.16.25.

120 3533 212 3599 lmus,
237 3535 335 3608 iuquit,
356 3544 476 3591 vocatur
497 3536 643 3591 Hebraico
665 3538 764 3607 tiupaa
779 3539 815 3593 ob
832 3539 943 3594 oleario
957 3539 1041 3602 mola,
1065 3554 1137 3609 pane

119 3620 178 3676 balb
209 3622 293 3692 opud
320 3637 381 3685 eor,
411 3622 455 3676 oet
483 3621 570 3677 batbo
591 3623 767 3686 nominatur,
797 3624 912 3696 rapiente
937 3626 974 3679 50
997 3625 1137 3692 sestaria,

119 3720 184 3775 ςοοο
206 3722 344 3760 mamare
364 3722 424 3760 aaa
445 3706 537 3761 motae
558 3707 619 3760 viee
638 3708 802 3778 proteritur.
834 3709 946 3764 Uuieum
969 3716 1054 3764 restat
1069 3707 1138 3763 sub-

119 3790 229 3853 sidium,
253 3789 335 3862 idque
357 3790 475 3863 perleve.
519 3790 585 3846 llam
608 3808 652 3851 n:
676 3789 837 3848 llebraieum
858 3785 958 3865 βρίδος
979 3810 994 3849 a
1017 3793 1135 3854 Graecis.

118 3884 144 3930 ut
163 3876 297 3948 loseplro‚
319 3874 427 3940 dieitur,
450 3876 602 3932 mutatione
624 3878 680 3932 τοῦ
700 3875 768 3932 din
784 3872 813 3947 d,
836 3887 866 3933 ut
893 3888 920 3934 et
941 3877 1056 3934 subinde
1072 3877 1139 3947 lipi-

119 3960 231 4029 pbanius
255 3960 398 4033 expressit.
443 3962 525 4033 Atqui
547 3978 587 4020 a:
610 3960 741 4016 Hebraiee
764 3963 835 4018 inter
856 3964 905 4018 alia
928 3971 1031 4017 vectem
1053 3961 1140 4033 signi-

118 4043 185 4102 leat.
219 4044 286 4100 lliue
308 4045 442 4118 suspicari
465 4045 537 4110 lieet,
561 4044 738 4118 Epiphanium
763 4045 920 4104 llebraieam
943 4063 1049 4108 vocem,
1073 4063 1139 4119 per-

119 4129 178 4186 inde
203 4139 235 4187 ut
257 4130 328 4204 apud
352 4129 480 4195 Graecos,
511 4124 602 4203 perd
624 4130 730 4205 eoueipi
752 4132 942 4195 arbitrantem,
966 4132 999 4187 ad
1021 4130 1138 4189 olearios

163 4223 311 4279 Epiphanius.
331 4225 363 4268 tt.
380 4226 400 4268 1.
967 4231 981 4280 't
