2586 4822
109 812 137 853 vl
513 810 593 861 blod.
613 810 725 860 emath

111 981 288 1038 consequere.
337 964 464 1021 Eiusdem
487 983 567 1039 perro
590 966 745 1021 Anastasius
775 965 800 1020 in
825 963 1035 1033 Quaestionibns
1058 962 1106 1037 Ep

112 1060 202 1107 tomen
230 1050 364 1106 condidit:
394 1051 467 1123 quod
495 1051 562 1106 nihil
591 1050 661 1106 aliud
685 1059 727 1106 est
758 1066 837 1123 quam
866 1048 980 1105 alterum
1004 1048 1106 1105 illude

110 1134 254 1207 lapidibus
270 1133 446 1208 Opusculum,
469 1137 541 1209 quod
558 1134 640 1209 priori
657 1151 686 1190 ac
701 1136 816 1207 longiori
837 1135 1012 1199 subiecimus,
1036 1136 1106 1207 quoi

111 1237 163 1293 que
192 1220 225 1275 ah
253 1220 300 1275 illo
327 1220 461 1275 direx-sum
489 1221 624 1293 reperisse
653 1237 704 1275 nos
736 1220 763 1274 iu
791 1219 980 1293 blanuscriptis
1014 1218 1106 1294 praela

110 1306 218 1368 luimus,
243 1321 294 1360 una
316 1322 378 1361 cum
401 1306 535 1361 l'rancisci
552 1304 674 1359 Ttxrriani
696 1304 922 1377 lnterpretatione
937 1304 1041 1360 latina.
1081 1306 1105 1361 h

21 1432 24 1437 .
111 1408 165 1464 que
187 1389 259 1446 istud
281 1391 388 1463 quidem
412 1407 512 1446 meram
541 1405 601 1445 esse
623 1390 754 1444 hnastasii
776 1388 928 1462 Epitomeu‚
958 1398 1058 1461 postea
1082 1388 1106 1445 di

111 1475 314 1549 prehendimus.
358 1476 386 1530 ln
409 1483 526 1548 utroque
548 1474 594 1529 illo
617 1474 686 1530 libro
709 1473 842 1547 vulgatam
863 1491 966 1536 eorum,
991 1490 1005 1527 a
1029 1472 1107 1547 quibs

111 1561 227 1633 primum
249 1560 377 1632 publicati
400 1559 437 1614 illi
459 1568 532 1623 suxit,
556 1559 700 1614 editionem
723 1559 913 1632 expressimus,
937 1576 1026 1630 neque
1052 1558 1106 1632 qui·

111 1662 191 1719 quaxn
215 1646 366 1707 immutare,
395 1654 441 1700 aut
463 1661 606 1700 recensere
629 1661 698 1716 opus
721 1642 874 1709 habuimus,
897 1642 1062 1716 praesertim
1085 1660 1106 1697 r·

112 1739 200 1786 terunt
223 1729 419 1803 Exexxxplarium
441 1746 494 1802 ope
516 1729 647 1792 destituti,
672 1739 708 1791 et,
732 1729 805 1801 rpxxod
827 1737 908 1801 caput
923 1736 973 1791 est,
998 1728 1106 1785 ‹liutum

111 1816 156 1871 illo
186 1814 384 1870 commentandi
412 1825 493 1887 atque
522 1814 681 1870 emendandi
709 1814 802 1869 labore
830 1813 937 1868 delcssi.
982 1813 1078 1881 Quare

111 1900 223 1955 Gesneri
253 1909 279 1955 et
308 1899 414 1955 Gousali
444 1900 536 1955 Poncii
566 1899 702 1972 diligentia
734 1899 959 1973 acquiescendum
993 1898 1106 1955 ‹luximu

112 1985 188 2051 Quod
212 1995 312 2040 utinam
335 1994 362 2040 et
385 1985 410 2039 iu
434 1985 547 2039 caeteris
569 1984 704 2039 licuissetl
728 1983 870 2057 inquibus
893 2000 925 2037 eo
941 1984 1084 2039 morosius

112 2069 283 2123 iniucundius
311 2068 457 2124 coullietati
485 2086 594 2134 suiuus,
632 2069 704 2141 quod
734 2085 795 2124 cum
824 2067 988 2143 supposititii
1018 2069 1078 2123 siut

112 2150 173 2207 libri
196 2162 276 2225 atque
299 2153 392 2225 spurii.
416 2170 470 2208 non
493 2154 618 2216 eundem,
647 2169 729 2226 ‹pixeux
752 2164 860 2217 caeteri,
889 2153 969 2208 axxixui
1000 2152 1106 2209 lrtrctux

112 2236 180 2291 idem
204 2246 232 2292 et
253 2237 410 2292 emendandi
434 2246 461 2293 et
482 2237 676 2309 interpretandi
692 2239 772 2293 etium
789 2239 910 2311 plerique
926 2238 1066 2293 lastidium
1086 2254 1106 2295 e.

112 2322 270 2395 presserint.
308 2320 409 2377 llorum
433 2322 506 2377 ducit
528 2339 624 2395 agmen
647 2322 727 2379 Liber
749 2325 782 2378 de
799 2322 860 2381 Vite
874 2322 1106 2394 l'ropbetururn⁸

112 2424 192 2479 quern
212 2400 465 2482 ψευδεπίγραφον
479 2424 549 2471 esse,
573 2418 714 2464 sexcentae
737 2408 936 2463 mendaciorum
960 2424 1053 2480 nugae
1069 2424 1106 2482 pe

111 2492 234 2556 suadent,
265 2492 363 2567 quihus
385 2491 429 2547 ille
452 2491 568 2551 relectus
591 2500 642 2548 est.
698 2492 791 2548 Editus
814 2493 858 2548 hic
881 2493 995 2565 primum
1019 2493 1056 2548 ab
1078 2492 1106 2549 'l't

111 2577 171 2633 tino
195 2576 290 2640 luerat,
325 2576 434 2632 homine
464 2578 564 2632 Graece
588 2576 658 2631 haud
682 2578 746 2631 satis
768 2578 872 2650 perito,
902 2594 933 2631 ex
955 2576 1070 2641 codice,
1101 2592 1106 2631 t

112 2669 232 2735 apparet,
256 2662 463 2717 mendosissime
486 2660 648 2734 descriptus.
686 2664 771 2730 Quem
795 2662 867 2717 uelut
889 2671 1000 2716 secutor
1021 2661 1106 2735 quida

111 2746 262 2802 loachinxus
292 2746 431 2802 Zehnerus
464 2746 584 2819 excepit.
619 2764 650 2802 ex
679 2747 722 2801 illa
752 2748 903 2802 Lntlxeruua
937 2755 963 2801 et
987 2746 1104 2804 Pastorit

112 2830 200 2897 lacem
230 2832 276 2904 qui
305 2849 334 2887 se
357 2832 423 2887 locis
447 2831 608 2904 plusquam
634 2832 761 2887 trecentis
792 2848 860 2904 opus
882 2830 947 2885 illud
971 2830 1106 2888 emendas

113 2923 227 2970 testatus
251 2925 301 2970 cst.
347 2916 445 2971 Verum
468 2918 587 2990 pessimo
615 2916 658 2971 hic
682 2915 812 2989 exemplo.
845 2932 876 2971 ac
903 2931 989 2989 prope
1018 2914 1106 2991 llagitl

112 2998 186 3053 riulla
210 3009 330 3054 veterum
353 2999 485 3056 librorum
507 3001 673 3056 authoritate
701 3000 796 3064 laetias,
828 2999 884 3056 sela
908 3016 939 3055 ex
962 3002 1106 3057 conicetur·

111 3100 166 3138 non
188 3101 273 3157 pauca
295 3086 415 3148 mutarit,
439 3086 520 3140 immo
543 3086 735 3159 depravatione,
759 3103 838 3158 quam
862 3094 938 3140 eraut
953 3093 1044 3147 antea.
1069 3098 1106 3143 ret

112 3167 187 3224 didit.
226 3167 299 3223 babo
322 3169 365 3224 hic
388 3178 523 3226 extremae
540 3170 707 3227 Coniectoris
730 3170 800 3226 illius
823 3169 959 3234 audaciae,
984 3170 1025 3225 vel
1050 3171 1105 3227 inse

113 3253 165 3310 tiae
187 3253 287 3326 potius,
312 3254 432 3328 exempla
455 3255 518 3319 duo,
542 3273 610 3328 quae
633 3256 744 3329 reliquis
767 3257 799 3311 ad
822 3255 958 3328 specimen
982 3255 1106 3329 insignior

112 3354 185 3393 nuuc
220 3348 376 3395 occurrunt.
434 3340 462 3395 ln
497 3340 570 3396 liliae
606 3340 759 3415 Prophetae
797 3341 849 3395 vita
889 3341 1021 3413 scriptum
1058 3349 1106 3397 eru

112 3404 203 3489 οὗτος
224 3407 261 3498 ἦν
280 3419 314 3503 ἐκ
339 3418 468 3496 Θισβῶν
500 3420 532 3481 ἐκ
559 3425 614 3501 γῆς
635 3416 793 3503 Ἀράβων,
823 3420 856 3481 ἐκ
885 3422 985 3502 φυλῆς
1004 3416 1106 3503 'stupui

197 3571 221 3633 *l
240 3574 308 3622 lluric
327 3572 421 3635 librum,
440 3575 481 3638 qui
499 3575 557 3624 nihil
576 3589 675 3637 prorsus
691 3590 745 3623 eum
755 3574 887 3638 Epiphanio
906 3587 1036 3621 extitimune
1055 3572 1106 3623 heht

111 3641 141 3690 ab
160 3641 204 3691 huc
217 3642 343 3705 Epiphanii
361 3658 460 3705 operum
480 3643 585 3692 editione
604 3643 755 3701 exclusimus,
774 3658 846 3706 uiuunt
865 3643 948 3690 uitiosa
960 3641 1045 3690 Pelusii
1060 3640 1106 3691 edit

112 3709 169 3757 nulli
190 3710 260 3759 hodie
279 3712 332 3759 usui
352 3712 395 3772 sit,
421 3719 546 3775 postquam
567 3712 630 3761 hcine
648 3711 752 3759 libelluxn
772 3710 927 3773 amplioribus
946 3723 1018 3772 quain
1042 3709 1106 3758 l’etar

112 3778 135 3824 in
154 3788 265 3841 promptu
285 3780 379 3827 luerunt
396 3779 512 3828 librorum
536 3780 612 3842 copiis·
637 3794 695 3828 usus
720 3779 856 3840 additisque
884 3778 1063 3827 ccxxxuxentariis
1086 3784 1106 3825 ut

113 3845 210 3894 lissimis
228 3847 257 3895 ll.
271 3849 297 3894 h.
312 3846 459 3895 llamalxerus
484 3847 586 3897 ediderit
603 3847 772 3897 hinstelodaxni
791 3864 812 3895 a.
830 3846 916 3908 tusa,
942 3860 991 3893 non
1018 3846 1106 3895 exbaut

113 3920 191 3961 tumen
210 3914 254 3963 hac
272 3914 379 3963 trieteris.
424 3914 508 3963 Latent
526 3916 588 3975 eninr
607 3917 631 3964 in
650 3915 801 3963 bibliothecis
820 3915 917 3963 ceiliees
935 3927 983 3961 uon
1002 3914 1106 3977 paucio

112 3980 146 4027 rel
165 3982 247 4030 breues
266 3982 480 4031 cocicmentaticnes
497 3983 531 4031 rel
550 3984 690 4047 uruplioruni
710 3984 938 4031 cuxrimentatiouum
957 3982 987 4031 de
1004 3982 1059 4030 ritis
1077 3980 1106 4031 er

113 4048 237 4108 phetaruxu
257 4057 366 4112 excerpta
385 4052 522 4100 continent:
544 4052 573 4101 de
591 4053 679 4115 quibus
697 4053 833 4100 accuratius
852 4050 944 4115 quaeri,
963 4064 1023 4099 nora
1042 4058 1065 4099 et
1082 4048 1106 4113 pl

111 4115 181 4165 ciere
198 4116 260 4167 lacta
278 4117 392 4181 editione,
411 4132 499 4181 operae
517 4122 621 4182 pretium
639 4120 691 4169 erit.
727 4119 754 4169 G.
774 4118 855 4169 lllllb.
