2586 4822
432 865 508 918 tcta
525 866 745 917 ttotttttttttttt.
768 931 775 945 ι
1017 868 1100 912 mli

93 1019 266 1075 mantiam
288 1019 403 1085 diaconi,
428 1020 520 1076 eadem
543 1032 623 1076 nocte
646 1022 688 1076 usi
711 1021 825 1093 coniuge
841 1036 904 1081 sua:
928 1040 1012 1096 quaro
1026 1024 1100 1080 solus

93 1103 202 1160 talibas
225 1103 353 1178 deinceps
375 1105 407 1159 ad
430 1106 607 1161 ministratum
631 1106 720 1161 altaris
743 1107 881 1162 ordinarit.

505 1341 613 1397 CAPUT
635 1342 688 1397 Vll.

106 1464 110 1469 '
164 1456 271 1522 Cetera,
294 1467 325 1513 ut
347 1477 365 1514 o
390 1458 504 1529 Polybio
527 1461 661 1516 adiuncta
684 1461 879 1525 obtruduntur,
904 1462 1028 1533 exploso.

175 1613 224 1667 51.
269 1610 361 1684 Capito
384 1607 516 1684 supcrrori
539 1611 622 1668 relata
646 1613 732 1667 tritinia
756 1613 906 1684 scripsisse,
930 1613 1015 1667 inscio
1038 1612 1105 1666 invi-

93 1708 172 1769 !nquc
194 1704 304 1759 sancto,
328 1696 438 1768 satagitur
460 1697 509 1751 iani
533 1715 614 1770 saepe
637 1696 791 1751 nominatus
814 1698 941 1762 loannes,
965 1696 1105 1770 Epipliauii

93 1779 234 1853 mbytcr
262 1790 289 1835 et
311 1781 436 1836 itinerum
462 1783 580 1836 ninnium
603 1782 709 1843 socius:
738 1782 784 1854 qui
807 1783 954 1836 moriturus
977 1781 1104 1837 advocato

93 1864 122 1921 nl
142 1882 175 1920 aa
198 1865 309 1938 Polybio
332 1866 452 1938 lampada
477 1867 623 1922 taadidarit.
665 1866 713 1922 llic
735 1883 801 1938 ergo
824 1866 961 1923 inducitur
982 1883 1104 1929 narrans,

93 1951 228 2025 pomodo
251 1959 361 2006 sanctus
384 1953 536 2024 opiscopus,
560 1952 685 2008 divinitus
700 1952 818 2006 monitus
834 1969 884 2025 pro
899 1959 1013 2007 catenus
1027 1967 1105 2024 parva

93 2050 214 2108 nagnam
237 2035 377 2092 ecclesiam
400 2054 414 2090 a
437 2037 616 2093 fundamentis
639 2046 787 2100 exstruere,
811 2037 890 2092 variis
904 2034 1040 2092 miraculis
1056 2033 1107 2090 ob-

93 2118 203 2177 t'fluerit
225 2130 350 2193 sumptus
373 2121 404 2175 ad
428 2139 497 2193 opus
519 2123 697 2177 necessarios.
730 2122 794 2176 Nam
817 2122 903 2194 priano
926 2138 988 2176 curn
1011 2120 1107 2176 iliaco·

93 2205 131 2261 ἡ
153 2205 294 2260 cuiusdam
317 2205 413 2267 divitis,
437 2207 483 2260 scd
507 2207 624 2278 gentilis,
647 2207 698 2261 sibi
714 2207 851 2262 illudentis
866 2206 950 2262 lilium
967 2215 1107 2279 aegrotum

93 2297 229 2351 anassem
252 2289 348 2344 morbo
371 2292 396 2344 in
421 2301 522 2362 patrcm
547 2291 692 2354 translato,
719 2309 881 2364 rursumque
904 2292 935 2345 ad
959 2308 1034 2346 suain
1058 2291 1107 2346 bo-

93 2373 271 2431 andictioncm
295 2373 384 2429 ablato
408 2376 566 2448 impetrasse
588 2375 621 2429 ab
644 2376 748 2438 codam,
772 2393 903 2431 convorso
925 2393 986 2431 cum
1012 2375 1107 2430 lamilia

93 2458 297 2530 w-baptizato,
328 2460 550 2533 quinquemillia
573 2477 760 2515 nummorum:
790 2460 886 2515 doindc
908 2478 969 2515 cum
992 2460 1108 2515 bustor-

93 2542 164 2617 p'nm
188 2543 292 2616 Syrtesia
316 2544 438 2599 sinulitaa·
460 2545 567 2615 ginatus
587 2544 680 2607 lilium,
704 2554 816 2617 rogante
832 2555 927 2607 matra,
950 2546 1108 2600 suscitasset

93 2644 106 2685 Ι
132 2630 264 2691 mortuis,
295 2629 328 2683 ab
351 2646 383 2684 co
407 2629 496 2684 olalata
520 2630 569 2684 tria
592 2628 671 2685 millia
693 2646 832 2684 unanimum
856 2629 992 2684 remisisse
1013 2629 1045 2684 ad
1069 2629 1109 2699 la·

93 2712 203 2770 bium.
249 2713 345 2768 Postca
369 2732 429 2768 rum
455 2714 565 2787 Polybio
589 2715 639 2769 iam
663 2714 822 2788 presbytero
845 2724 970 2768 narratur
991 2714 1110 2786 Epiplaa-

93 2796 154 2855 ὕπο
175 2798 257 2853 ivisse
279 2797 490 2872 lliarosolpniaru
514 2800 545 2854 ad
569 2799 675 2855 loannis
698 2800 831 2873 episcopi,
856 2799 896 2854 sui
920 2798 971 2853 sub
994 2798 1110 2854 Hilario·

93 2882 134 2941 nin
161 2883 303 2957 disciplina
330 2884 522 2958 condiscipuli,
552 2885 733 2956 conligandam
768 2884 918 2947 avaritiam,
947 2893 978 2939 ut
1009 2883 1109 2938 dictum

93 2970 186 3033 sil,
216 2968 333 3042 indeque
361 2971 518 3043 regrediens
547 2970 692 3026 oliciatlissc
720 2969 858 3025 mendicos
880 2969 964 3031 aluos,
993 2983 1110 3042 quorum

93 3050 163 3111 lter
183 3070 214 3110 se
235 3063 373 3110 mortuum
396 3055 547 3119 simulabat,
571 3056 643 3128 quod
667 3056 692 3110 ir.
709 3056 797 3128 Cypro
820 3054 918 3109 iactum
940 3053 1046 3109 violetur
1067 3053 1111 3107 in·

93 3136 183 3197 dure
199 3139 368 3196 &rumonus
391 3143 450 3205 (lib.
468 3142 509 3197 t'tt
533 3158 595 3213 cop.
613 3143 675 3203 27).
707 3139 765 3195 lluc
786 3156 869 3213 porro
892 3155 1016 3193 reversus
1039 3137 1112 3193 isaa-

93 3238 156 3281 αιι
176 3224 307 3280 iudaeum
329 3225 396 3298 legis
419 3228 534 3298 pcrittuu
558 3225 609 3279 salai
634 3225 799 3287 adiunxerit,
823 3234 850 3279 et
873 3240 963 3279 coram
986 3222 1111 3277 Romanis

93 3308 207 3372 mdis,
230 3307 264 3363 ab
287 3310 398 3364 brcaalio
422 3321 447 3365 at
471 3310 591 3364 llouurio
614 3308 823 3382 honoratioribus
846 3308 878 3363 aul
897 3309 985 3382 ipsum
1000 3307 1112 3362 Romam

93 3390 282 3450 numentum
304 3394 403 3456 missis,
426 3395 646 3449 cnlunuuatorcm
669 3411 747 3449 auum
771 3393 981 3455 Faustinianum,
1005 3392 1111 3448 innoxio

93 3476 161 3535 ssim
182 3477 252 3533 labri
273 3477 386 3534 alicuius
407 3479 484 3551 lapsu
508 3495 684 3551 oppressum,
714 3479 863 3543 suscitans,
893 3477 965 3532 millo
987 3492 1112 3532 nummos

93 3560 132 3619 d
152 3565 212 3619 eius
232 3579 318 3619 uxorc
340 3563 445 3619 oblatos
468 3564 566 3618 dicitur
586 3562 702 3618 labricac
724 3564 882 3637 applicasse,
905 3572 987 3636 atquc
1005 3563 1041 3617 ita
1058 3562 1113 3617 llo-

93 3662 168 3705 -m
190 3647 338 3720 navigasse,
362 3664 423 3703 cum
446 3649 537 3703 isaaco
560 3658 640 3720 atquc
663 3648 783 3721 Polybio,
811 3647 905 3704 ralia-to
928 3647 961 3702 ad
984 3646 1113 3703 ecclcsiae

93 3730 314 3789 &astantia-asts
342 3733 464 3788 vicariam
487 3750 578 3788 curam
603 3734 730 3798 Philone,
759 3750 814 3788 uno
837 3751 869 3788 cn
892 3732 1002 3806 legatis,
1032 3747 1113 3806 quem

93 3828 149 3887 po
170 3817 276 3873 civitate
292 3817 409 3889 Carpasii
431 3820 588 3891 episcopum
604 3819 764 3874 nominarat.
795 3818 913 3891 Carpasii
928 3816 1019 3873 civitas
1034 3832 1114 3888 quam

93 3902 186 3958 norim
209 3901 280 3957 nulla
305 3913 361 3958 ast:
385 3903 535 3976 Carpathus
557 3902 652 3966 insula,
677 3902 820 3976 Cycladum
843 3903 939 3959 extima
962 3901 1034 3957 intcr
1048 3900 1114 3955 Cra-

98 3990 155 4041 ἱι
174 3996 204 4043 ct
226 3986 365 4051 ilbodum,
394 3988 477 4062 longo
499 3989 579 4043 maris
602 3996 689 4044 tractu
711 3988 792 4044 distat
813 4003 828 4042 a
851 3988 953 4061 Cypro,
982 3985 1014 4040 ad
1037 3984 1114 4039 cuius

103 4072 300 4146 lctropolitam
323 4090 493 4147 nequaquam
514 4073 654 4146 spectabat
677 4073 701 4128 ci
723 4072 872 4146 providero.

186 4159 237 4216 52.
266 4156 321 4214 Sed
343 4158 409 4214 hacc
430 4158 529 4214 leviora
551 4167 628 4215 suut:
653 4173 723 4231 quac
737 4165 891 4232 sequuntur
904 4169 985 4227 quam
999 4160 1115 4221 possunt

923 4249 966 4299 Ε*
