2586 4822
77 34 1268 327 nm

514 862 622 915 vuasto
642 864 782 924 iunoni.
1101 850 1161 914 189

135 1020 232 1077 dixere
261 1020 417 1094 prasinum,
445 1018 558 1092 aliisque
587 1021 744 1077 nominibus
765 1021 815 1077 alia
838 1031 1010 1078 vocaremnt.
1053 1021 1162 1096 111113-

137 1121 225 1179 gaius
249 1103 368 1180 quidem,
391 1104 433 1162 uel
455 1104 536 1161 etiam
557 1104 728 1179 laggumsh,
751 1107 775 1161 si
797 1106 856 1179 ipse
870 1106 906 1162 sit
920 1105 1073 1180 liggyn'nm,
1097 1122 1162 1162 rur·

139 1207 188 1246 sus
218 1207 253 1246 ex
274 1206 329 1264 quo
352 1191 388 1246 sit
409 1188 487 1254 loco,
517 1191 675 1246 nescitura
698 1190 787 1247 nobis.
832 1189 961 1247 Arbitrati
983 1200 1048 1246 sunt
1070 1201 1161 1248 autem

140 1291 204 1331 enm
233 1275 268 1331 (le
296 1275 438 1349 superiore
461 1291 522 1332 esse
544 1273 696 1338 Thebaida,
724 1276 934 1350 propterquod
956 1275 1090 1332 alhrmant
1112 1277 1163 1333 ali·

107 1369 211 1434 nquos
234 1360 346 1434 lapides,
370 1377 402 1416 ea
424 1360 512 1434 lapide
535 1361 588 1416 boo
609 1360 637 1415 in
660 1361 726 1417 aede
748 1359 901 1435 Asclepiih,
925 1376 995 1434 quae
1010 1361 1049 1417 sic
1064 1361 1187 1434 appel-l

141 1444 228 1509 latur,
252 1445 279 1500 in
302 1445 419 1520 llemphi
441 1444 571 1519 Aegyptia
594 1446 721 1519 reperiri:
745 1445 772 1501 in
796 1445 895 1521 quihus
919 1453 983 1501 sunt
1005 1445 1087 1501 veluti
1110 1461 1163 1501 no-

143 1539 184 1584 tae
211 1530 415 1587 intermicantes
443 1546 499 1586 non
521 1530 593 1586 sicut
615 1531 641 1585 in
664 1530 805 1604 ophitell,
835 1530 884 1586 sod
906 1529 1038 1587 habentes
1061 1540 1162 1604 puncta

144 1615 212 1670 iuxta
240 1615 393 1683 cerinum')
421 1615 536 1688 lapidem
565 1615 604 1671 sic
632 1623 764 1671 vocatum.
810 1614 913 1671 Puncta
936 1625 1001 1671 suat
1022 1615 1162 1671 viridantia

147 1699 189 1764 ita,
210 1708 242 1755 ut
263 1700 444 1775 intelligamus
467 1700 494 1755 in
516 1699 652 1774 prolundo
674 1699 769 1773 lapidis
785 1701 866 1756 huius
883 1716 976 1756 venam
992 1717 1054 1756 csse
1068 1699 1164 1756 lectis·

149 1784 245 1840 simam.
275 1785 329 1842 Sed
352 1795 380 1842 et
402 1785 490 1841 adbuc
511 1784 628 1840 lucidius
650 1794 678 1841 et
700 1786 851 1858 speciosius
876 1785 943 1841 haec
965 1794 1044 1859 petra
1058 1785 1205 1843 videturtb

153 1870 291 1944 sumpsisse
313 1887 476 1944 cognomen.
506 1869 671 1943 Explanatur
693 1870 763 1926 caim
786 1870 910 1943 liggurus
932 1887 946 1924 a
969 1869 1087 1943 quodam
1102 1869 1163 1925 ani·

156 1953 215 2019 mali,
236 1954 310 2030 qnod
333 1955 444 2030 liggium
467 1954 632 2020 nominatur,
656 1953 760 2010 habens
783 1954 903 2010 colorem
927 1954 992 2027 pulli
1015 1953 1106 2009 bubali
1122 1953 1163 2010 vel

158 2035 257 2096 buculae
278 2039 365 2105 rufae,
388 2040 465 2096 cuius
488 2039 572 2096 canda
595 2039 699 2095 modica
723 2048 774 2103 est,
799 2049 825 2095 ct
848 2039 931 2095 habet
954 2047 1053 2112 puncta
1076 2055 1163 2113 quae

160 2122 204 2178 lan
224 2125 373 2190 viridantia,
396 2125 604 2200 propterquod
628 2134 655 2180 ct
677 2125 745 2199 lapis
767 2125 872 2197 ligurus
895 2124 965 2180 idem
981 2123 1054 2197 liggii
1078 2122 1163 2179 cauda

162 2211 319 2282 imutur'p.
349 2211 405 2284 Ego
427 2219 519 2266 autem
542 2210 717 2266 vehementer
738 2208 865 2273 admiror,
889 2226 939 2265 cur
960 2208 1099 2282 Scriptura
1121 2209 1204 2266 di-tll

162 2294 205 2349 rina
232 2312 329 2352 curans
358 2295 390 2350 ad
418 2304 559 2359 amatum,
591 2295 772 2367 decoremque
797 2294 1007 2368 pulchritudinis
1030 2293 1161 2366 regalium

165 2388 278 2437 sertomm
294 2390 321 2437 et
344 2381 567 2437 vestimentorum
590 2379 783 2453 pontificalium
808 2380 845 2435 uti
869 2378 1003 2452 lapidibus
1024 2379 1161 2450 pretiosis,

139 2467 185 2516 tuat
201 2465 396 2529 nonnullorum,
423 2466 469 2540 quii
493 2465 607 2520 multum
631 2474 708 2520 erant
731 2465 788 2520 noti
810 2464 1017 2536 manifestique,
1041 2479 1163 2518 comme·
1218 2531 1231 2541 ·

166 2560 260 2614 uorans,
284 2550 441 2607 carbunculi
465 2549 535 2614 dico,
560 2559 587 2605 ct
603 2549 746 2622 smaragdi,
771 2549 925 2622 amethysti,
949 2557 976 2603 ct
991 2548 1088 2611 achati,
1113 2547 1164 2602 be-

168 2630 219 2701 nili,
239 2645 264 2691 et
285 2635 455 2710 chrysolithi,
480 2636 507 2691 in
531 2636 628 2691 horum
651 2635 868 2690 dinumeratione
889 2632 1008 2706 lapidum
1032 2649 1087 2687 non
1105 2637 1206 2690 medo

183 2870 189 2884 ³
231 2819 249 2875 al
266 2818 384 2880 losephus
402 2820 452 2868 lat.
471 2817 553 2866 lihlll
573 2832 625 2880 cap.
636 2816 659 2878 8,
679 2817 751 2865 habet
763 2811 881 2880 λίγυρος.
919 2814 1032 2878 Nunqnid
1044 2809 1161 2878 λίγυρος,

166 2871 306 2952 Ᾱῑγγουρος,
325 2879 493 2949 lriyyoupac,
512 2879 660 2950 λόγκουρος
678 2892 732 2940 etc..
751 2885 897 2933 substantiva
916 2891 971 2932 sunt
990 2884 1102 2941 nomina3
1127 2878 1165 2929 lt-

166 2957 239 3010 >upum
253 2969 307 3003 aero
325 2953 466 3002 adiectiuum
485 2953 611 3002 subaudita
629 2968 686 3002 roco
698 2947 785 3007 λίθος,
806 2955 882 3017 lupis;
901 2960 925 3000 et
937 2945 1096 3016 λιγγούριον
1109 2952 1165 3000 sub·

167 3016 227 3066 audita
241 3036 296 3070 auce
315 3014 451 3086 ἤλεκτρον,
472 3023 599 3071 electrum?
940 3026 943 3032 '

176 3146 179 3154 Ι
232 3096 247 3141 tl
270 3090 434 3153 Aesculapius,
454 3089 544 3138 Graece
560 3080 715 3148 Ἀσκληπιὸς
734 3095 778 3137 est.
816 3088 898 3150 ltaque
917 3087 1042 3149 Asclepius
1062 3088 1085 3136 in
1104 3086 1165 3135 mul·

168 3152 190 3193 us
208 3168 293 3221 quaque
319 3158 408 3207 Latinis
433 3158 629 3220 inscriptionibus
653 3157 716 3221 apud
736 3157 863 3205 Gruterum
888 3156 989 3204 dicitur:
1016 3156 1073 3218 quin
1094 3157 1165 3203 etium

168 3213 270 3289 lanienae
288 3226 384 3289 Capella
403 3227 434 3275 ile
451 3229 539 3290 nuptiis
558 3233 612 3287 etc,
630 3226 670 3274 lib.
682 3225 716 3286 11,
734 3225 828 3287 inquit:
856 3225 954 3274 lernou
972 3226 1075 3288 asclepio
1095 3226 1167 3273 Grae-

169 3298 196 3331 na
209 3295 341 3344 medicinam.

232 3365 253 3412 ul
270 3361 372 3410 llarmor
390 3361 484 3423 ophitea
503 3361 548 3409 hoc
567 3374 654 3409 nomen
674 3361 753 3420 behet,
772 3359 837 3422 quod
856 3366 994 3421 serpentum
1009 3361 1084 3409 instar
1096 3358 1166 3408 uariis

171 3427 246 3476 uacans
262 3430 401 3479 distinctum
420 3430 456 3478 ait.
494 3429 527 3478 lle
547 3444 575 3477 eo
596 3430 684 3477 Plinius
704 3429 743 3477 lib.
755 3427 841 3477 11111111
861 3428 948 3489 capi.

191 3555 194 3563 ¹
232 3504 251 3551 tl
274 3498 344 3561 Lapis
364 3498 416 3555 bic,
434 3504 460 3545 ut
478 3498 578 3559 opinor,
603 3497 643 3545 ille
662 3504 705 3559 est,
724 3510 795 3559 quem
815 3495 855 3543 alii
874 3499 964 3545 ceritrm
982 3503 1072 3544 vocant.
1108 3495 1166 3545 lide

172 3550 247 3612 llraiun
264 3565 410 3616 lihllllll'll
429 3579 481 3627 cap.
493 3564 523 3614 tu
542 3573 588 3614 ete.

234 3637 259 3687 ot
277 3634 345 3692 uuae
364 3635 402 3682 hic
420 3633 450 3682 de
468 3633 575 3696 lyncurio
594 3639 710 3681 memorat
720 3631 876 3694 Epiphanius,
895 3644 958 3679 nune
972 3631 1081 3694 primum,
1100 3630 1165 3693 qtrod

171 3691 233 3761 saian,
247 3702 407 3751 innotescunt.
444 3701 516 3750 Porro
535 3701 622 3750 animal
640 3700 713 3761 illud,
733 3700 797 3763 qnod
817 3699 911 3760 liggium
930 3706 1010 3760 uocat,
1030 3706 1095 3747 certe
1113 3699 1166 3760 lpnx

171 3769 211 3810 ⁸³⁸0
224 3769 316 3832 ridetur,
334 3785 348 3819 a
367 3784 414 3832 qua
433 3775 456 3818 et
474 3770 513 3818 alii
532 3783 620 3819 nomen
638 3768 754 3832 lyncurio,
774 3782 816 3816 scu
830 3767 936 3830 lyncurio
948 3766 1035 3815 luctum
1049 3767 1166 3826 dircmot‚

170 3823 253 3885 thalon
268 3845 349 3887 tamen
367 3838 474 3897 ratione,
493 3838 558 3901 quud
577 3838 688 3886 nimirum
708 3851 734 3884 ea
753 3835 829 3900 lyncis
847 3836 913 3884 uriun
932 3836 980 3884 liat.
1016 3835 1072 3883 Vide
1091 3833 1168 3881 helia-

171 3905 212 3971 nun
227 3904 279 3955 unc
297 3909 392 3956 animal.
410 3905 489 3955 linit
508 3922 560 3968 cap.
575 3906 619 3956 l'lt
642 3904 832 3967 Theophrastum
858 3904 881 3951 in
906 3903 946 3952 lib.
973 3897 1038 3966 Περὶ
1062 3897 1166 3955 lidus,-

171 3961 248 4021 thatun
264 3975 304 4023 lib.
315 3974 363 4023 llll
377 3989 429 4037 cap.
441 3973 481 4035 38,
501 3983 522 4023 et
542 3975 582 4023 lib.
593 3973 690 4022 lilh'l'll
705 3987 758 4036 cap.
768 3971 799 4033 2·,
820 3972 928 4020 Solinum
941 3986 992 4033 cap.
1004 3971 1027 4028 l,
1047 3977 1070 4017 et
1088 3970 1166 4030 ipsum

169 4027 294 4092 Pltltrtlum
320 4045 351 4093 lle
370 4047 439 4093 anim.
458 4044 555 4093 solertia
573 4049 633 4102 ete,
658 4048 684 4090 ut
701 4041 762 4089 alios
781 4048 881 4089 taceam.
918 4038 1028 4089 Ceterum
1048 4036 1167 4098 animalia,

169 4112 215 4174 uuae
234 4110 282 4160 aliis
311 4104 405 4176 lirare
433 4117 504 4172 sunt,
535 4110 636 4159 docente
661 4109 778 4158 salmasio
802 4108 882 4171 put,
912 4105 1076 4155 Artemidorus
1100 4112 1168 4155 vocat

168 4163 267 4240 hypocr,
288 4186 311 4230 et
329 4180 393 4244 apad
413 4179 565 4229 Plutarchum
583 4176 679 4228 laudato
698 4178 751 4227 loco
768 4169 871 4241 ttyyac
888 4175 935 4224 dici
954 4171 1056 4222 inuenio.
