2586 4822
483 856 774 908 usiuimensmnes.
1059 846 1139 926 ,ltl

203 1003 253 1066 lul
277 1001 443 1069 ‘Puurmn'l
469 1003 616 1087 ἡγεμόνος
645 1007 696 1068 καὶ
714 1005 891 1089 Ἀδριανοῦ]
928 1013 1067 1075 llauilesta
1096 1026 1139 1076 est

117 1094 297 1151 hallucinatio
317 1104 347 1152 et
368 1097 477 1171 quidem
500 1097 608 1171 duplex.
652 1097 718 1154 llam
740 1115 830 1171 neque
850 1097 967 1157 Adriano
990 1101 1141 1174 imperante
1202 1161 1205 1165 .

117 1189 244 1236 mortuus
268 1189 310 1237 est
331 1182 466 1246 lustinus,
490 1183 539 1239 sed
560 1182 595 1237 ll.
617 1182 726 1238 Aurelio
749 1192 778 1239 et
799 1183 828 1239 t.
854 1184 931 1249 Vere,
954 1195 985 1241 ut
1006 1185 1139 1243 Eusebius

116 1265 218 1320 asserit
239 1264 341 1321 Eccles.
366 1266 434 1322 Hist.
459 1271 487 1331 4,
505 1272 550 1332 15,
581 1277 609 1323 et
637 1267 781 1324 tricenario
809 1270 895 1325 maior
916 1270 998 1327 luerit
1020 1280 1138 1344 oportet.

118 1357 152 1404 ut
179 1367 212 1405 eu
240 1351 370 1423 temporis
399 1353 519 1416 ratione,
548 1370 604 1425 quo
625 1353 770 1426 Apologias
792 1371 842 1426 pro
865 1354 1023 1411 Christianis
1046 1356 1137 1420 edidit.

114 1443 245 1490 construe
272 1446 373 1508 potest.
417 1439 578 1510 Quanquam
606 1437 713 1494 difficile
736 1446 779 1494 est
800 1447 937 1503 statuere,
968 1441 1137 1512 quandonam

114 1519 189 1583 illue,
212 1530 260 1576 aut
280 1538 336 1593 quo
358 1520 467 1578 demum
489 1523 584 1578 ordine
606 1523 723 1596 scriptae
746 1523 809 1579 sint.
841 1523 973 1580 Eusebius
996 1524 1063 1581 llist.
1088 1525 1136 1585 Ι.4

114 1604 185 1660 duas
206 1607 317 1661 omniun
340 1608 481 1680 scripsisse
504 1608 635 1662 lustinum
658 1608 756 1664 refert:
780 1625 895 1680 quarum
917 1609 1034 1681 priorem
1051 1613 1179 1667 Anno-tt

116 1690 184 1745 uiuo
200 1690 248 1746 Pio
270 1690 378 1755 obtulit,
402 1702 432 1747 ut
454 1710 478 1748 e.
496 1694 512 1750 8
530 1702 558 1748 et
579 1695 612 1748 lll
630 1701 754 1749 testatur.
786 1693 835 1749 Ubi
851 1695 931 1749 etiam
947 1694 1040 1751 lustiui
1057 1693 1138 1752 verbu

113 1776 250 1848 uitandam
279 1793 310 1831 ex
338 1794 384 1839 eu.
415 1794 484 1849 quae
507 1778 626 1833 secunda
648 1787 819 1842 numeratur,
847 1778 979 1852 Apologia
1001 1780 1080 1835 citat:
1110 1780 1138 1837 in

114 1859 217 1933 quibus
241 1861 273 1916 de
290 1862 418 1926 Antinoo,
442 1862 576 1918 Marcione
599 1878 630 1917 ac
651 1862 759 1918 ludaico
782 1861 854 1919 bello
876 1864 1042 1920 mentionem
1057 1864 1136 1921 iecit:

115 1954 146 2002 et
167 1945 241 2017 qitud
262 1957 344 2018 ceput
366 1955 417 2009 est,
441 1948 521 2003 huius
544 1948 624 2003 etiam
647 1947 752 2003 initium
774 1947 883 2004 subiicit
905 1965 929 2003 c.
942 1953 950 2004 l
965 1953 987 2005 l.
1017 1951 1052 2005 At
1073 1966 1137 2007 veru

114 2047 141 2087 c.
156 2035 191 2087 lb
214 2031 269 2087 sire
296 2034 332 2088 16
355 2031 466 2087 alteram
488 2031 647 2105 Apologiani
674 2031 725 2087 sub
749 2031 783 2088 ll.
804 2033 915 2089 Aurelio
943 2043 971 2089 et
993 2034 1021 2090 L.
1067 2034 1136 2093 Vero

115 2116 247 2187 scriptam
274 2115 403 2171 affirmet:
434 2112 513 2172 κατὰ
539 2110 649 2173 τούσδε
671 2111 721 2172 καὶ
744 2109 760 2173 ὁ
783 2119 884 2195 μικρῷ
905 2112 1044 2194 πρόοδοι
1064 2111 1138 2193 ἡμῖν

114 2195 271 2274 δηλιοδεὲς
290 2193 451 2267 Ἰοιστῖνος
479 2195 619 2274 δεύτεροι
638 2193 715 2277 ὑπὲρ
739 2205 799 2258 τῶν
821 2195 893 2257 καθ’
916 2196 998 2277 ἡμᾶς
1020 2197 1138 2279 δογμά-

115 2304 178 2340 τιιιι
199 2281 321 2356 βιβλίον
342 2280 475 2353 άιιιδοδς
497 2289 560 2352 τοῖς
582 2282 802 2360 δεδηλωμένοις
825 2279 963 2365 ἄρχουσι,
985 2284 1062 2367 θείῳ
1081 2308 1137 2344 κα-
1211 2297 1215 2304 ’

113 2373 313 2442 τοκοσμιΐτιιι
334 2367 503 2449 μαριυρίῳ,
533 2371 590 2428 Sitb
605 2372 714 2428 Aurelio
737 2373 821 2445 igitur
836 2383 864 2428 et
875 2374 953 2437 Vero,
978 2390 1047 2448 quos
1063 2392 1087 2429 e.
1101 2375 1135 2433 13

113 2456 170 2511 sive
191 2458 238 2517 14,
260 2458 397 2513 Antonino
413 2457 461 2512 Pin
484 2457 650 2512 successisse
672 2457 877 2528 significaverat,
901 2458 1046 2515 secundum
1062 2461 1137 2531 Apo·

115 2540 215 2613 logium
237 2540 336 2596 obtulit
359 2552 385 2597 et
408 2559 504 2614 passus
527 2552 569 2597 est
591 2542 719 2597 lustinus.
760 2542 878 2597 Eusebio
901 2544 1049 2599 assentitur
1072 2543 1137 2599 llie-

114 2643 175 2680 ren.
199 2625 227 2680 iu
249 2625 349 2698 Seript.
373 2627 474 2681 Eccles.
499 2636 526 2681 et
549 2626 672 2682 Photius.
718 2627 802 2682 llodie
827 2627 919 2683 lustini
948 2627 1016 2682 ditae
1045 2637 1137 2684 entant

114 2710 272 2783 Apologine.
303 2711 404 2765 llarimt
426 2712 500 2783 prior
522 2711 554 2766 ad
571 2711 699 2766 Senatum
716 2710 881 2767 inscribitur.
913 2712 1053 2767 Posterior
1067 2729 1138 2768 eun-

112 2795 175 2850 dem
207 2796 324 2867 praefert
350 2796 471 2858 titulum,
502 2813 582 2869 quiem
607 2796 708 2868 primae
729 2796 876 2868 Apologiae
898 2795 1032 2852 Eusebius
1055 2796 1134 2853 attri-

114 2880 189 2935 buit:
215 2897 312 2953 nempe
335 2873 552 2955 Αὐτοκράτορι
580 2876 662 2958 Ἱίἰρι
680 2876 782 2959 Αἰλίῳ
800 2874 950 2959 Ἀδριανῷ
967 2874 1136 2960 Ἀντωνίνιρ

114 2959 256 3036 Εὐσεβεῖ,
279 2961 427 3041 Σεβαστῷ
442 2960 588 3038 Καίσαρι,
606 2960 655 3018 καὶ
675 2958 875 3042 Οὐηρισσίμρι
891 2959 948 3044 υἱῷ
962 2959 1135 3045 φιλοσόφῳ,

113 3045 165 3105 καὶ
188 3045 322 3129 Adonim
345 3044 507 3127 ιριλοσόρῳ
529 3045 690 3125 Καίσαρος
712 3044 799 3124 φύσει
823 3044 889 3128 cipi,
912 3045 962 3105 καὶ
977 3043 1138 3122 Εὐσεβοῦς

111 3132 288 3213 εἰσποιητῷ.
329 3135 427 3190 Neutra
452 3135 546 3190 harum
569 3135 620 3190 suli
642 3135 778 3191 Antonino
802 3145 844 3191 est
865 3135 1004 3208 inscripta.
1050 3135 1135 3193 Porro

112 3237 184 3293 ipune
215 3220 367 3292 posteriore
395 3220 456 3275 loco
480 3229 624 3282 censetur,
656 3237 687 3275 ea
710 3221 794 3293 prime
817 3237 849 3275 en
872 3220 977 3276 duabus
1000 3219 1135 3277 oblatiet

111 3305 218 3361 lustino
241 3307 324 3361 villeri
346 3322 401 3359 non
424 3306 558 3360 innuerim
580 3313 681 3377 potest
722 3305 842 3361 Primum
870 3307 933 3377 quia
962 3305 1080 3378 priorem
1103 3322 1136 3363 ex

112 3389 234 3455 Eusebii.
260 3390 415 3462 llioronyini
438 3399 466 3445 et
489 3390 576 3445 Plautii
599 3391 764 3446 authoritate
786 3390 922 3447 Antonino
945 3391 1009 3456 Pio,
1038 3400 1135 3465 poste·

112 3475 215 3531 riorem
251 3484 313 3547 post
347 3476 406 3530 eius
439 3485 554 3530 mortem
585 3475 692 3530 Aurelio
725 3493 755 3532 ae
786 3476 852 3533 Vero
880 3477 966 3549 lmpp.
1002 3476 1133 3533 exhibuit,

113 3559 217 3616 lleinde
245 3561 373 3633 quioniam
396 3559 528 3615 Eusebius
552 3563 623 3615 c.15
653 3559 734 3615 verba
761 3561 892 3636 quaedam
921 3579 953 3617 ex
982 3563 1134 3634 posteriore

111 3645 246 3718 Apologia
266 3653 471 3709 commemorat,
495 3644 593 3716 quibus
616 3654 732 3701 mortem
755 3644 806 3700 sibi
828 3663 842 3700 e
866 3646 1011 3703 Crescente
1035 3647 1133 3719 Cynico

111 3730 273 3803 impendere
294 3731 368 3793 dixit,
392 3747 461 3802 quae
484 3729 592 3802 quidem
615 3731 641 3783 in
658 3747 688 3785 ee
703 3729 840 3802 leguntur,
865 3748 934 3805 quae
950 3731 1031 3787 hodie
1047 3732 1133 3804 primo

110 3815 176 3871 locu
198 3816 319 3888 punitur.
350 3817 491 3871 Praeterea
515 3832 584 3887 quae
606 3814 724 3870 secunda
740 3814 818 3888 vulgo
835 3817 998 3880 nominatur,
1023 3817 1133 3874 ineunte

110 3901 242 3957 Antonini
264 3901 377 3972 imperio
400 3900 501 3973 scriptu
524 3899 637 3962 videtur,
661 3916 692 3956 ae
714 3898 828 3956 subinde
851 3909 915 3972 post
929 3901 1036 3956 Adriani
1059 3918 1134 3957 mor-

112 3994 178 4041 tem.
226 3986 331 4058 Quippe
353 3986 462 4041 Antinoi
490 3985 563 4040 velut
590 4001 686 4039 reeens
714 3985 865 4040 consecrati
886 3985 913 4039 in
936 3985 979 4040 illa
1001 3986 1131 4050 meminit,

111 4072 169 4126 τοῦ
196 4073 252 4125 νῦν
278 4064 482 4145 γεγενημένου.
526 4070 593 4125 ltem
616 4069 714 4124 ludoici
743 4068 821 4133 belli,
852 4069 924 4141 quod
946 4071 1059 4142 perinde
1081 4071 1135 4127 νῦν

114 4149 311 4230 γεγενημένον
333 4155 460 4229 appellet,
484 4155 561 4211 euius
583 4153 648 4210 belli
670 4172 700 4208 nc
716 4153 874 4210 delectionis
889 4155 989 4212 author
1003 4146 1134 4215 luit'llar·
