2586 4822
111 779 218 824 Lxxtltt
475 776 588 826 esrtttt
607 778 777 828 utntctrtu.

111 934 244 1006 origines,
275 930 491 1004 progressiones,
515 933 709 1005 proprietates,
733 951 845 990 casuum
865 943 949 1008 atque
971 945 1133 992 eventorum

111 1018 247 1090 exempla,
272 1026 328 1072 tum
352 1017 468 1072 remedia
492 1017 636 1089 diligenter
657 1019 683 1072 in
706 1019 780 1074 libris
803 1030 949 1084 notarunt,
973 1037 1043 1093 quae
1068 1022 1132 1077 duim

110 1102 350 1180 postorileguut,
380 1110 472 1156 contra
496 1102 556 1156 ilios
577 1103 652 1174 ipsos
675 1103 762 1158 alieno
784 1122 813 1158 se
836 1106 887 1159 u'su
911 1106 1133 1179 experientiaque

111 1190 280 1246 confirmant.
311 1186 347 1240 ita
372 1186 458 1249 nobis,
483 1186 581 1257 quilius
603 1186 740 1242 assiduum
764 1199 805 1244 est
827 1190 920 1245 iisdem
944 1208 1006 1245 cum
1029 1209 1133 1247 cmori-

111 1274 179 1334 bus,
203 1273 275 1327 vetuit
298 1270 398 1324 moritis
423 1288 453 1324 es
476 1271 615 1325 intervallo
639 1274 908 1336 recrudescentibus,
940 1293 969 1330 ac
994 1277 1045 1330 iam
1068 1286 1132 1334 ante

112 1359 235 1432 coguitis,
260 1366 395 1410 certamen
419 1356 580 1418 inmundum,
607 1357 688 1411 utiles
711 1368 775 1413 sunt
797 1362 981 1414 commentarii
1004 1363 1133 1436 antiqua·

111 1443 356 1501 rumliaeresum:
387 1457 418 1494 ex
441 1440 539 1511 qtulius
563 1458 616 1495 uon
640 1460 731 1497 earum
756 1445 835 1499 modo
859 1446 979 1499 notitiam
1003 1446 1133 1518 aiiipisei-

111 1548 187 1592 mur,
211 1527 260 1581 sed
282 1526 314 1580 ad
337 1525 394 1579 ilias
418 1526 513 1588 etiam,
538 1525 584 1580 ubi
606 1538 714 1582 renatae
737 1528 845 1592 inierim,
869 1530 1061 1602 profligandas
1086 1548 1133 1586 ea-

112 1616 171 1672 dem
194 1628 319 1684 paramus
341 1609 445 1672 sunta.
470 1609 577 1683 quibus,
602 1628 661 1666 cum
684 1613 800 1685 primum
823 1624 1016 1679 nascerentur,
1040 1617 1132 1670 estin-

114 1709 173 1755 ctae
193 1706 267 1752 sunt.
320 1738 324 1747 .

197 1784 256 1850 Ouo
284 1782 310 1836 iu
338 1797 439 1853 genere
469 1797 530 1836 eum
558 1781 704 1836 multorum
728 1782 836 1837 Patrem
865 1785 974 1856 egregie
997 1785 1032 1838 sit
1055 1783 1134 1839 labor

112 1887 143 1926 so
172 1885 232 1923 rum
262 1866 341 1921 tunde
369 1877 505 1931 versatus,
536 1883 615 1938 quem
647 1875 675 1920 tu
705 1876 809 1929 tannen,
838 1869 893 1924 sive
915 1869 1053 1941 diligentia
1077 1871 1132 1925 sire

111 1954 237 2011 ubertate
260 1951 418 2007 eruditionis
441 1968 471 2005 ac
494 1952 580 2024 eopia,
604 1968 664 2007 cum
682 1951 830 2024 Epiphanio
853 1954 986 2017 conseras,
1010 1955 1132 2026 reperies

113 2057 145 2094 eu
167 2039 240 2093 omni
262 2037 420 2108 antiquitate
444 2038 588 2091 nemiuem.
629 2036 687 2091 Nun
711 2041 781 2092 enim
804 2038 849 2093 iile
870 2038 978 2094 brevem
1002 2039 1131 2095 duntaxat

111 2125 266 2181 Haereseon
288 2122 403 2177 indicem
426 2130 596 2176 caeterorum
619 2138 694 2177 more
709 2123 878 2195 conscripsit,
903 2124 1129 2195 quemadmodum

111 2209 288 2281 Augustinus,
306 2207 473 2268 philastrius,
490 2205 678 2278 Hieronymus,
692 2208 881 2271 Bainascenus,
897 2209 1035 2280 copiosius
1051 2210 1130 2264 etiam

113 2294 312 2354 Theodoretus,
335 2300 415 2363 atque
438 2291 480 2346 aiii
501 2292 655 2362 complures
671 2292 855 2356 instituerunt,
880 2310 929 2348 nce
946 2294 1054 2348 iliorum
1072 2304 1131 2349 tan·

112 2378 252 2435 tumuiodo
275 2377 416 2449 opiniones
439 2395 469 2430 ae
492 2376 625 2449 dogmata,
650 2394 693 2431 res
716 2378 796 2432 etiam
812 2377 844 2432 ab
861 2396 952 2433 earum
969 2379 1129 2433 authoribus

24 2453 29 2459 ’
112 2482 144 2520 ac
165 2462 331 2536 principibus
354 2471 444 2533 gestas
466 2462 667 2517 accuratissime
682 2464 834 2534 proposuit.
864 2465 916 2518 Sed
933 2464 1034 2535 quibus
1049 2464 1129 2518 armis

112 2551 225 2623 insuper
246 2557 291 2603 aut
313 2547 417 2602 iliarum
441 2547 584 2618 petitiones
607 2546 713 2618 (daliotti,
738 2556 784 2602 aut
805 2548 918 2602 vicissim
936 2549 996 2604 ittae
1012 2549 1068 2621 peti
1085 2565 1130 2603 ex·

113 2635 282 2710 pugnacique
305 2642 426 2705 possent,
450 2631 585 2685 iaticriime
598 2631 813 2706 doctissimeque
829 2634 996 2688 monstrarit.
1028 2634 1129 2701 Quibus

113 2721 192 2777 etiam
216 2721 249 2774 de
265 2718 367 2773 caussis
382 2708 553 2791 Πανάριον,
577 2716 641 2779 sisa,
666 2726 695 2771 ut
711 2720 866 2772 Anastasius
882 2720 980 2774 Sinaita
998 2720 1026 2773 in
1042 2719 1130 2786 Quae·

112 2805 246 2862 stioniinus
269 2821 299 2857 ac
316 2803 428 2858 Pirotius
450 2818 511 2857 cum
527 2801 634 2856 Graecis
657 2801 714 2857 aliis
738 2802 828 2866 iubet,
853 2798 1010 2875 Πανάρια,
1033 2804 1061 2858 id
1080 2813 1128 2866 est,

111 2892 248 2946 medicam
270 2904 382 2950 aream,
406 2888 461 2941 sive
484 2889 630 2959 capsulam
652 2903 683 2941 ac
706 2887 828 2951 thecam,
852 2906 921 2959 opus
944 2888 1009 2942 ittnd
1034 2888 1130 2943 inscri-

113 2976 176 3048 psit,
201 2983 231 3028 ut
253 2973 278 3026 iu
302 2990 335 3026 eo
358 2972 489 3026 sciremus
512 2982 604 3027 contra
628 2973 781 3027 mortiferos
804 2989 834 3027 ac
853 2983 998 3028 venenatos
1016 2990 1130 3046 serpeu-

112 3061 180 3117 tium
208 3073 331 3119 morsus,
361 3057 482 3128 adeoque
511 3056 622 3112 morbos
645 3057 924 3121 omnes'flaeresum,
953 3058 1128 3114 saluberrima

114 3142 230 3200 remedia
255 3141 396 3196 contineri.

199 3226 328 3293 Quocirca
357 3242 485 3298 persaepe
508 3243 567 3279 sum
591 3224 714 3297 equidem
738 3227 916 3298 augustinum
940 3225 1130 3282 vehementer

113 3328 166 3384 que
189 3313 316 3373 miratus,
344 3311 389 3383 qui
418 3311 444 3364 in
467 3310 536 3365 libro
560 3310 593 3365 de
617 3310 778 3365 diaeresibus
801 3313 833 3366 ad
857 3311 934 3378 Quod
957 3311 1014 3367 vuit
1036 3312 1127 3373 [teum.

113 3413 174 3452 eum
204 3395 344 3468 Epipiianii
374 3397 508 3456 meminit,
539 3396 605 3451 iiaec
633 3394 666 3450 de
696 3395 739 3450 iiio
769 3397 795 3450 iu
824 3396 992 3450 Praetutioue
1022 3398 1126 3470 posuit:

112 3480 217 3538 Noster
237 3497 304 3536 aero
325 3480 504 3552 Epiphanius
529 3478 646 3551 Cyprius
661 3480 817 3552 Episcopus
840 3481 942 3535 udaius
967 3499 1027 3536 aon
1051 3484 1128 3552 torpe

113 3566 243 3622 dumosis
272 3567 356 3620 redas
384 3574 540 3637 coemptus,
572 3566 605 3618 de
633 3567 774 3634 octogiuta
802 3566 977 3619 Haeresidus
1006 3569 1128 3638 loqueris,

112 3668 164 3707 aea
194 3652 280 3713 libros
310 3653 393 3706 etium
416 3651 593 3721 cirriscripsit,
623 3650 760 3705 historica
781 3652 947 3704 narratione
969 3668 1129 3706 commessa-

112 3753 183 3792 rarss
206 3738 308 3798 omnio,
331 3739 413 3791 natta
435 3736 624 3807 disputatione
647 3739 782 3790 adeersus
804 3737 960 3806 salsitatem
980 3753 1036 3808 pro
1058 3737 1130 3791 ueri·

113 3829 171 3878 tate
199 3823 354 3875 decertans.
400 3820 504 3874 Breues
532 3836 603 3874 saue
629 3828 693 3874 sunt
715 3820 744 3874 iti
767 3821 869 3884 tteetti,
899 3830 924 3875 et
946 3823 972 3875 si
993 3823 1026 3876 iu
1048 3837 1132 3877 mian

101 3906 240 3964 ‘iibettuns
267 3906 446 3974 redigantur,
472 3920 526 3960 uec
552 3905 613 3976 ipse
635 3906 688 3960 erit
708 3906 827 3969 nostris,
857 3907 901 3960 oei
924 3908 1056 3962 otiorum·
1071 3907 1130 3978 qui·

114 3993 232 4048 wdone
252 3991 334 4046 tibris
355 3991 529 4059 turpitudine
551 3993 767 4060 comparandus.
804 3992 897 4045 Huius
920 3993 1131 4046 uroeitatessss'

113 4078 195 4148 suere
216 4077 247 4131 in
267 4076 517 4131 commemorandis
531 4073 706 4130 Haeress'dus
727 4077 863 4146 unitates,
886 4078 953 4147 quid
976 4095 995 4131 a
1008 4095 1054 4132 sue
1068 4080 1132 4134 ars
