2586 4822
159 757 229 841 208
536 814 541 819 .
622 776 737 827 nerant
786 796 789 801 -

160 932 236 1007 apud
258 933 434 1008 Epiphanium
457 949 521 990 vero
542 949 593 1007 per
613 930 814 1006 diphthongum
836 929 975 996 scribitur,
999 941 1031 987 nt
1053 921 1114 988 lut
1135 932 1185 1005 τῆς

163 1011 311 1093 Μαρείας
331 1018 464 1092 originem
486 1018 601 1076 duxerit.
631 1018 781 1074 Possumus
803 1026 832 1073 et
853 1010 1066 1091 Μαριιυπκὴν
1087 1017 1183 1091 legere,

111 1102 238 1179 lttquod
267 1103 362 1163 codem
393 1102 497 1161 recidit.
541 1103 607 1160 Nam
629 1101 772 1161 blareotica
794 1104 917 1176 Aegypto
947 1101 1136 1161 contribuitur
1159 1111 1184 1159 et

165 1205 226 1265 cum
250 1187 331 1262 Libya
353 1187 475 1262 copulari
495 1188 574 1246 solet.

181 1328 184 1332 ,
252 1277 311 1332 tus
328 1290 352 1330 c.
381 1267 607 1347 Λεπτημάνην]
637 1273 729 1347 Leptis
750 1273 860 1331 nomine
881 1273 952 1330 dnae
974 1283 1127 1329 censentur
1140 1288 1185 1328 nr·

162 1355 214 1421 bes
237 1359 263 1415 in
280 1359 369 1415 Alnica
389 1358 463 1431 apud
478 1358 603 1421 Plinium,
626 1356 723 1415 Melam
743 1368 798 1416 etc.
819 1357 904 1414 alteru
926 1368 1114 1431 cognomento
1130 1375 1185 1414 ma-

163 1457 233 1517 pua,
260 1443 347 1500 ultera
375 1459 455 1516 parvo
477 1444 583 1500 dicitur.
629 1445 650 1499 b
672 1443 764 1516 priore
785 1443 919 1499 lormctur
940 1460 991 1516 per
1014 1443 1183 1500 inflexionem

164 1518 397 1603 Leptiuragneusis
419 1528 491 1602 apud
514 1528 675 1601 Cypriorum
698 1528 726 1584 in
741 1528 867 1602 Episcop.
894 1527 1047 1585 Sententiis
1068 1529 1103 1585 (le
1118 1528 1184 1585 ttae·

163 1613 256 1670 retieis
278 1612 444 1686 baptizandis
466 1612 518 1668 sub
539 1613 631 1670 linem.
675 1612 788 1670 Videtur
808 1612 892 1686 igitur
912 1612 984 1686 sputi
1007 1613 1182 1688 Epiphanio!

163 1692 388 1773 Λεπτιμάγνην
409 1698 638 1763 substituendum,
662 1706 709 1755 tut
731 1706 805 1754 certe
827 1689 1041 1772 Λιπτιτιινην.

250 1777 300 1839 και
331 1786 386 1858 τῆς
415 1776 475 1840 ἴσω
496 1779 527 1840 Γ
525 1777 660 1860 alcippe]
705 1783 787 1852 Quasi
815 1783 911 1839 Gallina
939 1784 1017 1855 regio
1047 1783 1179 1857 quaepiam

158 1859 269 1925 'Africae
291 1868 336 1932 sit,
359 1878 406 1924 aut
427 1868 617 1933 Mauritaniae,
641 1868 868 1943 quemadmodum
892 1877 920 1924 et
941 1868 1103 1942 Tingitanae
1122 1867 1181 1924 tt‘s·

164 1953 275 2026 spaniae
297 1970 396 2010 nornen
420 1953 586 2027 impositum,
610 1960 641 2009 ut
663 1952 789 2027 llispania
813 1952 1014 2019 Translretsna,
1038 1953 1081 2010 rel
1095 1953 1182 2021 'lingi-

163 2044 227 2094 tana
250 2038 401 2104 diceretur,
424 2043 452 2095 iu
473 2037 582 2095 Notitia.
613 2038 741 2095 Fortasse
762 2039 801 2095 sic
822 2038 997 2110 interpretari
1020 2038 1182 2095 mumioni

164 2119 237 2184 licet,
262 2132 291 2178 ut
308 2116 416 2197 χώρας
436 2121 623 2188 subaudiatur,
645 2117 734 2200 μέχρι
751 2116 859 2199 χώρας
880 2123 934 2198 τῆς
948 2115 1009 2180 ἴσω
1026 2119 1182 2200 Γαδείρης,

166 2223 235 2280 quae
258 2207 324 2263 citra
347 2207 434 2264 Gades
456 2208 532 2281 regio
556 2207 600 2264 sit.

245 2283 500 2368 Ἀλαβαστρίτην]
536 2293 601 2367 Leg.
619 2284 863 2369 Ἀλαβαστρῖτιν.
904 2292 957 2348 Sed
981 2291 1030 2349 ubi
1054 2303 1180 2350 terrarum

164 2374 216 2433 iata
240 2378 375 2449 provincia
397 2378 440 2442 sit,
464 2378 529 2434 mihi
551 2377 672 2434 nondum
694 2378 760 2434 satis
781 2378 952 2451 explicatum.
984 2377 1015 2434 lu
1039 2378 1125 2452 Syria,
1147 2375 1181 2432 rel

166 2460 280 2519 finitimo
308 2460 398 2536 aliquo
426 2463 458 2519 ad
488 2463 627 2519 Orientem
656 2470 743 2519 tractu
771 2462 887 2535 positam
915 2479 976 2518 esse
998 2463 1180 2520 demonstrant

166 2545 308 2607 adiunctae
330 2549 456 2621 regiones
479 2557 611 2606 caeterae.
634 2547 715 2620 Atqui
737 2547 893 2605 Ptolemaeo
909 2540 1114 2622 Ἀλαβάστρα
1133 2550 1181 2604 Δι-

165 2633 240 2706 pypti
264 2632 329 2688 urbs
353 2643 403 2698 est,
428 2643 455 2691 et
476 2632 662 2689 Alabastrinus
684 2632 712 2688 in
735 2633 829 2690 eadem
851 2635 974 2706 Aegypto
997 2648 1090 2691 mons.
1120 2633 1181 2690 tun

167 2718 196 2783 b,
214 2719 242 2776 9.
273 2718 314 2774 Ab
336 2719 373 2774 iis
400 2719 508 2792 oppido
527 2717 680 2782 Mercurii,
708 2715 895 2783 Alabastros,
926 2717 1046 2774 Coum
1092 2718 1181 2775 Veron

166 2811 239 2858 extra
269 2802 336 2859 lines
364 2803 495 2878 Aegypti,
524 2803 578 2859 linc
606 2811 648 2860 est
676 2800 746 2859 ultra
776 2803 991 2860 libinocororaoi
1018 2801 1180 2860 Alobsstritis

164 2885 307 2961 Epiphanii
334 2886 417 2946 debet
444 2905 521 2953 esse,
550 2904 640 2961 neque
668 2897 757 2945 tamen
785 2888 813 2944 in
833 2888 966 2962 Phrygis,
994 2887 1045 2944 ubi
1068 2887 1182 2946 cuneo

165 2972 283 3033 nominis
304 2974 435 3046 oppidum
457 2973 573 3030 collocat
595 2973 760 3046 Stephanus,
785 2971 940 3046 ibidemque
963 2967 1058 3029 λίθον
1079 2967 1184 3046 διάση-

163 3073 225 3131 μον
252 3058 365 3132 reperiri
393 3058 501 3123 scribit,
530 3057 583 3117 boc
605 3067 647 3114 est
669 3056 859 3115 Alabastriten.
905 3057 994 3127 Quare
1018 3058 1135 3132 amplios
1155 3057 1185 3114 tle

166 3157 198 3199 ea
219 3143 331 3214 regione
353 3144 536 3217 cogitandum.
566 3143 643 3217 spuo
661 3143 777 3199 cundem
794 3142 961 3216 Stephanum
978 3136 1185 3200 iuvenio'Alo·

164 3218 293 3300 βούριον
313 3218 401 3294 πόλις
416 3223 534 3304 Συρίας
555 3244 588 3284 ex
604 3227 730 3292 Cbarace,
756 3227 954 3287 Bllbrouicon.
986 3227 1072 3284 Cuius
1094 3245 1127 3285 et
1147 3226 1186 3285 al-

165 3308 271 3367 linitate
298 3313 370 3367 vocis
400 3311 458 3369 vide
487 3329 521 3368 sn
549 3312 584 3369 ad
611 3311 684 3370 bunc
705 3312 847 3386 Epiphanii
874 3312 964 3371 locum
988 3313 1185 3370 emendantium

164 3395 319 3468 compendii
339 3395 440 3470 aliquid
461 3397 549 3470 possit
570 3397 639 3454 lieri.

251 3475 302 3535 και
321 3472 481 3557 Ὁμηρῖτιν
502 3477 551 3536 και
570 3474 743 3556 ³A'gnpn‘ur]
773 3481 973 3539 Homeritarum
996 3483 1075 3556 regio
1093 3482 1120 3538 in
1135 3483 1187 3539 bc-

165 3564 269 3638 tbiopia
298 3575 427 3624 censetur
452 3567 525 3640 apud
547 3566 643 3641 Stepb.
665 3565 769 3623 Plinius
793 3569 822 3634 6,
839 3568 879 3627 28
906 3567 979 3623 inter
998 3567 1116 3625 Arabiae
1137 3582 1188 3640 po·

165 3648 246 3723 polus
261 3649 414 3708 Homeritas
436 3661 570 3714 recenset.
594 3668 626 3709 ac
647 3651 886 3709 numerosissimos
909 3668 971 3708 esse
992 3651 1099 3709 scribit.
1122 3651 1188 3708 Pto-

165 3730 229 3791 lem.
258 3733 350 3792 locum
377 3734 430 3792 illis
459 3738 485 3793 in
507 3735 603 3793 Arabia
625 3736 715 3794 Felice
744 3735 839 3794 tribuit
860 3746 888 3793 et
910 3736 1019 3810 quidem
1044 3738 1072 3794 io
1094 3736 1189 3794 nune

165 3835 294 3886 recenso,
322 3821 395 3878 baud
422 3823 516 3894 procul
545 3819 579 3877 ab
601 3819 706 3878 Arabici
735 3821 798 3878 lreti
825 3820 963 3886 lancibus,
996 3822 1101 3895 quibus
1128 3836 1188 3878 cun

166 3903 259 3961 Rubro
281 3907 348 3962 mari
370 3906 557 3964 committitur.
600 3904 657 3963 Nec
678 3905 809 3965 abhorret
830 3906 991 3980 Procopius,
1015 3907 1064 3981 qui
1085 3906 1131 3965 tt
1155 3905 1188 3962 le

165 3986 240 4061 Bello
262 3989 373 4048 Persico
393 4009 422 4064 p.
438 3993 478 4049 32
501 3992 529 4047 iu
551 3989 647 4047 eodem
669 3999 758 4048 tractu
779 3991 858 4067 ponit
879 3990 1043 4049 Homeritas.
1085 3990 1189 4061 poton

164 4076 308 4157 oppositos
320 4092 382 4134 esse
396 4084 487 4145 ornat
507 4079 535 4135 iu
549 4075 635 4141 alters
649 4076 809 4161 continente
824 4085 899 4135 trum
913 4076 1014 4135 lrctom
1028 4077 1188 4153 neruoprs.
