2586 4822
152 737 193 799 66
392 762 413 807 a
608 749 720 798 oerum

150 896 209 979 and,
231 906 408 978 corrigendus
430 908 575 978 interpres,
604 906 650 979 qui
673 904 746 977 quod
768 904 902 978 Euagrius
925 904 960 959 de
983 904 1087 977 insigni
1108 916 1179 978 quo-

150 993 211 1048 dam
233 991 364 1048 llonachc
388 992 534 1064 scripserat
556 990 588 1046 ad
604 990 712 1045 llariam
735 990 824 1045 lacum
847 988 998 1053 habitante,
1021 990 1180 1065 προσοικεῖ

108 1071 185 1133 lida*
213 1070 291 1154 αὐτῇ
314 1068 465 1150 Μοναχὸς
491 1075 546 1142 τῆς
567 1072 767 1151 παρεμβολῆς
788 1073 850 1131 τῶν
871 1071 901 1129 Γ
900 1075 1061 1131 νωστικῶν
1083 1065 1100 1131 ὁ
1123 1069 1172 1129 δο-

149 1155 338 1235 κιμώτατοςι
360 1161 397 1217 ita
419 1161 514 1216 vertit:
538 1160 572 1215 ln
595 1177 629 1215 ec
644 1159 802 1216 Monachus
826 1176 860 1214 ec
874 1168 952 1214 secto
978 1158 1173 1215 Gnosticorum

148 1249 193 1302 oir
213 1248 433 1320 spectatissimos
456 1245 604 1301 habitauit.
636 1246 757 1302 Fallitur.
789 1245 881 1317 Neque
905 1245 977 1301 enirn
1002 1261 1036 1301 eu
1056 1254 1109 1300 lam
1124 1245 1169 1300 irn-

147 1350 215 1406 pura
238 1342 311 1388 secta
333 1329 474 1386 laudabilis
497 1348 527 1386 ac
550 1329 653 1403 probus
677 1332 793 1386 existere
815 1330 964 1386 Monachus
987 1331 1096 1403 potuit,
1124 1345 1169 1385 ne-

148 1435 201 1492 que
231 1416 264 1472 de
286 1414 432 1471 virtutibus
456 1425 509 1471 tam
533 1415 666 1489 exquisite
689 1416 838 1489 disputare.
885 1415 975 1483 Quare
999 1412 1030 1470 Γ
1029 1407 1168 1480 νωσταὸς

146 1502 242 1558 codem
265 1519 363 1564 seusu,
388 1517 442 1572 quo
466 1501 590 1557 Clemens
613 1518 679 1556 usus
703 1510 744 1557 est
767 1510 794 1557 et
816 1501 947 1573 Euagrius
971 1501 1048 1573 ipse,
1072 1501 1119 1575 qui
1137 1499 1167 1554 li·

146 1585 226 1641 hrum
250 1603 282 1641 co
305 1586 414 1641 nomine
438 1586 621 1659 inscripserat,
645 1586 817 1659 accipiendus
841 1595 898 1652 est;
923 1602 1021 1658 nempe
1047 1577 1166 1642 ὃκατο·

147 1667 271 1738 §troade
292 1672 346 1745 τῆς
367 1661 522 1746 γνώσεως,
553 1672 648 1726 eximia
670 1671 818 1726 diuinarum
842 1687 933 1726 rerum
956 1671 1073 1726 scientia
1094 1686 1167 1744 prae·

146 1756 227 1812 ditus.
269 1756 360 1812 lledeo
383 1756 416 1811 ad
440 1756 569 1812 llaeresiu
587 1756 785 1820 Gnosticorum,
810 1773 879 1828 quae
895 1773 949 1811 unu
968 1773 1022 1811 una
1045 1755 1166 1827 simplex-

146 1859 199 1914 que
221 1842 287 1907 luit,
317 1841 365 1896 scd
388 1842 505 1897 universi
530 1841 601 1905 lere,
632 1858 700 1913 quos
723 1841 865 1896 fabulones
887 1841 1058 1913 Augustinus
1080 1848 1162 1895 vocat:

145 1929 254 1998 quique,
279 1936 309 1981 ut
332 1926 401 1981 idem
425 1928 471 1990 ait,
493 1927 610 1997 sedulos
633 1943 733 1991 conos,
758 1942 860 1998 eosqne
882 1927 984 1996 tonnas
1009 1935 1035 1980 et
1059 1925 1162 1999 perple-

144 2027 198 2066 cos
216 2020 432 2074 contemnerent,
457 2011 648 2067 Gnosticorum
665 2011 846 2084 appellatione
862 2020 1021 2066 censentur.
1054 2010 1161 2085 Epipha-

143 2097 204 2152 nius
233 2096 301 2150 iulra
325 2095 403 2151 llaer.
423 2098 457 2153 31
491 2095 541 2150 sub
571 2096 692 2161 initium,
723 2096 816 2152 decem
846 2095 1041 2152 Gnosticorum
1072 2109 1157 2170 genera

142 2180 214 2245 lacit,
239 2197 253 2234 a
277 2179 389 2236 totidem
413 2180 520 2235 illorum
545 2189 692 2253 propagata
717 2181 841 2244 ducibus,
866 2197 936 2253 quos
958 2182 1060 2253 partim
1078 2181 1157 2241 eodm

142 2264 188 2320 illo
210 2265 280 2328 loco,
303 2265 400 2337 partim
424 2265 533 2321 llaeresi
559 2267 632 2330 27,1
660 2275 812 2339 percenset.
855 2267 925 2321 Sunt
948 2276 1042 2322 autem
1067 2267 1103 2329 hi,
1125 2263 1157 2319 si-

142 2367 216 2415 mon,
232 2349 387 2415 llenauder,
412 2350 576 2415 Saturnilus,
600 2351 737 2415 Basilides,
758 2351 892 2415 Nicolaus‚
911 2351 1102 2422 Carpocrates,
1117 2350 1156 2403 l'a·

141 2435 277 2499 lentium,
302 2434 475 2501 Golorbmns,
500 2436 672 2492 Ptolemaeus
696 2446 723 2491 et
746 2436 897 2492 Secundus.
944 2435 1073 2492 Clemens
1095 2435 1156 2490 hlei.

141 2520 187 2576 lib.
207 2523 223 2578 3
248 2520 348 2576 Strorn.
372 2522 445 2578 addit
468 2530 496 2576 ct
512 2521 665 2577 Prodicum.
697 2521 795 2576 Verum
819 2529 891 2577 certa
915 2521 1050 2592 quaedam
1075 2538 1105 2576 ac
1119 2534 1158 2592 pe·

142 2606 249 2662 culiaris
273 2615 347 2662 secta
369 2607 434 2670 luit,
458 2623 528 2680 quae
551 2606 601 2662 sibi
625 2606 817 2663 Gnosticorum
841 2623 940 2661 nomen
965 2624 1032 2678 prae
1056 2601 1160 2662 caeteris

141 2691 303 2756 vendicarit;
333 2691 366 2747 de
397 2691 495 2764 quibus
525 2692 577 2747 hoc
607 2693 634 2746 in
663 2692 751 2764 capite
773 2692 828 2764 agit
850 2691 1034 2764 Epiphanius,
1067 2700 1094 2747 et
1115 2687 1166 2745 alii,

141 2777 188 2849 qui
216 2776 248 2832 de
272 2776 435 2831 llaercsilms
465 2777 646 2849 scripserunt:
680 2777 866 2850 imprimisque
890 2774 1092 2839 Tertullianus,
1122 2766 1170 2848 qui

141 2861 315 2934 scorpiacum
349 2870 443 2916 contra
473 2855 617 2918 Gnosticos
650 2861 748 2927 edidit;
783 2878 863 2934 quani
897 2861 1008 2933 quidem
1038 2860 1185 2916 haeresin

140 2946 319 3018 Hieronymus
342 2955 437 3002 contra
460 2946 631 3018 Vigilantium
654 2945 777 3002 scribens
802 2946 924 3001 Gaianam
949 2955 1037 3000 vocat.

226 3031 305 3088 820.
336 3022 439 3105 ἐπειδὴ
461 3025 521 3107 γὰρ
546 3024 654 3107 νουρά]
693 3043 765 3090 tenna
795 3033 923 3086 hramaea
953 3029 1047 3103 lingua
1079 3030 1203 3104 ignem,

140 3115 281 3188 siguificat.
327 3115 405 3182 Quod
433 3125 524 3171 autem
547 3116 651 3172 ludaeis
680 3125 744 3190 post
770 3116 950 3189 captivitatem
975 3115 1116 3172 lamilian's
1136 3109 1203 3168 ab

138 3199 277 3273 popularis
306 3199 397 3273 lingua
420 3199 528 3273 Syriaca
557 3202 641 3267 loret,
671 3201 732 3257 ideo
754 3217 821 3256 nora
844 3218 899 3257 non
919 3196 1040 3279 βαθείᾳ
1064 3200 1203 3274 linguat

139 3300 209 3357 quae
238 3292 265 3339 et
292 3281 405 3345 ntatmb
434 3284 549 3350 dicitur,
579 3287 627 3342 sed
656 3286 793 3342 communi
823 3303 853 3341 ac
883 3284 984 3358 vulgari
1008 3284 1082 3340 idem
1107 3279 1203 3341 ess&

139 3368 212 3444 quod
234 3369 323 3441 iguem
347 3370 452 3425 asserit.
482 3368 620 3441 βαθεῖαν
641 3380 731 3427 autem
754 3371 873 3444 linguam
897 3369 1021 3425 alludens
1044 3370 1080 3424 ad
1098 3369 1203 3425 lines

139 3453 232 3510 chielis
254 3452 344 3509 locum
367 3454 440 3520 dixit,
465 3456 510 3527 qui
533 3464 576 3511 est
600 3458 687 3521 3,15.
717 3454 782 3513 Non
805 3457 878 3510 enim
893 3457 931 3510 cd
943 3455 1085 3526 popedon
1096 3463 1203 3527 prod

136 3539 219 3612 fundi
240 3540 376 3595 eernionie
399 3549 425 3595 et
446 3541 560 3611 ignotae
584 3542 697 3612 linguae
720 3551 749 3596 tu
764 3542 891 3596 mitteris
923 3538 1055 3595 lleliraica
1073 3539 1203 3612 liugufl

137 3636 187 3685 on
210 3625 300 3697 ignem
318 3625 460 3698 signilicat,
483 3629 612 3682 hramaea
628 3639 734 3686 anath.
766 3626 824 3694 Qua
839 3641 905 3682 voce
921 3625 1011 3696 ignem
1027 3641 1043 3679 a
1058 3624 1203 3681 moeret

138 3718 261 3765 vocatum
283 3709 401 3766 Berosus
423 3709 551 3783 prodidit.
586 3713 675 3784 Atque
697 3711 759 3767 inde
782 3711 904 3767 fortassis
928 3709 1024 3764 Graeci
1042 3701 1203 3775 ‘Eori'c6

138 3795 269 3868 originem
292 3794 471 3852 deduxerunt.

225 3880 264 3937 82
280 3879 306 3935 d.
337 3862 421 3936 οὗτοι
443 3873 483 3935 τὰ
505 3880 559 3936 τοῦ
585 3874 799 3953 Φιλιστίωνος]
825 3880 935 3935 Hieron.
958 3879 1037 3952 Apol.
1056 3881 1074 3936 2
1096 3896 1157 3936 con.

138 3964 200 4020 uui.
236 3963 273 4020 m
300 3966 383 4037 pan
409 3966 522 4020 mamam
550 3964 740 4028 metatione,
770 3966 815 4021 ver
842 3965 955 4020 umen
983 3981 1019 4020 ac
1041 3948 1203 4022 nanti&

137 4049 283 4126 stropham
305 4051 426 4123 eteponti
447 4066 573 4106 sermone
596 4051 749 4123 confictam,
773 4059 824 4105 eto.
