2586 4822
382 848 589 903 nemeseus
608 852 860 908 erroneorum.
1073 840 1133 905 ‘tta
1168 830 1177 851 ’

110 1008 154 1082 iigi
177 1023 211 1063 ex
234 1007 286 1063 iiiia
310 1017 415 1081 potest.
439 1007 529 1064 iniiem
552 1018 709 1082 argenteum
733 1027 795 1065 esse
812 1020 962 1076 nemimem,
984 1012 1059 1087 orroei
1079 1013 1133 1067 Ta·-

110 1093 483 1165 intemperamentum
506 1095 601 1155 tuerit.
632 1110 662 1149 en
686 1097 821 1167 arperrteis
843 1096 951 1151 dnobus
974 1097 1134 1160 conflatum,-

111 1179 136 1233 in
164 1195 223 1252 quo
252 1177 353 1233 rienarii
373 1178 499 1234 ntinutuii
522 1186 701 1235 numerantur
724 1182 799 1240 208.
830 1182 884 1237 hoe
905 1191 946 1238 eet
969 1183 996 1238 in
1019 1182 1132 1255 singulis

111 1265 249 1334 argenteis
282 1267 348 1321 tur.
394 1260 448 1318 Cur
479 1263 624 1319 Tatnrrem
658 1265 788 1321 ciusnmtii
823 1280 950 1322 nummus
980 1266 1133 1340 appellatus

111 1348 207 1408 inerit.
232 1347 274 1403 vei
295 1348 402 1404 neseire
424 1364 467 1403 me
490 1349 564 1409 uiro.
595 1349 703 1422 nutando
725 1351 750 1406 ici
773 1348 938 1424 Epiphanius
961 1354 1060 1414 tacuit,
1090 1351 1132 1408 vei

112 1450 234 1489 caussam
263 1432 379 1508 utiquam
408 1436 529 1506 reperio,
560 1442 639 1506 qrruur
668 1450 722 1490 non
751 1435 874 1508 probare·
890 1437 975 1510 magis
998 1437 1133 1510 quispiam

112 1519 197 1592 possit
220 1534 300 1593 quam
324 1516 428 1574 ratione
456 1528 529 1575 certa
559 1518 692 1575 refellere.
737 1520 861 1577 idem-et
883 1520 916 1576 rie
939 1522 1056 1577 ueneriis
1078 1520 1130 1577 tttts

112 1619 245 1665 asseram,
279 1618 395 1677 quornm
424 1605 513 1659 varius
534 1605 605 1677 apud
626 1603 745 1660 diverses
769 1607 892 1662 nationes
914 1622 981 1662 nsua
1003 1609 1132 1662 aestima-

112 1690 204 1762 tioque
231 1689 292 1743 iuit.
337 1687 403 1743 Cum
429 1698 482 1744 tem
505 1688 582 1744 iaeiie
604 1689 713 1763 defungi
736 1691 787 1746 ioci
810 1690 883 1746 iilius
905 1692 1129 1765 interpretatione

112 1773 205 1836 iireat,
235 1783 326 1829 tamen
355 1788 389 1828 ne
417 1773 516 1829 trustra
548 1782 591 1830 tot
618 1775 715 1831 eruditi
739 1775 863 1833 homines
885 1778 910 1832 iu
936 1793 968 1831 eo
991 1776 1133 1833 laborasse·

112 1867 191 1931 atque
214 1859 364 1913 haesitasse
386 1858 536 1922 videantur,
560 1875 610 1913 nus
633 1859 684 1932 ipsi
707 1858 817 1934 quoque
838 1861 953 1935 simplici
976 1860 1018 1917 ilie
1039 1861 1131 1917 eiecia-

114 1944 216 1999 ratione
239 1952 267 1998 et
289 1942 365 1999 ebria
388 1944 498 1998 minime
512 1944 643 2004 contenti.
667 1944 731 2000 alias
746 1946 964 2020 excogitavimus,
987 1963 1056 2019 quas
1070 1946 1130 2001 sin-

112 2027 222 2102 giiiatim
250 2044 415 2101 percensere
443 2044 538 2084 omnes
565 2038 646 2103 atque
679 2046 815 2104 exponere
847 2031 908 2104 plus
941 2032 1019 2087 taedii
1047 2043 1180 2105 quamam

113 2112 235 2169 utilitatis
256 2112 405 2169 lectoribus
427 2112 530 2171 aiieret.
561 2113 645 2169 Unam
668 2114 751 2187 igitur
771 2132 922 2189 proponam
945 2127 990 2172 uut
1006 2117 1127 2180 aiteram,
1169 2154 1171 2159 >

113 2199 133 2254 si
156 2197 222 2254 iliud
244 2198 375 2272 imprimis
397 2200 572 2262 adrnouuero.
597 2199 624 2254 in
639 2201 825 2274 manuscripto
840 2202 900 2257 cori.
916 2199 1043 2258 Biblioth.
1075 2201 1131 2259 ue-

112 2285 169 2357 giae
199 2283 280 2356 pauiu
302 2283 382 2339 aliter
403 2284 493 2339 iocum
516 2283 590 2340 illum
614 2285 728 2359 concipi.
774 2287 812 2342 ita
835 2287 906 2342 enim
929 2288 1059 2360 seriptum
1084 2304 1131 2344 re-

112 2370 176 2442 peri.
224 2358 323 2442 ‘pelope
342 2359 402 2424 ὅσα
424 2360 550 2425 πάντων
572 2367 717 2426 καλεῖται.
762 2367 889 2427 ‹ttntoov
911 2364 947 2428 δέ
967 2369 1045 2440 ἐστι,
1070 2365 1130 2428 ὑπὸ

112 2445 165 2509 δύο
189 2445 334 2529 ἀργύριον
355 2449 563 2529 συγκείμενον·
585 2447 619 2508 οἳ
634 2451 771 2530 γίνονταί
791 2472 837 2511 σοι
858 2451 1030 2530 ieiunorium.
1070 2458 1128 2512 Non

112 2532 168 2613 ors,
193 2539 247 2594 hoe
268 2539 394 2603 est208,
416 2539 528 2602 denarii,
554 2538 604 2594 sati
627 2541 666 2597 20
689 2540 745 2596 tutti
767 2541 831 2596 huie
852 2551 1023 2614 arrogantur.
1055 2543 1130 2608 (irinc

112 2623 189 2680 tactio
214 2623 280 2678 mitri
301 2640 357 2678 non
380 2623 577 2680 contemnentia
598 2624 713 2680 vitietur.
744 2625 875 2694 Quocirca
892 2625 962 2682 initis
978 2626 1048 2698 apud
1064 2626 1130 2698 Epi-

111 2710 239 2782 pitaniurn
263 2722 392 2763 nummus
412 2717 455 2765 est
470 2725 502 2764 ex
518 2706 624 2764 riuobus
640 2709 776 2782 argenteis
792 2710 968 2783 compositus.
991 2726 1061 2782 qrtoa
1076 2709 1130 2764 nri-

110 2794 240 2850 iiarensea
263 2792 447 2867 intelligimur,
470 2810 586 2866 quornm
609 2793 707 2867 singuli
730 2794 855 2850 denarios
869 2795 962 2850 decem
978 2795 1128 2850 continent.

112 2879 240 2935 Denarios
263 2894 327 2934 vero
349 2895 403 2934 non
426 2888 532 2935 veteres
554 2876 615 2934 ilios
638 2886 665 2934 et
688 2879 837 2941 Romanos.
867 2879 914 2935 sed
937 2880 1056 2935 minores
1079 2879 1130 2934 aii·

110 2980 178 3038 qnos
207 2978 350 3027 nummos,
379 2965 424 3036 uui
449 2973 477 3019 et
498 2962 561 3019 ideo
582 2964 695 3019 amorii
716 2964 864 3038 nuncupati
887 2962 1025 3026 videntur,
1055 2963 1131 3037 «peruri

110 3050 224 3106 totidem
246 3049 274 3103 iu
297 3056 455 3121 argenteum
478 3062 619 3105 nummum
633 3057 830 3121 competerent.
861 3050 916 3105 Cur
929 3058 1019 3105 atatem
1036 3051 1128 3105 tuieuti

109 3136 181 3207 parri
202 3149 305 3189 nornen
328 3134 352 3189 ei
374 3128 486 3189 nummu
509 3134 543 3188 sit
566 3133 731 3206 impositum,
755 3150 866 3191 caussae
889 3135 1043 3208 complures
1061 3133 1131 3189 ‹tiri-

110 3221 165 3274 nari
193 3227 322 3292 possunt.
367 3218 453 3275 Veluti
482 3217 556 3293 quod
584 3219 688 3275 «lunarii
715 3218 758 3275 isti
781 3221 807 3276 in
829 3236 876 3275 ser
898 3221 997 3276 iterum
1020 3219 1128 3275 ciericos

110 3304 183 3359 dirisi
207 3303 317 3367 tuerint,
342 3304 376 3359 ita
399 3313 430 3360 ut
451 3305 478 3360 in
500 3303 690 3360 miiiiarensem
717 3306 775 3362 120
798 3305 988 3367 convenirent.
1012 3314 1078 3378 qrrot
1100 3305 1128 3359 in

111 3387 253 3444 Talentum
275 3387 427 3461 Epiphauii,
450 3389 524 3463 quod
544 3391 602 3448 125
619 3388 747 3444 librarum
764 3400 815 3454 est,
839 3392 942 3445 Atticae
957 3391 1044 3444 urinae
1059 3404 1129 3444 ron-

111 3483 221 3546 munt.
253 3476 306 3528 aut
328 3473 499 3548 parcipitur,
522 3483 569 3530 aut
584 3475 633 3530 alie
649 3475 789 3547 quaepiam
806 3475 937 3530 eiusmodi
953 3474 1021 3529 ratio
1037 3468 1131 3536 tuerit.⁵
1146 3474 1179 3515 '³‘

111 3572 157 3613 em
177 3560 281 3614 tolerati
305 3572 404 3614 nomen
426 3558 454 3613 in
477 3568 607 3632 argenteo
629 3558 693 3614 tolie
717 3560 855 3615 resederit.
886 3559 957 3614 Saue
979 3575 1040 3614 cum
1063 3560 1131 3633 Epie-

111 3643 226 3716 phanius
250 3642 340 3698 ioiiem
363 3644 460 3699 asserit
480 3645 551 3700 duos
571 3651 716 3716 argenteus
732 3645 884 3718 complecti.
907 3644 969 3700 iicet
983 3656 1129 3718 argenteos

111 3744 161 3783 non
184 3726 365 3784 minianenses
387 3727 553 3801 inteiiigere,
582 3728 634 3784 hoc
656 3739 700 3785 eat
722 3732 840 3785 minores
862 3746 893 3785 ac
915 3746 969 3787 nou
992 3730 1129 3803 legitimos

111 3811 183 3877 tus,
214 3812 264 3868 aeci
292 3812 478 3875 climachum.
508 3815 553 3886 qtri
580 3813 607 3868 in
631 3830 682 3868 usu
706 3814 879 3870 nihiiominus
902 3826 1004 3873 essent.
1048 3813 1127 3868 Plura
1232 3822 1239 3848 t

94 3883 178 3953 'emm
204 3899 266 3954 τῶν
287 3888 430 3972 ἀργύρων
450 3914 549 3971 genera
569 3898 687 3961 inerunt,
711 3914 827 3971 neronam
844 3900 890 3956 uni
906 3899 1065 3956 miiiarenais
1079 3913 1129 3951 ro-

111 3982 235 4039 cabulum
264 3981 395 4045 inditum.
423 3998 478 4038 nou
507 3993 597 4038 tamen
619 3984 741 4055 argentei
763 4000 858 4040 omnes
879 3986 1055 4043 milliarenses
1079 3997 1130 4053 sp-

111 4068 209 4139 petunt.
241 4068 304 4125 iueo
327 4067 399 4124 ioiiis
419 4068 635 4124 tetradrarumus
658 4084 719 4123 esse
740 4070 839 4142 potuit.
862 4086 894 4124 en
916 4066 1022 4124 ttaobus
1038 4066 1131 4122 riitua-

111 4152 193 4209 rimis
217 4153 402 4227 compositus,
424 4153 499 4227 qraoai
522 4162 549 4209 et
571 4153 708 4226 Scaligero
730 4155 815 4209 visunt
840 4162 897 4209 est:
925 4151 976 4207 aeti
996 4151 1061 4208 falsa
1075 4166 1134 4209 raa
