2586 4822
56 722 59 729 ¹
145 748 208 811 ²28
602 754 715 807 emam

147 917 224 977 alon.
268 916 402 974 Palladius
432 915 457 971 in
486 911 603 969 Historia
632 912 775 975 hausiaca,
808 926 889 984 quem
924 911 990 967 citat
1025 909 1171 967 ileumius:

147 996 249 1062 πάντα
275 995 373 1077 αὐτῆς
399 1000 444 1070 (de
467 998 579 1054 Melania
603 998 722 1067 iuniore)
745 989 784 1053 ιὰ
806 990 920 1072 σηρικὰ
941 986 1100 1074 ἡμιφόριιι
1121 1013 1172 1049 xo·

147 1085 296 1162 λύμματα
322 1089 388 1153 τοῖς
408 1077 644 1159 θυσιαστηρίοις
664 1077 852 1160 ἐδωρήσατο.
898 1083 1021 1156 Utraque
1045 1098 1112 1138 voce
1132 1080 1172 1135 di·

148 1175 257 1233 midiata
279 1172 361 1228 vestis
384 1171 551 1243 exprimitur.
593 1167 734 1224 Colobium
757 1177 867 1224 curtum
888 1168 1018 1224 tunicum
1040 1168 1173 1240 interpre-

147 1261 198 1318 tari
222 1259 319 1332 possis.
357 1256 469 1327 Proprie
492 1254 600 1327 quidem
623 1270 693 1327 quae
715 1253 827 1309 manicis
849 1263 956 1317 careat,
980 1270 1015 1308 ac
1038 1253 1173 1309 decurtata

148 1346 193 1403 sit.
224 1343 262 1398 lte
284 1359 337 1415 qua
360 1339 483 1396 nonnihil
505 1338 538 1394 ad
560 1338 739 1395 Themistium
761 1339 885 1394 diximus.
926 1339 982 1394 Sed
1009 1356 1067 1394 uon
1091 1339 1171 1393 niiuus

149 1440 213 1503 apte
235 1429 273 1482 sic
296 1425 425 1499 appellari
447 1424 561 1488 videtur,
585 1424 650 1497 quid
672 1441 726 1480 non
750 1423 821 1479 ultra
843 1432 940 1497 pectus
963 1432 1052 1499 atque
1082 1425 1172 1479 hume·

150 1533 197 1572 ros
220 1520 341 1585 pateret,
371 1509 448 1582 quasi
470 1509 637 1565 dimidiatum
660 1518 734 1565 esset
755 1509 875 1582 pallium.
919 1509 1067 1582 Siquidem
1089 1506 1170 1563 nolo-

149 1597 249 1672 βιῶνιι
271 1595 355 1652 latum
378 1595 482 1650 clavum
505 1593 637 1649 nominari
655 1602 750 1649 censet
764 1597 844 1656 Acro.
868 1594 910 1650 cui
927 1595 1102 1668 respondere
1114 1593 1170 1648 droit

151 1683 338 1739 indumentum
361 1679 426 1735 illud
450 1696 482 1736 ex
505 1696 633 1752 purpura,
658 1680 730 1754 quod
754 1696 768 1734 a
791 1680 895 1735 cervice
916 1679 950 1734 ad
968 1688 1167 1753 pectuscum·

151 1779 210 1825 tum
232 1766 376 1840 gestabant
398 1765 547 1838 Principes.
584 1764 654 1837 Ergo
679 1773 822 1838 propterea
845 1757 991 1835 κολόβιον
1015 1775 1045 1822 et
1065 1752 1164 1838 ipsod-

150 1870 219 1929 pror
241 1859 363 1908 vocatum
387 1858 438 1913 est,
462 1849 523 1922 quia
547 1849 634 1905 iustae
657 1850 739 1905 vestis
762 1865 837 1905 more
857 1866 1035 1923 nequaquam
1052 1847 1166 1904 extende·

152 1937 242 1993 hatrxr.
286 1935 365 1993 Aliud
393 1943 435 1990 est
460 1925 637 2011 ώμοφόριον
660 1935 864 2008 Episcoporum,
889 1934 922 1990 de
946 1952 1004 2008 quo
1030 1936 1168 1990 Germanus

145 2019 479 2093 constantinopolitanus.

241 2107 299 2163 729
316 2103 344 2159 b.
367 2097 539 2158 Σεκοῦνδον
552 2098 611 2179 γὰρ
628 2098 681 2160 τὸν
695 2100 940 2179 novennalem]
967 2105 1031 2161 Euit
1047 2107 1098 2161 iste
1113 2105 1167 2160 Pto-

154 2189 274 2247 lemaidis
291 2189 451 2262 Episcopus,
468 2189 514 2263 qui
537 2206 599 2244 cum
615 2189 735 2254 Theona,
752 2190 824 2263 quod
840 2190 931 2246 Arium
948 2190 1082 2246 damnare
1097 2189 1167 2246 nollet

154 2277 182 2332 in
197 2274 313 2331 Nicaeno
330 2273 449 2330 Concilio
472 2277 613 2330 damnatus
630 2285 681 2340 est,
705 2276 787 2331 honio
803 2276 970 2331 teterrimus.
1001 2277 1087 2331 Cuius
1102 2290 1166 2348 spar-

154 2362 205 2418 sim
228 2360 390 2415 Athanasius
412 2359 543 2415 meminit.

243 2448 301 2503 730
318 2462 342 2499 a.
372 2435 469 2511 εὐθὺς
489 2442 615 2525 τελευτᾷ
637 2436 653 2501 ὅ
677 2436 879 2520 ὁμολογητής]
917 2445 1006 2501 Tanto
1030 2456 1095 2500 ante
1115 2443 1166 2499 Ale·

154 2531 248 2588 xandri
270 2539 385 2586 mortem
409 2538 436 2585 et
458 2529 604 2587 Nicaenum
628 2531 776 2586 Concilium
798 2530 949 2587 decessisse
966 2530 1104 2587 ileletium
1124 2544 1166 2603 pe·

49 2677 55 2684 ,
155 2625 204 2673 tat.
246 2616 276 2672 ln
299 2632 353 2688 quo
377 2615 552 2670 vehementer
574 2624 661 2679 errat,
690 2624 720 2671 ut
743 2632 824 2689 supra
846 2616 1068 2672 demonstratum
1090 2613 1165 2672 estin

155 2702 360 2759 lieletianorum
383 2700 543 2756 schismate.
626 2697 629 2705 '

244 2786 346 2844 73011.
378 2775 447 2858 ἅμα
468 2782 640 2863 Λουκιιινῷ
661 2780 692 2841 ἓν
714 2780 920 2864 Νικομηδιίᾳ]
966 2787 1089 2843 Lucieno
1115 2800 1166 2840 sau-

155 2872 277 2929 ctissimo
301 2870 433 2944 llartyre,
456 2887 537 2945 quom
560 2870 734 2926 nihilominus
758 2870 847 2926 Ariani
869 2882 1016 2943 patronum
1042 2882 1168 2928 autorem·

156 2974 210 3031 que
232 2972 313 3028 suum
335 2955 479 3012 iactabant.
511 2954 548 3009 lle
571 2972 626 3027 quo
648 2954 729 3027 paulo
751 2965 822 3028 post.

104 3047 150 3099 285
243 3044 299 3098 7³1
320 3040 347 3097 h.
378 3036 428 3095 nal
451 3042 512 3096 πᾶν
534 3031 627 3095 κακὸν
647 3039 731 3112 κινεῖ]
771 3041 835 3114 leg.
859 3057 891 3096 cx
914 3039 1095 3098 Theodoreto
1121 3040 1170 3104 nt

156 3125 203 3181 uhi
225 3127 292 3181 haec
315 3125 408 3180 eadem
431 3125 545 3197 epistola
567 3126 731 3191 continetur,
755 3120 856 3181 πάντα
877 3117 981 3180 κάλων
1002 3131 1088 3183 κινεῖ.
1118 3123 1172 3182 01·

153 3226 218 3264 anem
239 3217 330 3263 movet
351 3211 503 3264 mucorem.
534 3209 708 3266 Notissimum
731 3221 774 3267 est
795 3209 980 3266 Proverbium.

244 3296 344 3350 7310.
375 3288 424 3346 καὶ
451 3284 617 3360 Θεοδόσιος
645 3291 695 3351 καὶ
717 3291 888 3369 Παυλῖνος]
907 3295 1000 3369 theg.
1014 3288 1174 3361 Θεόδοτος,

159 3394 214 3433 non
241 3369 418 3444 Θεοδόσιος,
439 3394 472 3433 ex
494 3378 667 3435 Tlreodoreto
696 3385 755 3445 1,5
779 3391 806 3436 et
821 3380 932 3454 lliceph.
950 3383 979 3444 8,
991 3384 1020 3438 9.
1055 3382 1117 3438 Fuit
1138 3382 1175 3436 hie

155 3462 304 3519 Laodiceae
325 3461 485 3535 Episcopus,
514 3463 642 3519 Paulinus
666 3465 736 3539 Tyri,
759 3467 920 3522 Athanasius
942 3467 1089 3532 Anazarhi,
1113 3467 1179 3522 Gre-

155 3548 249 3620 gorius
273 3547 371 3620 Beryti,
395 3548 488 3604 Attius
511 3548 625 3620 Lyddae.

245 3634 304 3690 732
319 3649 344 3687 a.
374 3625 430 3688 nair
451 3631 677 3715 Λουκιανιστᾷ,
700 3628 829 3709 ἀληθῶς
849 3627 992 3708 Εὐσέβιε]
1023 3635 1177 3693 Emendati-

156 3715 221 3771 dum
243 3711 507 3775 συλλουκιανιστά.
536 3718 601 3773 Nam
623 3720 733 3775 Luciani
748 3720 870 3794 Martyris
892 3720 1043 3794 discipulos
1066 3741 1098 3779 se
1121 3736 1178 3778 esse

155 3801 350 3875 gloriabantur.
395 3804 545 3860 Alexander
571 3803 722 3877 Episcopus
749 3805 945 3862 Alexandrinus
973 3807 1000 3862 in
1030 3807 1119 3881 Epist.
1147 3805 1178 3861 ad

154 3887 335 3944 Alexandrum
370 3887 576 3961 constantinop.
605 3889 752 3946 lucianum
788 3890 960 3964 perstringit,
998 3893 1079 3967 quasi
1108 3890 1180 3948 Pauli

155 3971 325 4029 Samosateni
353 3973 449 4047 dogma
477 3983 589 4031 secutus
617 3984 705 4039 esset,
734 3975 770 4032 oh
800 3976 881 4049 idque
901 3991 916 4029 a
938 3976 1028 4033 trihus
1051 3977 1180 4050 deinceps

155 4058 332 4116 Antiochenis
350 4058 489 4134 Episcopis
511 4058 546 4115 ab
561 4056 679 4118 Ecclesia
702 4061 834 4118 reiectum
856 4061 963 4119 asserit.
995 4061 1077 4120 llunc
1091 4060 1179 4121 Ariani
