2586 4822
115 824 220 868 auxit
474 819 587 870 efflatu
606 818 779 868 vultanum.

114 976 146 1032 ad
161 973 338 1048 llpipbanium
361 974 419 1029 sine
441 973 589 1030 offensione
611 973 824 1046 percurrendum
846 975 1002 1030 necessario
1024 975 1118 1047 praeei-

114 1061 210 1135 pieuda
232 1069 303 1115 sunt.
350 1059 507 1132 Quanquam
530 1059 661 1113 eiusmodi
683 1059 739 1113 lere
762 1057 804 1113 illa
827 1075 888 1114 esse
910 1076 1077 1133 cognosces,
1100 1076 1118 1116 u

115 1162 321 1220 supervacanea,
345 1154 391 1199 aut
414 1144 501 1199 alieno
523 1145 610 1217 posita
633 1143 693 1198 loco
715 1142 797 1198 sideri
819 1155 966 1216 nequeant.
1008 1146 1048 1200 lta
1071 1145 1118 1218 ple

60 1235 67 1245 “
113 1249 227 1306 rumque
250 1230 406 1303 perplexum
430 1238 510 1302 atque
533 1245 631 1300 anceps
654 1237 704 1290 est,
738 1227 811 1300 quod
833 1229 865 1284 ab
889 1230 1041 1303 Epiphanio
1065 1248 1118 1304 pro

113 1318 238 1390 ponitur,
262 1323 465 1386 argumentum,
490 1323 519 1368 ut
542 1313 574 1367 ad
596 1313 799 1386 intelligentiam
823 1315 864 1369 sui
886 1316 1025 1389 aliquanto
1050 1316 1118 1373 etiae

112 1402 189 1475 plura
212 1416 291 1473 quam
314 1416 328 1453 a
350 1397 429 1453 nobis
452 1408 515 1454 sunt
538 1398 614 1453 allata
638 1398 781 1454 desideret.

197 1484 265 1539 lllud
287 1501 350 1538 vcro
372 1493 511 1556 postremo
534 1485 565 1538 ad
589 1483 728 1556 Epiphanii
752 1485 937 1541 tractationem
955 1485 1118 1545 commodat

113 1570 241 1633 accessit,
265 1578 303 1634 ut,
337 1568 463 1641 qnoniam
486 1568 622 1640 longiores
645 1568 810 1641 singularum
833 1570 982 1625 llaeresnm
1006 1571 1118 1644 disputa

113 1657 201 1711 tiones
223 1663 302 1717 sunt,
332 1671 363 1709 ac
386 1662 518 1726 perpetuo
541 1669 622 1708 cursu
645 1654 788 1719 orationis,
812 1656 870 1710 sine
893 1655 945 1710 ulla
969 1656 1118 1730 interspin

112 1740 187 1795 tione
209 1756 240 1794 ae
262 1738 434 1794 distinetione
457 1748 606 1801 contextae,
641 1748 728 1794 certas
752 1741 778 1795 in
800 1749 901 1813 partes,
924 1758 954 1795 ac
979 1741 1064 1796 velnti
1087 1759 1118 1799 ea

112 1825 167 1899 pita
184 1824 321 1880 Haeresim
344 1840 560 1898 unamquamque
584 1823 774 1889 tribueremus,
798 1825 897 1898 quibus
920 1827 1079 1882 numerales
1101 1844 1118 1883 a

113 1927 186 1966 oram
209 1919 288 1966 notas
310 1909 494 1982 apposuimus.
532 1909 605 1977 Quae
628 1927 671 1964 res
695 1927 748 1964 non
771 1910 917 1982 legentium
941 1911 1030 1966 solum
1057 1912 1118 1969 lasti

113 1996 184 2050 dium
208 1993 371 2058 sublevabit,
401 1993 449 2049 sed
471 1995 502 2049 ad
525 1993 629 2049 citanda
654 1996 805 2049 testimonia
828 1996 984 2068 cunipriuns
1009 1997 1061 2052 crit
1087 2015 1118 2055 et

111 2081 211 2152 pedica.
241 2079 306 2133 Nam
329 2079 435 2151 quoties
459 2096 490 2132 ex
508 2078 595 2150 aliqua
613 2079 752 2151 llpiplianii
769 2079 879 2135 llaercsi
894 2082 1050 2138 authoritas
1068 2100 1118 2155 pro

112 2165 228 2227 cluditur,
252 2164 274 2218 si
296 2163 375 2226 illam,
401 2162 439 2217 uti
462 2162 499 2225 lat,
524 2181 720 2235 recognoscere
743 2165 873 2226 volneris,
899 2174 954 2220 tota
979 2166 1038 2230 tibi,
1065 2185 1118 2240 qam

112 2266 306 2321 nonuunquam
336 2256 377 2302 est
405 2251 551 2311 immensa,
582 2249 758 2320 pervolvendo
787 2250 932 2322 disputatio
956 2261 1009 2306 est.
1058 2252 1118 2309 Nun

111 2343 236 2389 notarum
261 2333 364 2388 illarum
387 2334 559 2405 capitumque
581 2334 740 2406 compendio
763 2335 840 2398 lieet,
871 2352 923 2390 non
948 2345 1058 2391 tautum
1082 2354 1118 2412 qu

112 2437 144 2474 ex
160 2418 269 2474 Haeresi
292 2418 381 2473 locum
404 2418 478 2472 illum
501 2418 651 2483 adduxeris,
675 2419 722 2474 sed
746 2421 824 2474 etiarn
847 2429 931 2493 quoto
956 2439 988 2475 ex
1005 2422 1118 2479 llaeresi

112 2521 236 2567 nurnero,
259 2503 300 2558 vel
323 2502 475 2558 adscribere
498 2502 595 2575 ipsum,
620 2505 660 2558 vel
683 2505 846 2577 adscriptum
865 2505 897 2559 ab
914 2505 972 2559 aliis
989 2508 1068 2562 nvdlo
1084 2524 1118 2564 ue

112 2591 187 2662 gotio
210 2589 338 2663 reperire.
372 2587 450 2656 Quod
466 2588 487 2642 si
503 2589 568 2643 milri
584 2589 608 2642 id
625 2590 789 2644 occurrisset
804 2591 887 2653 initio,
912 2590 944 2644 de
961 2609 1017 2664 qno
1036 2593 1118 2649 alleot

111 2675 162 2730 iarn
186 2692 269 2747 opere
292 2674 363 2729 venit
386 2674 411 2728 in
435 2683 562 2737 mentem,
586 2674 664 2728 etiarn
688 2675 846 2729 basileensis
870 2675 996 2730 editionis
1021 2679 1118 2751 pagina

112 2760 144 2814 ad
174 2761 320 2833 marginem
350 2769 459 2814 nostrae
489 2758 568 2812 liuins
596 2759 771 2822 addidissem,
801 2770 914 2832 propter
935 2778 984 2815 eos
1009 2764 1118 2819 sivlelicu

112 2846 250 2908 authores,
275 2845 320 2917 qui
343 2861 403 2898 curn
428 2843 568 2915 Epipbanii
589 2842 678 2898 locum
702 2843 817 2917 aliquem
841 2846 993 2916 presserunt,
1018 2850 1118 2921 pagiua

113 2947 171 2985 rum
195 2930 287 2984 eadem
311 2946 342 2983 ev
366 2928 483 2982 editione
506 2945 648 2982 numerum
666 2929 769 2984 utiliter
783 2930 921 2985 adnotant.
952 2931 1045 2999 Quare
1062 2935 1118 2989 istu·

111 3016 138 3069 in
161 3014 220 3075 alin,
244 3014 266 3068 si
289 3030 332 3067 res
355 3013 455 3074 tulerit,
481 3013 597 3067 editione
620 3014 769 3069 sarriendum
793 3016 932 3069 suaserim.
1087 3064 1098 3079 ,

196 3099 236 3153 l'u
259 3097 337 3152 velim
361 3096 517 3163 (Cadaelice,
542 3114 571 3152 ae
595 3099 705 3153 candide
728 3100 834 3162 Lector,
858 3118 947 3172 neque
972 3103 1045 3156 enirn
1070 3102 1114 3175 plu

112 3183 187 3238 ribus
204 3193 230 3238 te
247 3183 366 3240 detineol
384 3181 416 3235 ad
431 3181 498 3235 lianc
511 3181 726 3238 lucubrationem
750 3194 869 3239 nostrum
892 3186 930 3239 sie
953 3187 1078 3252 accedas,
1101 3204 1118 3245 tt

112 3267 254 3341 intelligas,
278 3283 367 3339 neque
390 3266 454 3320 nibil
478 3283 491 3319 a
515 3266 593 3321 nobis
616 3287 676 3324 esse
699 3279 848 3341 peceatum,
873 3281 900 3325 et
919 3271 939 3324 si
957 3288 1028 3343 qum¹
1045 3272 1072 3327 iu
1088 3271 1118 3327 dt

112 3353 254 3409 commissa
277 3350 497 3423 deprehenderis,
522 3369 550 3405 ea
575 3353 697 3424 pluribus
720 3371 781 3408 curn
805 3355 891 3418 botris,
916 3357 1037 3411 simodo
1055 3358 1118 3430 plan

112 3438 177 3494 milti
199 3437 269 3492 bona
292 3445 369 3500 sunt,
393 3445 439 3490 ant
461 3437 633 3508 aequalibus,
663 3440 868 3511 paucioribusve
891 3457 1065 3513 compenses,
1087 3450 1118 3497 at

112 3540 166 3599 que
188 3523 230 3577 his
253 3524 350 3584 fruare,
374 3521 425 3576 illis
447 3522 549 3576 vernant
573 3523 690 3586 tribuas,
714 3542 763 3596 pro
786 3526 921 3597 aequitate
944 3536 989 3582 tua
1013 3528 1118 3602 ‹teniqu

112 3609 212 3665 meiora
235 3617 262 3663 et
283 3606 390 3662 utiliora
412 3608 540 3680 deinceps
562 3624 576 3661 a
599 3608 677 3664 nobis
703 3620 837 3683 expectes.
