2586 4822
165 686 229 753 178
567 717 591 755 η
622 703 738 755 raram
809 720 813 727 ·

166 873 277 925 omnem
306 873 424 934 quorum
445 857 599 917 testhnonia
621 858 804 917 a·Cotholicis
826 857 1017 933 scriptoribus
1038 857 1190 915 iamdudum

161 942 288 1001 ‚studiose
311 943 424 1002 collecta
447 954 520 1000 sunt.
552 944 605 1001 Sed
622 944 735 1001 eximius
750 954 831 1018 atquc
847 944 981 1019 imprimis
997 943 1119 1000 ethertns
1140 952 1189 1010 est,

115 1054 134 1093 ¹,
166 1028 215 1103 qui
242 1028 308 1085 mihi
336 1029 406 1085 torte
428 1044 500 1085 nunc
523 1030 642 1086 occurrit
664 1029 810 1087 Clementis
832 1029 963 1087 Aiexand.
987 1028 1068 1085 locris
1092 1029 1188 1086 Stron-

165 1112 184 1171 1.
201 1117 230 1173 4.
259 1107 452 1187 Μελχισεδὲκ
472 1107 619 1185 βασιλεὺς
639 1108 768 1188 Σαλήμ,
796 1106 812 1170 ὃ
836 1105 935 1190 ἱερεὺς
955 1116 1016 1170 τοῦ
1038 1114 1117 1171 θεοῦ
1136 1114 1190 1170 τοῦ

163 1190 315 1272 ὑψίστου·
338 1190 355 1257 ὃ
377 1190 431 1256 τὸν
453 1189 534 1254 οἶνον
555 1193 604 1254 καὶ
628 1193 681 1255 τὸν
703 1191 798 1274 ἄρτον
812 1193 867 1273 τὴν
880 1190 1073 1274 ἡγιασμένην
1088 1193 1191 1264 διδοὺς

164 1277 285 1361 τροφὴν
306 1279 347 1351 εἷς
368 1277 464 1340 τύπον
485 1277 702 1359 Εὐχαριστίας.
732 1284 797 1341 Vide
818 1287 934 1357 August.
958 1283 1050 1357 Epist.
1066 1286 1118 1341 95.

160 1420 163 1424 .
250 1360 324 1429 tot
345 1369 402 1425 τοῦ
416 1361 562 1444 Ἀβραὰμ
584 1363 698 1446 πατήρ]
730 1369 808 1439 Quotl
821 1367 989 1426 abraamum
1007 1386 1081 1425 anuo
1097 1369 1189 1425 aetatis

164 1470 230 1511 suaa
255 1457 271 1512 7
276 1457 293 1511 0
316 1455 443 1527 genuerit
465 1454 554 1511 Thare
575 1454 676 1513 diserto
694 1455 835 1528 Scriptura
856 1454 946 1518 docet,
970 1470 1006 1510 ac
1029 1454 1189 1528 tergiversa-

165 1539 266 1595 tionem
293 1556 401 1596 omnem
424 1539 549 1596 excludit
593 1538 649 1596 Nec
671 1540 749 1596 aliter
770 1539 947 1595 vetustissimi
969 1539 1077 1614 quique
1096 1539 1187 1595 Patres

164 1639 227 1681 eum
249 1623 339 1681 locum
363 1625 532 1700 interpretati
554 1634 627 1688 sunt,
651 1633 682 1681 ut
703 1625 744 1682 vel
760 1624 912 1680 contrariae
927 1623 1070 1697 opinionis
1083 1622 1183 1697 petoni

162 1708 243 1767 fateri
265 1720 416 1784 coguntur,
443 1712 490 1785 qui
512 1720 606 1767 contra
629 1709 710 1765 hosis
733 1710 942 1774 authoritatem,
973 1726 1035 1766 non
1059 1712 1108 1773 to,
1134 1707 1182 1763 aad

168 1797 236 1852 130.
268 1794 355 1853 Thana
378 1813 449 1852 anno
473 1805 565 1851 natum
588 1794 771 1852 patriarcham
794 1794 918 1851 videntur
940 1811 1079 1851 asserere.
1106 1785 1182 1849 tite·

163 1880 218 1936 rint
240 1881 287 1945 itti,
311 1899 391 1954 qnam
414 1889 488 1937 recte
512 1890 553 1936 tot
568 1881 750 1944 saeculorum,
774 1879 896 1952 atleoquc
911 1879 966 1934 PP.
984 1880 1107 1935 omnium
1120 1894 1184 1934 cou-

162 1982 274 2022 sensum
297 1966 449 2039 repudient.
480 1965 533 2020 h'os
557 1981 625 2035 quac
647 1964 680 2019 ah
704 1964 756 2021 illis
778 1973 958 2038 opponuntur
972 1965 1046 2020 tanti
1062 1980 1184 2022 essenon

163 2050 307 2114 credimus,
331 2061 362 2105 ut
385 2058 530 2122 propterea
552 2048 644 2103 lucere
667 2050 779 2106 meritiis
800 2048 955 2122 negandum
978 2050 1027 2105 sit.

248 2135 302 2188 iam
330 2151 393 2189 voro
422 2134 472 2188 hac
501 2134 526 2187 in
556 2134 762 2204 generationum
790 2134 974 2207 descriptione
999 2151 1058 2190 non
1080 2134 1113 2190 ab
1133 2133 1180 2189 fle·

110 2215 260 2273 ttthmicts
281 2217 362 2274 modo
385 2217 514 2282 fontibus,
538 2217 586 2272 sed
609 2218 688 2274 ctiam
711 2220 806 2275 ahhh'
822 2219 966 2275 Saniorum
982 2220 1116 2282 numeris.
1136 2235 1178 2274 cu-

162 2302 279 2358 iusmodi
300 2303 382 2360 hodie
404 2311 504 2367 extant,
520 2302 628 2360 aberrat
643 2303 819 2376 Epiphanius.
850 2303 924 2360 Dabo
940 2304 985 2360 hic
1002 2303 1175 2361 hebraeorum

162 2403 194 2454 ac
209 2386 374 2444 Graecorum
397 2388 504 2452 scriem,
529 2400 559 2445 ut
581 2405 650 2462 quae
673 2388 841 2446 observanda
862 2397 927 2445 sunt
948 2388 1057 2446 facilius
1073 2390 1175 2464 quisquc

161 2473 303 2546 percipiat.

181 2686 329 2727 Hebraeorum
343 2687 465 2726 ethttno-
510 2687 542 2726 Ex
558 2688 652 2727 editione
667 2689 758 2735 vulgata
814 2671 989 2753 ⁰J¹¹⁰¹⁸⁸¹⁰¹¹²¹ffl
1068 2690 1074 2700 ¹
1116 2697 1136 2726 a·

170 2896 446 2970 Senipostdiluvium
713 2955 717 2962 ⁸

212 2982 307 3053 gentiit
321 2999 393 3039 atino
454 2982 545 3039 2Sem
560 3000 632 3039 anno
768 2981 785 3036 2
868 2985 879 2999 '

169 3066 310 3140 arphaxad

168 3149 230 3206 Sala
725 3153 784 3208 130

166 3233 240 3291 Eher
725 3239 782 3294 130

167 3312 268 3392 Phaieg
725 3324 781 3379 131

167 3406 225 3462 heu
724 3409 782 3465 130

167 3492 272 3550 Seruch
725 3494 782 3551 132

167 3577 274 3636 Nachor
726 3580 782 3636 130

165 3664 256 3720 Thaca
725 3665 782 3720 tttt

168 3749 304 3807 Abraham
745 3752 783 3806 to

169 3883 339 3959 Collignntur
346 3883 378 3940 ad
386 3883 472 3940 hhra-
483 3883 690 3958 Colligunturad
699 3882 785 3939 Abra-

166 3966 222 4029 'ami
231 3979 320 4028 ortum
328 3968 390 4025 anni
400 3968 469 4026 292.
482 3970 534 4026 anri
550 3977 639 4025 ortum
656 3988 680 4024 a.
696 3970 783 4026 1172.
