2586 4822
145 804 190 867 aa
414 808 460 865 ttt
495 813 534 863 xo
553 809 688 863 tonantii
707 809 800 861 crtsc
819 809 897 861 nico.

147 972 224 1033 torte
245 967 358 1048 aliquos
380 965 416 1027 de
444 964 554 1046 populo
583 963 634 1026 tihi
662 962 775 1025 credito
806 962 844 1023 ad
871 960 1093 1041 perversitatem
1121 960 1166 1023 sui

147 1067 269 1129 inducat
289 1063 407 1127 erroris.
453 1062 530 1143 Opto
552 1072 585 1123 ut
606 1060 723 1123 valeatis
744 1061 776 1121 in
799 1059 928 1121 domino.

639 1586 666 1647 X

209 1723 421 1800 EPIPHANll
446 1722 637 1797 EPISCOPI
664 1721 788 1794 CYPRI
813 1720 1025 1795 EPISTOLA
1050 1722 1111 1795 Al)

110 1872 144 1923 m
484 1845 517 1915 S.
541 1839 837 1913 fflttttottttttuu.

152 2184 263 2240 Nuntiat
292 2183 505 2256 origenistarum
539 2183 682 2240 factionem
714 2200 797 2257 opera
829 2182 971 2258 Theophili
1001 2184 1172 2242 damnatam:

154 2290 236 2354 atque
267 2280 402 2353 exemplar
437 2279 516 2354 epist.
539 2280 683 2354 synodicae
706 2281 739 2337 ad
761 2297 822 2338 eum
846 2282 956 2338 mittens
984 2282 1114 2339 hortatur
1144 2290 1173 2338 ut

153 2395 223 2454 quos
245 2378 371 2433 universus
394 2393 452 2432 eam
475 2377 618 2434 haeresim
642 2379 796 2455 scripsisset
818 2378 902 2434 libros
929 2380 955 2434 iu
978 2379 1076 2453 vulgus
1101 2380 1172 2436 edat.

151 2584 278 2647 Domino
300 2584 500 2647 amantissimo
529 2582 588 2644 otio
620 2605 655 2646 ac
683 2584 764 2646 tratri
786 2585 964 2667 Hieronymo
997 2587 1173 2668 presbytero

117 2701 147 2751 ιο
391 2681 574 2763 Epiphanius
596 2682 626 2743 in
650 2682 775 2743 Domino
797 2683 929 2745 salutem.

113 2884 116 2891 ,
238 2818 388 2881 Generalis
410 2817 531 2898 epistola
554 2837 628 2896 quae
649 2817 686 2879 ad
701 2837 806 2881 omnes
818 2820 976 2881 catholicos
991 2820 1103 2900 scripta
1118 2830 1172 2895 est,

152 2917 189 2987 ad
211 2923 240 2977 te
261 2916 379 2995 proprie
401 2915 543 2994 pertinet,
581 2916 630 2994 qui
660 2915 754 2976 zelum
782 2917 849 2977 lldei
878 2919 1019 2979 adversus
1049 2928 1172 2980 cunctas

154 3015 293 3075 haereses
313 3012 435 3087 habens,
470 3011 605 3090 Origeois
628 3012 747 3093 proprie
778 3023 807 3075 et
828 3015 997 3094 Apollinarii
1021 3016 1174 3098 discipulis

154 3109 332 3173 adversaris:
365 3128 492 3188 quorum
514 3120 672 3173 venenatas
695 3110 807 3173 radices
832 3122 861 3173 et
883 3112 912 3173 in
935 3113 1027 3174 altum
1049 3115 1173 3177 doitrant

118 3209 333 3290 teimpietatem
361 3207 549 3287 omnipotens
571 3207 643 3271 deus
671 3209 815 3288 protraxit
842 3210 873 3270 in
901 3209 1046 3283 medium,
1083 3223 1115 3273 ut
1144 3213 1172 3273 in

152 3305 326 3368 Alexandria
348 3305 480 3386 proditae
507 3304 536 3365 in
560 3312 622 3366 toto
644 3306 716 3367 orbe
744 3317 920 3369 arescerent.
974 3308 1054 3369 Scito
1085 3310 1172 3385 enini,

153 3405 194 3466 illi
226 3403 384 3476 carissime,
418 3402 534 3463 Amalec
554 3404 705 3482 usquead
729 3403 849 3484 stirpem
878 3423 943 3465 esse
965 3404 1112 3483 deletum,
1146 3417 1175 3469 et

154 3503 186 3563 in
209 3512 308 3563 monte
323 3500 477 3580 Rephidim
500 3508 630 3561 erectum
653 3508 806 3580 tropaeum
828 3502 932 3563 crucis.
968 3501 1087 3565 Etenim
1102 3524 1175 3584 quo·

116 3601 242 3667 tomedo
264 3598 407 3679 porrectis
429 3598 458 3658 io
482 3597 573 3657 altum
587 3596 679 3677 lloysi
701 3598 838 3660 manibus
860 3599 993 3661 vincebat
1008 3601 1110 3679 lsrael
1133 3602 1175 3663 sic

155 3697 294 3759 domiuus
316 3693 488 3756 confortavit
516 3693 655 3756 lamulum
684 3714 771 3757 suum
793 3696 1000 3777 Theophilum,
1029 3709 1064 3760 ut
1086 3718 1175 3780 super

154 3794 246 3857 altare
267 3791 405 3853 ecclesiae
420 3791 630 3854 Alexandrinae
659 3803 762 3854 contra
784 3792 942 3871 Origenem
964 3795 1100 3857 vexillum
1121 3816 1175 3877 po·

156 3900 249 3963 neret,
272 3897 302 3949 et
316 3888 477 3968 imperetur
498 3889 527 3951 in
548 3909 584 3951 eo
598 3891 677 3969 quod
694 3891 809 3963 dicitur,
833 3890 955 3953 “Scribe
972 3892 1093 3972 signum
1107 3895 1172 3969 nou

157 3989 222 4068 quia
245 3984 348 4046 delebo
370 3984 501 4047 funditus
524 3984 660 4065 Origeois
684 3988 828 4049 haeresim
849 4008 866 4050 a
888 3988 961 4050 tacis
988 4000 1086 4052 terrae
1107 4010 1173 4053 cun

118 4087 220 4165 tuipse
241 4083 387 4145 Amaloc”
431 4082 470 4143 Et
491 4101 529 4145 ne
550 4084 649 4147 udear
669 4084 771 4148 eadem
794 4103 899 4148 rursus
919 4086 1028 4150 iterare
1054 4098 1086 4151 et
1105 4108 1177 4171 prt-
