2586 4822
172 722 235 793 ote
531 755 534 761 ·
559 748 566 761 ·
599 734 610 759 -·
630 732 742 788 rernm

173 916 229 957 uon
251 887 439 970 ἑβδομάδας.
478 894 513 951 lit
532 886 649 968 ἡμέρας
668 891 795 966 intelligit
815 904 918 965 quiea
934 890 1047 948 solenni
1066 892 1196 950 bacchans

79 1044 83 1053 ,
173 986 278 1048 ineunt,
301 991 364 1037 ente
385 997 453 1056 quas
474 972 493 1054 ἡ
516 972 745 1055 τεσσαρακοστὴ
766 976 852 1033 solide
874 976 1009 1033 decurrit.

259 1062 316 1135 τὰς
337 1060 371 1123 dd
390 1057 425 1134 ’ἔξ
443 1057 561 1141 ἡμέρας
581 1066 636 1120 τοῦ
651 1057 781 1137 Πάσχα]
803 1061 866 1118 Sex
888 1061 941 1117 illis
957 1062 1095 1120 duntaxat
1110 1063 1195 1119 diehns

173 1153 293 1217 maioris,
316 1159 348 1207 ut
361 1160 467 1215 vocant,
491 1148 684 1211 hebdomadae.
707 1146 876 1222 xerophagia
891 1146 1060 1204 Christianis
1075 1150 1197 1222 imperata

174 1239 249 1297 rsit..
265 1237 346 1310 dtqni
362 1236 468 1291 hoodie.
484 1235 548 1290 Cen.
568 1236 622 1292 id:
645 1228 696 1289 dei
712 1236 824 1302 πᾶσαν,
845 1233 942 1306 inquit,
968 1227 1027 1308 τὴν
1050 1250 1196 1309 τεσσαρα-

175 1315 289 1396 κοστὴν
314 1314 466 1395 νηστεύειν
493 1315 753 1396 ξηροφαγοῦντας.
797 1318 830 1373 Ει
858 1316 983 1374 llalsamo
1013 1319 1049 1374 cd
1082 1320 1145 1375 Cen.
1160 1321 1194 1375 69

174 1410 270 1483 h'post.
294 1422 348 1461 non
371 1405 458 1460 solum
481 1403 509 1458 in
533 1403 746 1477 qtredmgeslmo,
771 1402 922 1460 sedetiam
947 1413 1050 1476 qrrertn
1074 1413 1195 1477 sertaque

175 1492 241 1550 laria
263 1487 598 1566 Eppopnyeivoporterc
620 1488 714 1545 docet:
744 1490 811 1544 adeo
835 1497 865 1543 ut
887 1504 922 1542 ne
944 1489 1073 1561 aegrotis
1095 1489 1193 1564 quiden

176 1575 248 1633 aliud
276 1574 399 1631 ciborum
432 1589 520 1646 genus
548 1590 627 1649 quern
651 1574 763 1647 piscium
786 1572 973 1645 indulgeatur,
1006 1590 1062 1629 nec
1085 1590 1194 1647 unque·

176 1659 313 1723 crinibus,
336 1658 377 1714 vel
400 1666 521 1714 extremo
543 1659 612 1715 vitae
634 1658 765 1732 periculo,
789 1657 859 1713 vesci
881 1657 971 1713 liceat.
1003 1658 1089 1732 Apud
1104 1659 1195 1715 Socra·

176 1753 349 1803 tem-tamen
376 1746 402 1806 5.
421 1745 460 1800 22
489 1743 535 1799 ubi
563 1744 684 1800 diversae
705 1742 941 1818 qusdmgesimalis
964 1742 1063 1798 ieiunii
1085 1760 1196 1800 censue·

176 1829 284 1887 t'dincs
307 1829 490 1903 explicantur,
513 1844 569 1884 non
591 1845 685 1884 omnes
708 1827 902 1902 xerophagiam
924 1826 1107 1885 adhibebant.
1147 1828 1194 1884 Sed

177 1910 221 1972 alii
240 1913 361 1989 piscibus
385 1916 586 1978 tuntummodo,
616 1914 659 1970 alii
685 1913 778 1969 nvibus
799 1912 913 1985 insuper
933 1912 1104 1978 utebantur,
1133 1929 1194 1987 qnos
1279 1906 1283 1933 ¹

177 2014 210 2056 ex
231 2016 300 2073 aquo
322 2007 480 2072 procreatos
502 1997 614 2071 perinde
636 2014 667 2055 ac
688 1998 778 2072 pisces
800 1996 905 2071 lloyscs
927 2007 1031 2053 narrat.
1072 1998 1123 2054 stit
1143 1999 1196 2053 lm-

177 2082 267 2141 otibes
295 2083 406 2156 ovisque
435 2083 571 2147 contenti,
600 2083 645 2139 olii
673 2099 743 2157 pane
764 2081 838 2147 solo,
868 2081 912 2138 alii
933 2098 969 2137 ne
993 2084 1072 2139 hunc
1094 2085 1195 2159 quiden

177 2167 229 2224 sibi
259 2167 462 2240 permittebant.
508 2169 527 2222 d
558 2167 684 2224 carnibus
716 2167 824 2243 quidem
857 2167 1000 2223 universos
1034 2167 1195 2224 abstinuisse

176 2261 286 2329 prester
313 2260 436 2308 coeteros
458 2253 626 2325 Augustinus
648 2263 741 2309 contra
765 2252 892 2309 inustum
915 2251 1011 2308 scribit
1033 2253 1083 2309 lib.
1103 2256 1152 2312 30.
1178 2257 1196 2307 t

177 2336 304 2395 struibus
332 2346 360 2394 ct
387 2338 465 2402 vino,
494 2337 634 2411 Chrysost.
658 2336 771 2395 llom.8
800 2336 834 2393 de
856 2336 961 2393 Poenit.
1005 2337 1045 2393 lte
1075 2338 1195 2395 camihos
1278 2362 1282 2373 ·

178 2422 258 2480 etism
274 2421 442 2496 Spyridionis
465 2424 537 2496 apud
552 2424 660 2478 Sozom.
683 2423 795 2479 historio
817 2421 958 2478 confirmat
981 2422 1049 2479 tint
1078 2429 1156 2487 elt,
1171 2432 1197 2477 nt
1279 2452 1283 2477 t

177 2516 284 2565 eastern
307 2508 533 2581 pmetermittmn,
563 2524 633 2580 quoe
654 2517 719 2563 sont
740 2508 890 2563 innumere.
935 2506 1090 2564 Postremis
1112 2509 1196 2583 itaque

179 2592 405 2665 Quadragesimae
426 2591 522 2649 diebus
544 2609 592 2648 sex
606 2592 775 2666 xerophagia
796 2591 856 2666 lege
879 2591 994 2665 onmem
1012 2593 1145 2649 omnibus
1159 2594 1196 2648 in-

178 2678 258 2736 dicta.
289 2678 362 2747 Quae
385 2676 450 2753 quid
472 2677 516 2742 sit,
540 2677 658 2733 declarat
682 2677 794 2733 Tertull.
817 2676 887 2734 libro
909 2687 1005 2733 contra
1021 2677 1124 2752 Pspcb.
1139 2681 1194 2734 cl:

177 2761 306 2836 Arpttunt
327 2779 387 2826 nos,
410 2762 507 2836 inquit,
531 2762 703 2834 quodetiam
719 2761 917 2835 Xerophopioe
930 2763 1127 2832 oberrem,
1147 2764 1196 2818 sic·

177 2856 274 2905 centes
296 2847 386 2905 cibum
408 2848 445 2902 ob
467 2848 542 2902 omni
556 2863 641 2903 corne
663 2855 689 2902 et
710 2849 786 2903 enini
799 2846 954 2902 iurulentia
968 2856 997 2902 et
1010 2848 1195 2905 viridioribus

175 2933 333 3008 psihusque
351 2934 452 3005 pomis,
475 2948 511 2986 nc
532 2933 600 3004 quid
620 2933 782 2988 vinositatis
796 2934 841 2988 eei
855 2934 979 2997 edentur,
1002 2934 1050 2988 oei
1061 2941 1193 3006 pomnen

177 3010 289 3076 honeri
309 3034 417 3091 petoque
439 3018 638 3073 abstinentiam
659 3025 853 3089 conproentens
867 3018 950 3072 crido
963 3018 1066 3074 eictm.
1099 3018 1193 3075 Passim

177 3118 242 3159 tero
265 3112 322 3158 toto
345 3102 391 3158 illo
413 3103 484 3159 libro
506 3101 689 3175 Xerophagias
712 3102 887 3158 acatholicis
909 3101 1030 3157 damnari
1053 3103 1191 3176 siguificat.

176 3189 260 3260 paeri
280 3204 383 3241 nocens
406 3189 533 3257 affectati
554 3188 638 3259 officii
657 3203 766 3250 nornen,
790 3194 816 3240 et
827 3187 989 3258 proximum
1005 3187 1138 3243 ethnicor
1152 3203 1193 3241 re-

172 3272 343 3345 perditioni,
367 3273 466 3343 prcoles
489 3271 673 3327 castimoniae
695 3273 782 3344 Apin,
806 3271 908 3326 Itidem
929 3279 955 3326 ct
976 3288 1114 3343 nmen
1135 3271 1193 3329 He·

176 3364 245 3413 trent
272 3363 411 3410 certorum
440 3357 596 3411 eduliorum
624 3358 784 3429 exceptione
810 3357 973 3430 purificant.
1022 3357 1122 3414 Verrem
1144 3373 1193 3413 uon

176 3456 287 3505 omnes,
318 3440 429 3514 opinor.
460 3449 515 3496 tum
544 3440 726 3498 eliatholicis
749 3442 889 3498 ‹lemontae
911 3441 1104 3515 xerophagiae
1124 3451 1191 3503 sunt,

176 3524 225 3584 sed
247 3526 307 3582 illue
329 3525 427 3589 solum,
450 3541 518 3599 quas
541 3527 622 3581 certis
646 3525 822 3600 temporibus,
845 3535 1037 3600 praeterquam
1052 3527 1089 3583 ab
1105 3527 1192 3583 hrcle·

176 3610 216 3667 sia
237 3611 402 3676 constitutis,
426 3629 457 3666 en
480 3610 597 3666 llontani
621 3609 759 3684 disciplina
781 3609 937 3673 servabant,
960 3627 1032 3685 ques
1053 3612 1127 3667 idern
1146 3628 1193 3666 an-

176 3695 241 3751 thor
263 3696 367 3751 duelies
390 3695 565 3752 hebdomadis
581 3695 673 3751 ‹lebnit
697 3713 720 3752 e.
734 3698 785 3753 lh:
811 3696 1049 3764 Quantulccnirn
1065 3704 1107 3752 cst
1121 3696 1193 3769 opud

174 3794 228 3837 net
247 3780 407 3835 interdictio
430 3781 576 3836 ciborum?
604 3778 684 3838 Duos
705 3782 736 3836 in
749 3797 825 3835 enno
840 3779 1033 3836 hebdomades
1048 3781 1193 3855 ‘tuopte

73 3876 78 3886 “
173 3865 296 3936 piorum,
318 3882 369 3919 nec
391 3873 472 3930 totos,
497 3865 619 3937 exceptio
642 3867 748 3921 scilicet
770 3864 904 3922 Sobbotie
926 3875 952 3920 et
964 3863 1132 3928 Dmninicis.
1154 3866 1193 3937 ol·

172 3950 290 4021 [minos
312 3947 381 4004 Deo.
426 3948 475 4007 Ubi
503 3967 557 4004 non
585 3951 749 4006 assentimur
770 3950 903 4015 lamehe,
933 3951 980 4025 qui
1002 3950 1193 4008 hebdomarios

174 4049 230 4090 non
251 4051 301 4108 pro
323 4042 427 4108 septem
449 4036 560 4099 derce,
589 4034 637 4091 sed
659 4052 708 4108 pro
732 4035 844 4092 totidem
865 4035 1089 4093 hebdomadibus
1112 4035 1194 4110 accipi
