2586 4822
163 108 201 158 iiii
465 123 575 168 rtj't'nt'tt
597 122 874 168 ,tiitttuttjttstnitas

160 275 275 339 fucrant,
298 274 428 335 meminit,
451 291 505 329 non
523 275 585 330 item
601 275 762 346 Symruacbi.
792 278 825 329 At
841 290 894 327 nou
911 274 999 327 minus
1014 274 1074 334 iste,
1092 291 1170 346 quarn

159 357 239 415 ambo
260 357 307 422 iiii,
330 374 380 431 pro
401 358 511 430 circino
533 351 656 413 νεάνιδα
676 358 838 421 reddiderat,
861 366 891 413 ut
905 356 950 414 tt
968 357 1002 412 ds
1018 356 1170 413 Demonstr.

160 452 276 500 tactatur
296 441 439 500 Eusebius.
471 443 565 516 itaque
586 441 609 498 si
632 450 688 499 turn
710 441 782 498 iliius
803 440 912 499 extabat
930 441 1024 505 editio,
1046 442 1172 515 usurpari

157 526 192 585 ab
213 526 370 591 Ebianseis,
392 542 509 601 qnorum
530 543 548 583 c
567 542 652 601 grege
673 527 849 601 Symmachus
870 526 930 590 init,
953 534 981 583 et
1002 525 1036 581 ab
1058 527 1170 583 trenaeo

159 610 246 671 reielii
266 611 368 669 debuit
399 610 525 685 Cogitent
545 610 653 669 smditi.
683 611 807 669 Nondum
823 611 896 668 enim
912 610 938 667 in
953 602 1172 669 communiasa-

159 697 244 755 tcntit
264 696 436 771 acquiescere
461 712 616 769 possumus.

247 782 305 839 1⁷2
320 778 348 836 b.
377 770 444 837 ὅσοι
466 773 524 858 γὰρ
547 773 608 837 ἀπὸ
631 772 873 853 τῶνἸοιιδαιόιν]
905 778 1075 836 Contrarium
1089 778 1172 837 tradit

159 869 274 939 August.
292 874 385 921 cantra
402 865 529 921 Crescun.
542 869 566 929 1,
585 868 620 923 31
632 883 646 920 :.
662 864 798 937 Numquid
811 866 890 937 opud
901 862 1100 922 Samaritam
1114 865 1171 921 cir·

159 951 297 1015 canamus,
319 951 345 1005 ri
364 952 427 1023 ficri
448 959 513 1006 tunc
527 952 609 1006 ceiiet
624 949 754 1013 iudaeus,
773 958 868 1022 posset
882 950 982 1005 iterum
996 951 1171 1005 circuncidi?

159 1034 259 1091 Nonne
285 1036 363 1090 iilius
389 1034 509 1090 bominis
538 1052 618 1090 error
645 1035 846 1106 curriyeretur,
874 1035 1051 1105 siccandam
1078 1044 1172 1090 uatem

158 1121 224 1194 fidei
250 1121 376 1191 munitum
399 1121 590 1191 probaretur?
631 1119 666 1174 Et
695 1137 768 1174 nunc
793 1128 858 1174 eunt
880 1120 994 1191 οαίδοιο
1016 1120 1170 1183 Haeretici,

160 1207 208 1277 qni
228 1222 258 1259 se
280 1205 431 1260 Naznronns
452 1213 562 1266 vocarit,
586 1222 604 1259 a
625 1206 768 1260 nonrtuiiic
790 1212 883 1259 autern
901 1204 1096 1277 Syrrruracbiani
1117 1220 1171 1276 ορ-

158 1291 303 1362 peliuntur
330 1298 355 1344 et
383 1290 613 1344 circuncisionem
638 1289 742 1345 babent
763 1288 933 1344 Indaeorum
957 1297 983 1344 et
1005 1290 1172 1361 baptismum

161 1373 398 1437 Christianarum,
427 1390 461 1428 ac
486 1391 540 1446 per
564 1374 616 1428 boc
637 1376 866 1445 quemadmodum
886 1375 912 1429 si
934 1374 995 1445 quis
1017 1391 1113 1429 eurum
1133 1374 1173 1429 ad

160 1459 280 1513 Iudaeos
301 1459 417 1522 cenent,
439 1475 495 1513 non
514 1466 606 1531 potest
627 1460 728 1513 iterum
749 1459 910 1522 circuncidi,
932 1460 973 1513 sic
991 1475 1052 1513 cam
1067 1461 1107 1514 ad
1119 1476 1171 1515 noa

158 1544 274 1606 uenerit,
295 1560 353 1597 non
374 1544 452 1598 debet
472 1546 573 1598 iterum
589 1544 738 1616 baudacri.
769 1543 1033 1616 Symuracbiauorurn
1050 1544 1172 1600 rnemiuit

159 1629 240 1685 otiam
262 1627 430 1687 Philastrius.
471 1628 524 1683 Sed
546 1627 579 1682 ab
602 1628 654 1683 aiio
675 1644 755 1700 (luam
777 1628 810 1682 ab
834 1629 885 1683 hcc
908 1628 1058 1701 iuterprcte
1082 1628 1172 1685 nonai-

159 1722 238 1769 natos
261 1712 393 1768 existimo.
423 1712 470 1769 Est
492 1712 556 1768 iilud
575 1729 636 1768 vero
653 1712 840 1768 observatione
855 1726 910 1768 nou
925 1713 1074 1784 indignum,
1097 1712 1172 1788 quod

159 1798 192 1853 ad
214 1797 435 1854 circuncisionem
457 1798 563 1862 attinet,
587 1798 651 1853 sotis
674 1797 744 1853 iilam
766 1797 869 1853 ludaeis
891 1807 1011 1853 vetorum
1028 1797 1113 1871 lmpp.
1130 1797 1173 1855 ic·

158 1883 238 1956 gibus
262 1882 344 1939 inisse
366 1882 532 1956 permissam,
556 1883 669 1938 caeteris
690 1882 869 1946 interdictam,
892 1884 971 1938 etiam
987 1883 1171 1938 Sarnaritanis.

158 1968 216 2035 Qua
232 1967 272 2033 ¹de
294 1985 323 2022 re
345 1968 457 2040 insignis
473 1977 515 2022 est
530 1968 652 2041 (trigenis
667 1968 743 2023 locus
766 1967 783 2022 Ι.
803 1968 820 2024 2
843 1976 935 2023 contra
955 1967 1061 2022 Celsum
1079 1971 1171 2040 not:

153 2043 246 2106 Ἀλλὰ
268 2042 356 2125 οήοει
379 2070 424 2119 τις
445 2042 490 2108 ὅτι
513 2047 562 2107 καὶ
586 2048 743 2125 Σαμαρεῖς
775 2046 825 2106 διὰ
847 2045 901 2125 τὴν
922 2042 1040 2107 ἑαυτῶν
1061 2046 1173 2107 θεοσδ-

158 2137 246 2206 deror
267 2127 437 2191 διώκονται.
467 2129 543 2211 πρὸς
563 2128 600 2191 ὃν
615 2138 740 2192 τοιαῦτα
756 2131 897 2213 ἐροῦμεν·
920 2128 948 2191 oi
964 2130 1103 2209 Σικάριοι
1119 2130 1172 2192 διὰ

161 2213 215 2292 τὴν
235 2212 410 2291 περιτομὴν,
432 2212 479 2285 ιῖις-
495 2212 786 2295 ἀκριιιιηριάζονιες,
808 2214 893 2295 παρὰ
915 2215 987 2287 τοδς
1008 2220 1172 2277 zudenrui-

160 2319 215 2368 ιας
237 2296 349 2374 νόμοις
370 2298 419 2357 καὶ
442 2294 480 2358 τὰ
499 2296 660 2370 Ἰουδαίοις
680 2300 932 2379 οιγκεχιορημὲνα
946 2296 1059 2377 μόνοις,
1082 2297 1173 2361 ἀναι-

159 2388 292 2461 ροῦνται.
320 2387 404 2443 Dicat
424 2388 544 2459 aliquis.-
564 2387 658 2443 Etiam
671 2388 848 2445 Samaritani
862 2392 897 2446 ob
912 2391 1073 2461 reticiouem
1088 2408 1173 2447 snum

155 2473 377 2543 persecutionem
397 2474 542 2528 sustinent.
573 2472 623 2528 Cui
643 2475 685 2529 ita
708 2477 920 2547 respondemur.-
942 2476 1041 2530 sicorii
1051 2484 1173 2548 propter

158 2558 395 2621 circancisicnem,
418 2567 552 2629 tunquam
572 2560 731 2615 mmiiantec
753 2568 852 2614 cantra
873 2562 955 2630 tenes,
978 2577 1012 2615 ac
1026 2561 1171 2616 licentiam

158 2642 226 2695 sciis
247 2640 360 2697 ludaeis
382 2659 549 2707 concessam,
568 2660 663 2715 poena
675 2645 772 2699 mortis
787 2646 955 2714 afficiuntur.
986 2645 1103 2701 Proinde
1119 2645 1172 2702 Sn-

158 2725 279 2781 rnaritnni
309 2730 445 2801 ῑιιιιιμιιιιοΙ
462 2728 549 2783 sicarii
572 2729 703 2800 surnilicro
724 2728 854 2793 subiecti,
884 2738 914 2785 ut
935 2738 964 2785 ct
984 2730 1099 2786 maurium
1122 2748 1171 2787 ex·

157 2819 288 2865 sectores.
319 2811 483 2867 Modestinus
505 2812 552 2868 tc:
577 2812 771 2868 Circumcidere
793 2814 907 2870 iudaeis
928 2816 1002 2893 fitius
1023 2831 1091 2870 suos
1106 2824 1170 2871 tas»

157 2901 216 2949 tam
235 2897 370 2967 rescripto
393 2896 458 2951 Diri
481 2896 526 2951 Pii
545 2899 728 2968 pernrittitur,
750 2899 780 2953 in
802 2917 858 2954 non
880 2900 1002 2954 eiusdem
1023 2901 1169 2971 religionis

157 2979 207 3050 qui
226 2979 279 3034 boc
299 2981 404 3051 iecerit,
426 2983 578 3037 cuatrantis
598 2996 690 3053 poeria
712 2983 862 3053 imbuatur.
893 2984 971 3052 Quod
993 2993 1112 3041 castrare
1135 3002 1169 3041 ne

158 3063 268 3119 medicis
291 3064 398 3136 quidam
421 3066 459 3121 ias
482 3074 564 3129 essct,
585 3066 703 3123 declarat
725 3067 842 3123 lustinus
865 3067 964 3141 Martyr
988 3069 1098 3141 Arrcti
1121 3088 1169 3127 cx·

108 3148 248 3223 idlempIn
272 3148 427 3213 Christiani,
456 3152 502 3226 qui
529 3159 560 3205 ut
586 3168 706 3224 sparsam
728 3169 743 3206 a
764 3151 915 3208 Gentilibus
937 3152 1066 3209 adversus
1089 3155 1168 3211 Cirri-

157 3234 260 3289 stianos
282 3233 426 3305 promiscui
448 3233 608 3292 concnbitus
630 3236 752 3291 invidiam
767 3237 912 3302 reicileret,
934 3237 1054 3294 libellum
1070 3239 1169 3295 obtulit

159 3316 238 3374 retici
266 3318 380 3393 Aegypti
406 3319 562 3382 Praciecto,
595 3336 650 3392 quo
684 3323 824 3378 exsecaudi
852 3323 892 3377 sui
922 3331 1043 3395 potestas
1075 3323 1167 3381 floret:

150 3390 238 3458 ’Ἄνευ
266 3397 325 3481 γὰρ
357 3406 412 3480 τῆς
442 3406 497 3460 τοῦ
527 3397 673 3478 ἡγεμόνος
703 3402 866 3481 ἐπιτροπῆς
902 3409 992 3463 τοῦτο
1024 3400 1171 3482 πράττειν
