2586 4822
440 829 527 879 5102
543 829 753 879 Essmmor.
1047 835 1108 879 xm

137 1015 251 1113 ’Λρχῆ
276 1024 340 1114 τῆς
366 1015 543 1227 δευτέραίςὶ
566 1026 787 1118 συγγραφῆς
811 1020 892 1115 ῆτοι
918 1016 1049 1115 τοῦίί

544 1131 677 1226 ιβλίσυ.

173 1289 225 1351 39.
260 1283 426 1350 Τελευτῶν
450 1273 507 1348 οῦν
526 1278 674 1368 Ἰωάννης
697 1279 935 1370 ὁουγγραφεῦς
949 1289 1108 1368 προετρέ-

58 1392 179 1456 ιυατσ
202 1380 370 1464 Πολύβιον
398 1380 455 1446 τὸν
486 1378 638 1446 διάκονον
663 1381 802 1468 γράφειν
823 1380 865 1446 τά
886 1376 1108 1468 ὑπομνήματα

44 1480 144 1546 τοῦ
168 1473 264 1562 ἆγίου
277 1472 481 1565 Ἐπιφανίου.
511 1482 567 1544 καὶ
589 1471 653 1543 55'
672 1473 777 1555 οῦτως
797 1478 1134 1562 προοκαλεοάμενοςε

47 1578 139 1645 καὶ
163 1574 222 1642 τὸν
241 1581 343 1661 μέγαν
357 1570 552 1662 Ἐπιφάννον
573 1572 691 1662 ᾔτησεν
714 1568 791 1659 παρ’
809 1568 909 1640 αῦτοῦ
933 1571 1025 1663 εάχῆν
1049 1578 1108 1643 λα-

46 1679 167 1762 βεῖν.
213 1675 267 1739 καί
294 1672 412 1739 τοῦτου
443 1679 617 1758 γενομένου
646 1670 749 1738 πάλιν
777 1673 864 1758 λέγει
892 1673 978 1757 πρὸς
1007 1667 1107 1739 αὐτὸν

54 1769 216 1854 “πάτερ
243 1776 347 1854 τίμιε,
374 1770 495 1849 ἐπίθες
515 1769 575 1848 τὰς
595 1780 706 1852 χεῖρας
729 1768 787 1835 ἐπὶ
808 1768 885 1847 τοῦς
907 1764 1108 1855 ὀφθαλμούς

58 1870 179 1952 μου”.
211 1874 264 1934 καί
287 1868 464 1945 ἐπιθέντος
479 1867 539 1945 τὰς
552 1877 663 1950 χεῖρας
676 1869 734 1932 τοῦ
749 1865 892 1951 μεγάλου
904 1862 1104 1954 Ἐπιφανίου

63 1960 256 2032 ἀντέδωκεν
269 1960 416 2051 Ἰωάννης
436 1964 475 2030 τὸ
491 1967 622 2048 πνεῦμα
637 1958 738 2030 αῦτσῦ
752 1967 799 2050 τῷ
814 1971 923 2050 κυρίῳ.
947 1967 1002 2029 καὶ
1016 1962 1106 2030 πάνυ
1119 1987 1150 2040 ιο

77 2061 253 2146 λυπηθεὶς
268 2058 285 2128 5
301 2070 401 2147 μέγας
412 2059 608 2150 Ἑπιφάνιος
624 2061 777 2127 ἔκλαυσεν
793 2059 925 2148 σφόδρα
939 2061 996 2127 τὸν
1012 2057 1107 2127 ὅσιον

77 2153 241 2248 Ἰωάννην.
286 2161 451 2241 κτίζοντος
478 2162 563 2226 ποτὲ
584 2162 643 2224 τοῦ
664 2159 808 2243 μεγάλου
828 2153 1024 2245 Ἐπιφανίου
1046 2157 1106 2246 τὴν

86 2250 181 2339 ἁγίαν
203 2258 375 2345 ἐκκλησίαν
396 2261 449 2324 καὶ
473 2260 697 2341 μεριμνῶντος
717 2254 854 2342 ἤκουσεν
869 2262 968 2335 θείας
984 2259 1106 2343 φωνῆς,

96 2362 358 2443 προτρεπομένης
380 2351 468 2441 αὐτῷ
492 2350 697 2432 άδιστάκτως
719 2355 857 2436 ἔχεσθαι
877 2357 937 2419 τοῦ
961 2353 1065 2438 ἔργου.

171 2462 220 2520 41.
261 2451 389 2538 ’Ἀρχων
418 2455 453 2519 δέ
480 2479 532 2531 τις
545 2449 660 2538 Ἕλλην
682 2451 822 2536 Δράκων
850 2449 996 2534 τοῦνομα
1026 2452 1107 2534 έχων
1119 2475 1148 2525 15

105 2547 161 2613 οίῦν
184 2555 342 2666 μονογενῆ
372 2548 541 2671 ἀγαπητὸν
569 2550 673 2628 πάνυ,
704 2556 757 2615 καί
786 2551 904 2615 τοῦτον
910 2548 1107 2665 Δράκοντα

107 2637 336 2731 ὀνομαζόμενον,
359 2653 413 2715 καὶ
437 2644 645 2715 ἀσθενοῦντα
667 2673 724 2734 την
746 2645 861 2726 δεξιάν
880 2638 981 2712 αῦτοῦ
1004 2646 1106 2712 πλευ-

10 2816 14 2829 ,
107 2741 160 2822 οὰν,
180 2735 217 2832 ῆν
239 2745 461 2829 καθεζόμενος
481 2745 565 2830 μετὰ
579 2771 633 2811 και
623 2745 767 2830 ἑτέρων
780 2741 946 2843 Ἑλλήνων.
977 2745 1032 2810 καί
1047 2745 1106 2809 τοῦ

109 2831 183 2954 ἇγίον
194 2840 351 2931 Έπιφανί
352 2867 390 2910 ου
406 2843 587 2928 παριόντος
601 2845 655 2909 καὶ
670 2841 961 2928 προσκυνήσαντος
976 2835 1129 2920 αῦτοῦς,

110 2930 185 3005 αὐτοὶ
204 2942 384 3026 κατεγέλων
406 2936 516 3007 αὐτοῦ.
548 2941 678 3026 ἐγγίσας
701 2941 736 3006 δέ
759 2937 873 3018 αῦτοῖς
896 2934 913 3004 5
936 2936 1030 3055 ἅγιος
1050 2939 1147 3007 naim

10 3080 13 3129 i
109 3028 328 3124 ἐπιλαβόμενος
355 3041 413 3123 τῆς
440 3038 549 3125 χειρὸς
576 3041 634 3103 τοῦ
664 3034 886 3114 ἀσθενοῦντος
907 3039 966 3101 τοῦ
987 3037 1105 3119 μικροῦ

10 3138 18 3157 “
109 3132 277 3214 Δράκοντος
301 3138 354 3202 καί
378 3143 566 3222 σφραγίσας
588 3130 686 3201 αὐτὸν
709 3141 829 3220 τρίτον,
863 3133 1018 3218 ἐποίησεν
1040 3158 1107 3197 πα-

108 3235 233 3317 ραχρῆμα
256 3228 339 3320 ῦγιῆ.
370 3233 425 3299 καὶ
447 3233 582 3299 πάντων
604 3238 852 3318 θαμβηθέντων
867 3236 921 3296 καὶ
938 3231 970 3296 έν
987 3229 1107 3316 5555-

18 3380 26 3415 .·
109 3321 146 3398 ξεν
167 3330 357 3414 γεγονότων,
388 3327 405 3396 5
433 3337 535 3416 μέγας
556 3329 696 3413 Δράκων
727 3327 822 3416 φόβην
850 3330 1024 3416 συσχεθεὶς
1043 3334 1106 3412 βα·

108 3431 219 3513 ῦτογμῷ
242 3423 396 3513 ἀπῆλθεν
420 3429 467 3507 είς
488 3427 545 3495 τὸν
562 3423 651 3494 οἶκον
668 3421 778 3493 αὐτοῦ.
806 3423 826 3511 ῆ
844 3427 880 3493 55
893 3425 1011 3492 τοῦτον
1026 3422 1104 3512 γυνῆ
1115 3445 1146 3497 25

108 3526 316 3608 καταλαβοῦσα
343 3526 400 3592 τὸν
429 3522 522 3611 άγιον
550 3523 667 3612 ἤγαγεν
702 3524 749 3603 εἰς
777 3523 835 3589 τὸν
864 3518 953 3590 οἶκον
986 3520 1104 3589 αὐτοῦ·

178 3765 200 3819 1.
237 3765 291 3838 τῆς
319 3758 462 3860 δευτέρας
488 3762 677 3841 συγγραφῆς]
724 3763 829 3819 Haec
824 3781 850 3818 nn
880 3762 937 3818 Vita
965 3781 992 3835 p
1010 3766 1059 3825 45,
1077 3764 1105 3819 4.

108 3837 199 3916 Polybio
228 3849 358 3907 tn'buitur
385 3851 513 3925 episcopo
539 3841 805 3948 Ρννοκουροάρων.
936 3850 963 3905 5.
992 3837 1104 3921 οὕτως]

107 3917 239 3999 οῦυῦςλί.
270 3951 330 3991 cum
354 3934 460 3990 duobus
483 3935 600 4009 punctis.
646 3930 695 3988 καὶ
718 3923 832 3989 είίλΗ
802 3920 899 4001 οῦτως
922 3943 964 3991 est
986 3951 1013 4007 ρ.
1028 3931 1103 3997 XXV

110 4014 145 4068 ¹9
260 4022 307 4079 13.
335 4018 552 4115 μερνμνωντος]
581 4018 854 4095 μεριμνοῦ.ντοςίί
976 4020 1025 4076 26.
1049 4008 1108 4072 αῦ-

10 4100 17 4187 2,
105 4100 159 4174 τοῦ]
187 4103 215 4158 ln
239 4094 335 4242 αὐτῆς
355 4114 488 4162 mutatum
511 4105 537 4160 in
560 4104 592 4160 11.

145 4197 320 4253 epiiAVphanus
508 4224 514 4230 -
938 4203 954 4251 Β
