2586 4822
197 831 219 893 4
606 842 808 892 οσισινιον

197 993 327 1080 (λῆμαί
330 1021 346 1061 ν
373 995 420 1078 τῷ
444 987 600 1079 Ἑμραϊκῶ
633 998 769 1058 κεῖσθαι
796 994 850 1058 καλ
884 992 1092 1106 ε’μφέρεσδαι
1121 993 1214 1078 παρὰ

193 1082 315 1179 Ἀκύλᾳ
335 1092 389 1156 καί
406 1089 579 1176 Συμμάχην,
603 1095 753 1167 σπανίως
771 1089 874 1155 δὲκαὶ
891 1088 983 1173 παρὰ
1000 1093 1142 1157 Θεοδοτί
1129 1098 1213 1157 ίωνι.

197 1186 230 1254 σί
253 1189 288 1255 δὲ
311 1184 534 1273 ἑβδομήκοντα
557 1183 653 1250 δύο(
639 1187 829 1271 ερμηνενταὶ
848 1189 999 1274 παρῆκαν
1014 1186 1068 1252 καί
1084 1182 1140 1269 ούχ
1157 1183 1214 1272 ἡρ-

195 1283 375 1372 μήνευσαν,
407 1279 451 1360 ῶς
480 1283 782 1367 δισσολογοσμένων
810 1285 876 1348 τῶν
906 1282 1065 1349 τοιούτων
1094 1285 1213 1368 λογίων

172 1384 250 1449 δκαλ
273 1382 307 1449 ἐκ
329 1383 490 1463 περισσοῦ
514 1375 833 1464 ἀναγινωσκομένων.
865 1381 1045 1446 λεκτέονδλ
1061 1381 1117 1446 διὰ
1131 1389 1212 1466 βρα-

194 1485 285 1562 χείας
307 1481 440 1558 λέξεως,
471 1477 517 1555 είς
542 1474 580 1542 τὸ
604 1471 673 1542 ἀπὸ
694 1476 814 1563 ταύτης
836 1479 912 1560 περὶ
935 1480 1001 1542 τῶν
1023 1478 1151 1544 λοιπῶν
1175 1502 1214 1544 σε

195 1579 327 1662 γνῶναι.
372 1585 478 1641 κεῖται
508 1569 588 1640 ἐν’
570 1578 650 1661 αρχῇ
658 1578 729 1696 της
751 1581 781 1639 Γ
780 1579 945 1651 ενέσεως
949 1568 1086 1642 (οόαεεελ
1104 1570 1241 1658 Ἀδύμο

184 1670 343 1756 σαλωείμ
372 1675 630 1756 σαμηωδσανόῖ
657 1670 921 1758 ὃὲρμηνεύεται,
951 1659 1053 1794 ᾦνκαλ
1074 1669 1214 1750 Ἀκύλας

149 1763 433 1857 ἠκολούθησε*
437 1772 499 1835 ’και
524 1769 634 1855 ἔζησεν
652 1767 760 1852 Ἀδὰμ
783 1769 958 1853 τριάκοντα
982 1769 1054 1849 ἔτος
1069 1774 1122 1837 καὶ
1139 1771 1215 1837 ἕνα·

160 1867 294 1935 ισκόσια
316 1867 413 1945 ε’τσς”.
459 1862 541 1933 ὅθεν
565 1867 596 1932 οἱ
620 1866 843 1952 ἑβδομήκοντα
867 1866 971 1933 δύοῐ
956 1871 1147 1953 ερμηνενταλ
1179 1868 1215 1946 ίξ

191 1961 348 2052 Ἑβραίων
370 1962 557 2049 ὁρμώμενοι
577 1968 630 2031 καλ
654 1965 689 2044 ἐξ
710 1961 849 2031 ἁπαλῶν
872 1961 994 2047 ὀνύχων
1016 1964 1074 2053 τήν
1096 1992 1133 2032 τε
1147 1969 1213 2031 τῶν

193 2058 365 2148 Ἑβραίων,
394 2057 432 2129 ού
454 2062 517 2147 μὴν
540 2057 625 2128 ἀλλὰ
647 2064 700 2127 καλ
721 2058 963 2147 τῶνἙλλήνων
985 2056 1129 2148 ἀκριβῶς
1151 2087 1214 2128 πε-

196 2161 412 2244 παιδευμένοι
434 2158 556 2247 φωνὴν,
580 2156 619 2225 ού
640 2158 742 2243 μόνον
763 2159 821 2246 τὴν
844 2160 878 2226 ἐκ
899 2164 957 2247 τῆς
975 2154 1143 2244 Ἑβραίδος
1166 2160 1215 2237 είς

193 2253 361 2346 Ἑλληνίδα
392 2253 597 2344 ἡρμήνευσαν
629 2256 773 2345 γραφὴν,
812 2252 896 2324 ἀλλὰ
927 2260 981 2324 καί
1014 2259 1073 2344 τὴν
1105 2257 1139 2323 ἒν
1171 2261 1213 2345 τῇ

160 2352 337 2441 ιινἙβραίδι
370 2356 426 2421 διὰ
458 2356 669 2439 δισσολογίας
700 2354 947 2442 ίκιγωνοομένην
976 2354 1145 2421 διάλεκτον
1171 2359 1213 2441 τῇ

195 2453 369 2540 τρανότητι
397 2451 626 2538 ἑρμηνεύοντες
654 2453 852 2539 παρήγαγον.
897 2455 950 2518 καὶ
981 2447 1052 2518 ἀντὶ
1082 2455 1141 2518 τοῦ
1165 2452 1241 2530 είςσ

196 2551 253 2617 δύο
275 2552 401 2629 τύπους
422 2557 558 2617 κεῖσθαι
580 2547 618 2614 τὸ
642 2546 746 2633 ὄνομα
767 2554 825 2616 τοῦ
848 2550 941 2628 ἔτους
963 2550 1010 2616 ἑνί
1025 2548 1120 2637 τόντην
1134 2577 1210 2637 χρη-

196 2648 331 2732 σάμενοι
354 2649 411 2735 τὴν
435 2650 597 2714 δοκοῦσαν
620 2642 704 2715 εἶναι
725 2647 888 2734 βόμβησιν
911 2647 958 2725 είς
980 2647 1132 2734 λειότητα
1153 2673 1214 2731 με·

195 2747 332 2829 τίβαλον
355 2745 518 2832 φήσαντες
541 2745 654 2831 “Eque
677 2747 712 2811 δὲ
731 2741 838 2827 Ἀδαμ
860 2745 1035 2828 τριάκοντα
1057 2747 1112 2811 καὶ
1138 2745 1213 2810 ἔνα-

158 2840 292 2908 οοκόσια
316 2843 398 2929 ίτη,”
422 2840 496 2909 σύτο
519 2843 651 2920 ἐλλιπές
673 2869 706 2908 τι
728 2842 927 2930 ποιήσαντες
941 2846 987 2928 τῶ
1009 2842 1104 2929 λόγῳ,
1128 2837 1214 2908 ἀλλὰ

194 2940 247 3004 καί
272 2938 318 3016 είς
339 2939 521 3025 τρανότητα
543 2945 742 3026 κατέστησαν
764 2944 823 3028 την
845 2936 1028 3025 ἀνάγνωσιν
1036 2991 1044 3019 ,
1070 2936 1153 3025 όπερ
1177 2939 1212 3006 ἐν

193 3039 233 3124 τῇ
252 3030 397 3122 Ἐβραΐδι
419 3033 456 3103 ού
480 3035 617 3103 δύναται
639 3035 695 3103 διὰ
716 3042 774 3124 τῆς
789 3044 966 3120 συντομίας
982 3039 1139 3123 λέγεσθαι
1155 3033 1214 3103 ού-

193 3160 260 3214 τως
281 3130 326 3211 ῶς
349 3135 380 3202 ολ
403 3133 625 3222 ἑβδομήκοντα
647 3135 706 3200 δύο
728 3137 886 3221 λέγουσιν,
911 3133 964 3201 ότι
979 3134 1213 3222 ἕζησενἍδὰμ

193 3232 369 3318 τριάκοντα
395 3236 447 3299 καὶ
477 3232 631 3300 ἐνακόσια
660 3233 730 3316 ἔτη,
761 3232 837 3300 ούτε
863 3237 902 3320 τῇ
922 3229 1095 3320 Ἑλληνίδι,
1126 3229 1214 3312 ῶςό

157 3327 331 3409 νῆἈκύλας
356 3326 555 3418 ἡρμήνευσεν
584 3330 619 3409 ἐξ
641 3330 805 3416 ἐπιπολῆς
827 3334 929 3416 λέγων
952 3331 1083 3418 “ἕζησεν
1103 3326 1213 3416 Ἀδὰμ

195 3427 350 3495 ἐνακόσια
372 3429 444 3506 ἔτος
465 3430 518 3494 καὶ
539 3427 715 3512 τριάκοντα
738 3429 835 3508 §zoen
867 3423 946 3517 δρᾷς
967 3429 1038 3515 γὰρ,
1063 3419 1089 3494 ῶ
1113 3431 1238 3516 φιλο-ο

194 3525 277 3612 λόγε,
302 3521 347 3603 ιύς
370 3520 555 3610 ἀπρέπειαν
577 3533 712 3609 παρέχει
734 3530 780 3613 τῷ
794 3525 897 3643 λόγω,
922 3521 960 3592 ού
982 3530 1022 3614 τῇ
1037 3525 1212 3614 τρανότητι

193 3626 252 3690 τοῦ
276 3622 372 3708 λόγον
395 3629 581 3708 προσέχων,
605 3619 749 3689 ἀλλὰ
710 3650 748 3709 τη
771 3648 828 3731 της
851 3626 1057 3710 δεντεραλογί
1058 3651 1097 3704 ας
1119 3619 1212 3710 όκρι-

192 3714 277 3808 βείᾳ.
307 3722 359 3785 καί
383 3720 474 3799 ἔδοξε
495 3719 593 3786 τοῦτό
615 3744 685 3786 τισι
707 3726 800 3805 παρα
820 3725 879 3805 μὲν
901 3734 973 3801 τοῖς
989 3722 1211 3810 ἑβδομήκοντα

155 3818 252 3887 λοδύο
276 3817 420 3896 ἐλλιπῶς
441 3825 586 3896 κεῖσθαι,
610 3818 703 3901 παρὰ
723 3819 758 3885 δὲ
770 3814 891 3907 Ακύλᾳ
906 3823 958 3886 καί
975 3827 1044 3903 Συμ
1035 3819 1140 3906 ιμάχην
1155 3819 1211 3886 καί

193 3913 310 3994 αλλαις
325 3914 496 3982 ίκδίσεσιν
511 3916 655 3994 ἐλλιπῶς
669 3911 940 4003 ἦρμηνεύσθαι·(
928 3915 1011 4002 όπερ
1028 3913 1104 3983 ουδὲ
1117 3916 1210 4001 παρὰ

192 4024 265 4090 τοῖς
286 4013 508 4101 ἑβδομήκοντα
531 4012 590 4080 δύο
612 4013 769 4081 ἐνέλιπεν.
801 4009 954 4081 ἀλλὰκαὶ
969 4012 1035 4082 ύπὸ
1050 4019 1116 4080 τῶν
1132 4018 1209 4100 περὶ

190 4105 330 4176 Ἀκύλαν
358 4111 441 4194 μετὰ
474 4110 607 4198 καὶτῆς
628 4120 836 4198 κακοφωνίας
857 4118 1028 4199 περισσῶς
1047 4123 1154 4179 κεῖται
1176 4114 1209 4179 ἐν
