2586 4822
229 824 271 888 30
485 848 488 853 ·
635 796 852 891 amomo?

226 991 281 1055 καί
310 987 344 1054 έν
371 997 446 1066 ταῖς
474 987 521 1073 κβ
552 989 681 1074 βίβλοις
709 987 778 1055 ἀπὸ
805 990 863 1074 τῆς
890 992 1053 1064 Γενέσεως
1083 984 1171 1070 ἄχρι·
1185 988 1243 1072 τῆς

224 1081 354 1170 Ἔσθήρ,
376 1091 496 1169 μέτρον
516 1083 594 1172 ήβίν
617 1085 819 1172 ἐγενήθησαν
840 1083 888 1167 νβ
906 1084 1037 1163 ξεστῶν,
1061 1080 1244 1149 όκαλεϊται

227 1176 304 1267 παρ’
324 1178 486 1268 Ἑβραίοις
513 1184 614 1270 μόδη,
636 1176 722 1266 ’παρ’
739 1179 873 1265 Ἕλλησι
900 1182 936 1248 δέ
958 1178 1077 1264 μόδια,
1107 1178 1165 1246 διὰ
1184 1177 1244 1264 τήν

227 1279 417 1366 τρανότητα.
445 1281 689 1364 παραπλησίως
704 1279 739 1344 δέ
754 1276 1002 1360 καλΑίγόπτιοι
1015 1281 1130 1359 μέντοι
1144 1278 1243 1342 τοῦτο

204 1378 395 1453 έκαλοῦσιν,
431 1371 554 1459 ὁμοίως
577 1376 614 1442 δὲ
634 1381 689 1441 καλ
710 1375 812 1459 Σύροι
833 1376 886 1439 καί
903 1370 1045 1457 Ἄραβες
1066 1373 1169 1456 μόδια
1191 1374 1244 1437 λέ·

226 1496 349 1559 γουσιν,
374 1471 391 1537 ὃ
415 1472 623 1560 ἑρμηνεύεται
644 1469 812 1556 ὁμολογία.
842 1472 1036 1558 πληρωθεὶς
1056 1471 1117 1556 γὰρ
1141 1464 1158 1535 ό
1181 1469 1244 1551 μό·
1254 1485 1289 1537 181

228 1571 299 1648 διος
314 1565 469 1654 ὁμολογεῖ
485 1566 537 1636 ότι
553 1570 784 1655 πεπλήρωμαι.
812 1570 961 1635 καλεῖται
977 1569 1010 1633 δὲ
1026 1570 1080 1632 καὶ
1096 1567 1244 1652 γνώμων.

254 1704 257 1709 ·
312 1673 362 1736 24.
403 1670 457 1752 Τῷ
487 1670 521 1734 δὲ
552 1662 687 1754 ἀριθμῶ
708 1670 774 1733 τῶν
797 1663 844 1750 κβ
870 1666 971 1749 έργων
992 1668 1050 1729 τοῦ
1073 1667 1156 1731 θεοῦ
1179 1665 1247 1730 τῶν

228 1759 285 1831 ἀπ’
310 1759 408 1850 ἀρχῆς
430 1767 482 1830 καὶ
504 1769 571 1831 τῶν
592 1764 641 1850 κβ
664 1767 782 1849 γενεῶν
805 1764 867 1841 ἕως
883 1766 943 1829 τοῦ
956 1757 1076 1846 Ἰακὼβ,
1099 1764 1155 1828 καλ
1180 1763 1248 1829 τῶν
1261 1768 1275 1801 '‘

193 1861 276 1947 ίίίκβ
299 1863 437 1947 βιβλίων
460 1863 521 1940 έως
548 1864 605 1947 τῆς
622 1857 761 1947 Ἑσθήρ,
792 1862 847 1937 καὶ
869 1860 925 1926 διὰ
946 1863 1004 1946 τῆς
1024 1857 1073 1942 κβ
1095 1858 1248 1944 γραμμὰ·

227 1985 293 2026 των
317 1955 521 2037 ὑποθέσεως,
546 1960 581 2038 έξ
595 1949 640 2024 ῶν
657 1955 674 2022 ὁ
691 1959 790 2042 νόμος
804 1960 863 2022 τοῦ
880 1961 963 2024 θεοῦ
979 1953 1070 2042 ἡμῶν
1085 1960 1246 2042 παρέστη,

228 2060 281 2122 καί
304 2059 388 2122 θεοῦ
411 2056 608 2123 διδασκαλία
629 2053 708 2142 ἡμῖν
726 2055 991 2140 προτετόπιοται,
1014 2058 1112 2119 τοῦτο
1128 2055 1248 2140 δηλοῦ-

229 2179 299 2231 ται,
330 2149 383 2219 ότι
411 2153 445 2219 ἐκ
472 2157 530 2220 τοῦ
559 2153 737 2236 νόμοσκαὶ
761 2157 826 2218 τιῦν
850 2152 884 2219 ἒν
906 2147 994 2237 αὐτῷ
1017 2157 1205 2238 μυστηρίων
1228 2145 1249 2215 ό

230 2249 378 2335 Χριστός
403 2247 482 2337 ἡμῖν
505 2250 676 2335 ἐρχόμενος
698 2249 907 2337 ἐμαρτυρήθη
929 2253 982 2315 καί
1007 2244 1249 2336 ἀπεκαλύφθη·

155 2422 158 2427 ⁴
194 2365 222 2415 15
232 2348 267 2428 ὃς
296 2349 405 2416 έλθῶν
434 2348 468 2414 έν
489 2352 535 2435 τηῦ
559 2344 732 2435 εῦαγγελίηι
754 2346 944 2434 ἐπλήρωσεν
966 2342 1044 2433 ἡμῖν
1065 2346 1105 2412 τό
1126 2352 1275 2430 μέτρσνε

229 2451 287 2532 τῆς
309 2447 392 2533 ζωής
414 2444 471 2512 διό
480 2451 539 2512 τοῦ
553 2448 682 2529 μοδίου,
704 2451 855 2511 τουτέστι
870 2448 928 2530 τῆς
943 2440 1127 2528 ὁμολογίας,
1144 2445 1248 2510 παντὶ

229 2549 276 2631 τῷ
306 2545 353 2622 είς
380 2538 479 2610 αὐτόν
508 2541 747 2630 ὁμολογήσαντι
773 2546 827 2608 καὶ
856 2542 914 2629 τήν
937 2539 1020 2629 ζωήν
1042 2537 1119 2624 παρ’
1145 2538 1254 2607 αῦτοῦ-

230 2648 448 2728 κομισαμένῳ.
479 2640 532 2707 διδ
554 2640 592 2707 τὸ
613 2648 733 2726 μέτρον
754 2641 791 2706 τὸ
815 2636 908 2724 ἅγιον
920 2635 1064 2724 Ἑβραῖοι
1087 2641 1268 2723 λέγουσινς-

233 2736 252 2803 ό
275 2740 362 2805 έστιν
384 2739 431 2823 κβ
456 2741 587 2818 ξεστῶν,
611 2739 694 2805 κατὰ
715 2737 795 2815 τοῦς
815 2743 1080 2821 προειρημένους.
1126 2734 1253 2801 πολλοὶ·

193 2835 292 2920 τογδιρ
314 2839 380 2901 τῶν
403 2833 510 2902 δι’λλιον
533 2835 641 2902 ἐθνῶν
664 2833 684 2924 ή
706 2841 915 2919 προσέθεντο
936 2829 957 2922 ἢ
980 2829 1159 2921 ἀφείλαντο
1179 2827 1252 2898 ἇττό

231 2936 290 2999 τοῦ
313 2939 432 3017 μέτρου
452 2933 579 3011 τούτου,
603 2937 661 2998 τοῦ
679 2932 820 3017 ἀκριβῶς
835 2927 912 3017 παρ’
927 2928 1087 3016 Ἑβραίοις
1102 2925 1254 3017 ἀριθμη-

232 3035 360 3109 θέντος.
405 3025 490 3096 ἀλλὰ
515 3034 567 3096 καί
596 3031 689 3116 παρὰ
708 3027 877 3115 Ῥωμαίοις
905 3037 1104 3114 συμβέβηκεν
1134 3023 1251 3110 όμοιυ-

232 3127 448 3214 καταλήπτιος
481 3130 599 3211 μοδίοο
635 3135 753 3214 μέτρον
783 3128 977 3205 καλεῖσθαι,
1017 3123 1130 3209 ῶσπερ
1168 3119 1253 3208 παρ’·

230 3221 390 3310 Ἑβραίοις
418 3225 456 3290 τὸ
485 3224 571 3312 δέλεῳ
593 3230 640 3312 τηῦ
662 3227 790 3311 παιδίῳ
812 3223 850 3290 τό
872 3223 1057 3308 μανθάνειν
1080 3232 1251 3307 παραινεῖ,

194 3326 286 3394 τεκαὶ
309 3317 385 3406 παρ’
394 3319 526 3411 Ἕλλησι
541 3323 580 3388 τὸ
597 3318 716 3409 ἀλφείν
732 3324 838 3410 ζητεῖν
854 3328 1035 3408 συμβέβηκε
1050 3322 1278 3386 καλεῖσθατἚ

233 3416 315 3487 ὅθεν
338 3421 490 3506 δηλονότι
512 3424 566 3487 καλ
587 3421 626 3487 τό
649 3419 740 3507 ἄλιμα
763 3416 978 3503 έξἙβραῒδος
993 3422 1185 3503 παρηνέχθη
1201 3415 1252 3495 είς

231 3516 289 3605 τήν
308 3513 482 3604 Ἑλληνίδα.
513 3517 552 3583 τὸ
573 3521 651 3603 γοῦν
672 3517 789 3601 μόδιον
812 3511 857 3593 ῶς
879 3517 913 3582 έκ
933 3519 992 3602 τῆς
1007 3511 1176 3600 Ἑβραΐδος
1192 3509 1254 3599 ηῦ-

231 3620 331 3697 ρέθη,
362 3610 532 3700 ὁμολογεῖν
555 3616 686 3698 λεχθέν,
717 3610 762 3692 ῶς
790 3614 950 3691 πολλάκις
972 3608 1082 3692 εἶπον,
1114 3611 1171 3679 διὰ
1192 3615 1253 3698 τῆς

229 3711 374 3797 χρήσεως
395 3712 658 3800 ἑρμηνευόμενον.
691 3712 720 3778 εί
741 3710 784 3796 μή
808 3711 869 3796 γὰρ
892 3707 991 3777 αὐτὸν
1014 3710 1252 3798 πληρεστάτως

194 3815 374 3893 οσγεμέσειέ
395 3835 455 3889 τις,
479 3807 536 3893 οὐχ
559 3807 713 3894 ὁμολογεῖ
735 3805 788 3873 ότι
802 3808 1034 3896 πεπλήρωμαι.
1065 3808 1198 3892 πλήσας
1212 3808 1253 3872 δέ

231 3907 270 3971 τό
290 3912 410 3989 μέτρον
430 3910 482 3972 καὶ
506 3907 684 3993 ῥητλιάσας
708 3902 861 3990 ὁμολογεῖ
883 3903 935 3972 ότι
959 3904 1206 3992 πεπλήρωμαι·
1232 3944 1235 3951 ·

319 4004 428 4088 Κόβος
451 4006 487 4070 δέ
509 4005 544 4083 ἒξ
565 4001 664 4093 αῦτης
685 4007 743 4090 τῆς
765 4003 934 4072 διαλέκτου
951 4004 1113 4091 διάφορον
1128 4009 1280 4087 μέτρονίί

234 4098 331 4178 ἐστίν,
354 4100 452 4187 ἤγουν
473 4100 513 4167 τὸ
535 4107 690 4197 τέταρτον
715 4100 842 4184 μοδίοο.
