2586 4822
153 713 215 779 248
604 724 718 775 rerum

150 881 273 938 orosius:
296 873 374 934 luter
386 877 440 934 illo
453 877 526 951 fidei,
549 884 580 932 att
594 893 672 941 cera,
694 876 738 930 ito
752 876 928 932 atterente
943 877 1074 943 decreto,
1095 880 1173 934 den

148 983 235 1039 super
249 965 410 1021 celebritate
423 970 587 1026 memorata,
610 963 787 1032 coriprepotie
799 963 989 1035 peritissimis
1006 965 1172 1028 medati

150 1053 243 1107 decem
271 1058 296 1105 et
323 1065 422 1105 novem
450 1064 588 1102 eonertun
609 1048 746 1117 collepere
767 1048 911 1102 rationem
933 1056 961 1103 st
985 1050 1074 1121 pund
1094 1065 1173 1122 pseu·

150 1139 216 1192 dem
238 1136 406 1190 consuluere
429 1132 563 1187 circulum
586 1140 635 1186 etc.
676 1130 748 1188 Nihil
770 1140 828 1188 erat
851 1132 947 1204 igitur,
973 1134 1053 1207 qnod
1074 1134 1171 1190 meos·

152 1231 179 1278 et
201 1219 343 1275 absurdam
360 1217 537 1274 deterrendis
558 1215 700 1291 periodum
723 1234 737 1272 a
760 1217 813 1273 situ
836 1227 985 1273 reuocaret
1002 1218 1170 1292 Epiphanius,

150 1307 214 1365 durn
236 1319 405 1360 communem
430 1302 500 1376 Cycli
523 1300 659 1357 paschalis
688 1301 846 1357 methodum
868 1311 898 1358 et
921 1320 937 1358 a
962 1303 1112 1360 Catholicis
1130 1320 1171 1359 te·

151 1399 255 1464 ceptam
278 1389 405 1444 adversus
420 1386 577 1443 Haereticos
600 1386 727 1443 declarat.
756 1385 811 1442 Nec
834 1387 998 1444 accuratior
1013 1397 1058 1444 est
1072 1389 1168 1445 Sem,

136 1469 238 1541 't,18,
262 1473 309 1546 qui
331 1472 443 1528 eandem
466 1471 663 1527 (lctaltcridem
686 1473 717 1527 ad
736 1471 876 1528 Peschetis
900 1473 1053 1546 negotium
1074 1475 1111 1530 sie
1126 1489 1168 1529 ac-

151 1558 312 1622 commodat,
336 1558 413 1631 quasi
429 1556 571 1630 utriusque
587 1556 683 1612 sideris
700 1556 846 1612 ratiociniis
861 1557 1010 1614 cumulate
1026 1558 1165 1616 satislse'at.

237 1645 297 1701 826
313 1660 337 1698 a.
368 1637 417 1697 uel
440 1637 600 1715 συμβαίνει
622 1635 700 1698 κατὰ
722 1632 775 1697 τὸν
789 1632 914 1717 ὄγδοον]
948 1642 1041 1699 Deest
1054 1644 1164 1700 omae

150 1729 201 1785 ridi
229 1728 379 1784 secundum
405 1727 507 1783 medios
528 1735 619 1784 motus
642 1727 675 1783 od
697 1725 810 1803 solidum
834 1743 960 1784 mensem
987 1726 1160 1802 compluta

150 1813 263 1870 biduum
285 1814 350 1870 lere.
380 1813 446 1869 Nam
469 1812 585 1886 Epactae
606 1812 668 1868 anni
690 1812 775 1868 octavi
798 1820 862 1868 sunt
875 1812 927 1872 28.
952 1811 1163 1870 eructasti-

150 1900 223 1956 naris
245 1908 368 1955 accurata
392 1898 496 1954 dicmm
519 1899 669 1956 ostreae.
687 1887 804 1960 ll.5l'‚
828 1897 880 1952 hoc
904 1906 949 1953 est
973 1897 1164 1955 donantes

155 1987 202 2048 12,
225 1993 256 2039 ιιι
278 1984 314 2038 eit
337 1983 474 2038 Geminus.
504 1982 597 2057 ltaque
619 1983 709 2038 minor
730 1991 771 2038 est
794 1981 1165 2057 0cteeterisEpipliaaiila·

151 2068 209 2124 nari
232 2067 400 2123 Octatlteride
423 2067 569 2138 sesquidie.
600 2066 633 2122 Et
655 2075 744 2122 tamen
768 2066 965 2139 praecipitatur
983 2066 1163 2130 Embolisnm

152 2150 224 2224 quod
253 2151 391 2205 minimum
420 2149 489 2206 absit
511 2150 544 2205 ab
567 2150 671 2224 integre
695 2151 816 2224 syzygia.
861 2151 941 2219 Quod
966 2155 1053 2209 etiarn
1075 2151 1165 2209 inh-

151 2233 371 2292 neaceeaeteride
400 2244 530 2291 servatur.
575 2234 640 2305 Natu
663 2235 842 2292 Embolismus
871 2237 974 2292 tertius
1005 2238 1041 2294 ab
1064 2238 1165 2294 Aluu-

151 2319 235 2375 drinis
258 2328 285 2373 et
307 2319 416 2383 Latinis,
441 2330 467 2376 et
490 2320 516 2375 in
540 2320 612 2392 omni
635 2320 703 2377 adeo
726 2320 815 2394 Cyclo,
839 2330 936 2377 octavo
959 2338 1038 2379 anno
1061 2322 1164 2379 colon·

101 2413 206 2473 mter.
251 2403 365 2469 Octavo,
390 2405 515 2479 inquam,
539 2422 593 2460 non
616 2422 704 2470 nono,
729 2405 779 2462 etsi
802 2407 972 2462 centrarium
996 2405 1165 2464 narnensem

152 2487 259 2563 quidam
282 2490 456 2545 eruditissimi
478 2508 509 2546 ac
532 2490 727 2563 computorum
742 2490 894 2564 Scriptores
918 2503 1060 2550 asserant.
1099 2489 1165 2562 (lusi

152 2573 280 2630 adversus
302 2572 362 2629 illus
384 2574 503 2631 breviter
524 2576 576 2631 hoc
597 2576 659 2632 loeo
682 2575 922 2632 demonstrandum
947 2586 1003 2634 est.

256 2785 307 2850 De
329 2783 447 2870 duplici
470 2786 567 2870 Cyclo
591 2795 623 2854 et
643 2788 906 2854 Embolismerum
929 2791 1072 2859 ratione.

237 2909 339 2984 llupler
361 2907 432 2982 apud
453 2918 559 2966 veteres
575 2911 699 2986 computi
715 2913 856 2986 magistros
879 2911 946 2968 olim
962 2913 1068 2990 cyclus
1085 2915 1166 2977 ertitd.

152 3013 213 3053 cum
235 2995 316 3051 Aurei
338 2992 448 3050 Numeri
470 2993 545 3051 lestis
567 2996 794 3062 adscriberentur,
817 2997 886 3053 alter
906 2998 1167 3062 decemnovennali,

151 3080 220 3136 alter
241 3080 362 3136 Lunaris.
408 3079 677 3147 decemnovennalis,
700 3091 730 3138 ut
752 3081 822 3139 Beda
843 3083 955 3156 saepius
978 3085 1117 3152 inculcat,
1140 3083 1167 3140 sl

150 3164 308 3220 methodum
331 3163 595 3231 Quartodecimarum
619 3167 785 3223 Pasclraliurn
809 3167 936 3223 inventus
960 3179 1024 3236 est,
1057 3183 1088 3229 ut
1107 3178 1166 3228 atil

151 3248 193 3304 die
216 3246 338 3322 quolibet
359 3265 430 3304 anno
452 3266 502 3321 per
523 3249 617 3306 orbem
640 3252 767 3308 redirent.
807 3251 893 3308 Huius
914 3252 1030 3312 initium
1056 3268 1107 3324 set,
1125 3271 1168 3311 u-

151 3333 231 3389 there
254 3332 332 3396 Beda,
356 3348 370 3388 a
393 3333 515 3389 Pasclrali
536 3352 644 3399 mense,
668 3336 720 3392 hoc
743 3344 785 3393 est
806 3353 822 3392 n
843 3336 937 3393 citime
961 3339 1111 3407 Termine,
1130 3339 1169 3414 pi

153 3427 195 3475 est
224 3418 268 3474 llll
292 3417 402 3474 Kalend.
425 3420 490 3492 dpr.
513 3418 598 3475 llurtii
623 3421 672 3478 21.
718 3421 799 3477 Cuius
821 3421 925 3495 primus
949 3440 1046 3482 annus
1067 3438 1168 3484 annun

152 3503 298 3560 Numerum
322 3503 403 3560 habet
423 3506 457 3561 19
481 3503 584 3578 initque
607 3522 638 3561 ex
654 3508 684 3560 d.
701 3506 732 3561 ll.
748 3505 819 3561 Prid.
835 3506 903 3562 Non.
919 3509 988 3581 Apr.
1006 3511 1068 3568 sive
1080 3509 1168 3585 tertie

153 3593 181 3654 t,
205 3588 249 3647 cui
271 3590 297 3645 in
320 3601 410 3646 vetere
433 3587 591 3645 Kalendario
614 3590 765 3664 adscriptus
787 3600 830 3647 est
850 3608 952 3648 aureus
974 3593 1167 3667 linumemsll.

153 3674 258 3747 Quippe
282 3674 389 3748 Cyclum
412 3673 687 3731 decemnovennalem
716 3674 834 3731 non-ab
857 3693 941 3732 nureo
965 3677 1091 3737 Numero
1109 3684 1120 3738 i
1140 3693 1167 3734 ae

154 3759 192 3816 23
216 3757 316 3824 Martii,
345 3760 429 3816 seda
456 3762 490 3816 19
513 3759 669 3815 inchoatum
690 3761 773 3816 luisse
796 3769 822 3816 et
844 3760 877 3816 ab
899 3762 1001 3834 Aprilis
1016 3768 1048 3830 t,
1072 3763 1166 3823 erodit

151 3842 249 3917 probat
278 3843 374 3901 Petrus
403 3845 506 3901 Pitatus
530 3844 692 3901 Veronensis
715 3845 853 3901 (lenonum
875 3845 1053 3905 Paschaliutn
1082 3849 1166 3925 capi

151 3938 179 3984 et
207 3937 268 3984 ante
297 3931 371 3986 illurn
394 3930 486 3986 docuit
507 3929 606 3986 Paulus
629 3931 839 4004 Foroscmpren.
861 3932 967 4005 primae
989 3937 1079 4007 partis
1111 3935 1165 3990 te

149 4012 204 4070 Nee
225 4013 304 4071 aliter
318 4015 388 4072 Beda
411 4033 471 4072 cum
494 4014 552 4072 eliis
574 4017 601 4072 iu
624 4014 699 4082 locis,
724 4025 780 4072 tum
804 4015 874 4073 libre
897 4017 931 4073 de
948 4017 1046 4094 Temp.
1070 4022 1166 4077 ratim
