2586 4822
430 842 720 895 catalaunenses.
846 919 851 931 Ι
1025 828 1087 893 toa
1154 852 1159 860 ·

55 999 217 1057 ulnarum
240 1007 269 1056 et
289 998 490 1073 Scenopegiae,
513 998 665 1073 proximum
688 1015 702 1055 a
724 1000 865 1073 primast
887 992 1029 1075 δεύτερον
1049 1001 1085 1056 sit

57 1085 242 1143 {lenteeostes
263 1083 388 1148 solenne,
411 1084 471 1139 ideo
488 1076 733 1162 devrepcinpuror
747 1084 884 1157 appellari.
915 1083 987 1141 uaso
1002 1085 1085 1158 igitur

60 1169 148 1226 altera
178 1178 219 1225 est
241 1169 381 1242 Epiphanii
411 1170 561 1233 sententia,
592 1186 623 1224 ac
645 1170 717 1245 vocis
740 1169 811 1224 illius
834 1170 1039 1242 interpretatio,
1069 1186 1084 1225 a

57 1255 208 1328 superiore
228 1254 310 1328 lenge
332 1255 436 1310 ‹liversa
448 1263 485 1318 ct,
501 1254 524 1309 si
539 1271 632 1310 vertrm
648 1255 725 1310 lateri
741 1254 874 1319 volumus,
898 1256 986 1310 minus
1003 1271 1083 1328 quarn

57 1340 109 1396 itta
132 1339 288 1413 probabilis.

150 1427 212 1482 453
227 1442 252 1480 a.
281 1416 408 1497 τοιαύτη
437 1416 509 1498 ἁγία
529 1425 586 1479 τοῦ
606 1415 841 1500 προσαββάτοο]
886 1423 1083 1480 Prosahbatum

60 1509 132 1566 nihil
161 1510 233 1565 aliud
261 1519 302 1565 est
330 1525 409 1582 quam
433 1510 597 1574 Parasceue,
627 1526 681 1582 qno
704 1509 738 1565 ad
759 1509 832 1564 bunc
853 1508 943 1565 locum
966 1510 1085 1583 pertinet

58 1594 141 1650 nibil.
185 1595 243 1650 Non
275 1594 346 1649 enim
367 1596 530 1667 Azymomm
555 1599 570 1650 7
598 1595 624 1648 in
647 1594 815 1650 parasceuen
838 1595 993 1651 necessario
1016 1611 1085 1651 eon·
1163 1630 1193 1677 4

61 1680 146 1744 uenit,
170 1697 249 1753 quam
272 1678 388 1734 subinde
410 1679 437 1733 in
463 1683 541 1735 lant
557 1681 574 1736 2
592 1681 673 1735 ant3
696 1677 788 1735 leriam
811 1680 907 1735 eadere
929 1696 1011 1754 posse
1033 1680 1084 1736 de·
1142 1686 1193 1761 μ

55 1765 158 1821 clarat.
198 1767 253 1821 Ant
274 1764 357 1836 igitur
379 1765 554 1837 expungenda
578 1765 628 1819 ista
650 1780 699 1819 vox
722 1773 773 1828 est,
797 1772 844 1819 aut
864 1756 1135 1839 προοάββατοηιο

58 1866 116 1923 pre
139 1851 157 1905 6
180 1849 364 1906 hebdomadae
387 1847 483 1904 dicbus
504 1849 657 1922 usurpavit,
692 1865 759 1922 qaaas
781 1846 855 1910 bart,
879 1850 931 1905 hoc
954 1859 996 1905 est
1017 1866 1084 1923 pro·

58 1936 150 1999 lanas,
174 1936 324 1996 nominant,
347 1950 472 2008 qtraeque
495 1933 641 1989 Sabbatum
665 1933 837 1989 antecedunt.

153 2023 213 2077 453
230 2020 256 2076 d.
287 2011 339 2073 aad
360 2013 395 2075 τὸ
417 2013 461 2093 μὴ
483 2015 525 2085 εἰς
547 2015 672 2092 πλάτος]
718 2018 828 2074 Scribo:
853 2013 905 2074 tad
927 2012 961 2075 cle*
982 2012 1018 2076 τὸ
1039 2012 1084 2094 μὴ

60 2100 108 2171 εἷς
129 2098 244 2171 πλάτος
264 2099 368 2181 φέρειν
387 2097 441 2161 τὸν
462 2097 560 2178 λόγον,
582 2098 629 2160 ἐπὶ
651 2097 707 2177 τὴν
728 2095 927 2158 ἀκολουθίαν.

152 2192 213 2247 455
229 2206 253 2245 a.
283 2180 349 2244 circi
369 2206 448 2255 τινες
469 2184 500 2256 ἐξ
522 2182 624 2244 αὐτῶν
637 2183 742 2261 πάλιν]
767 2188 935 2251 Obiiciebant
950 2188 1084 2244 Haeretici

59 2274 223 2332 mendacem
252 2276 336 2330 luisse
358 2275 500 2338 loannem,
530 2274 576 2346 qui
598 2272 631 2327 ad
653 2290 712 2329 eam
735 2273 880 2329 Ecclesiam
904 2273 974 2329 edita
996 2273 1046 2329 sibi
1070 2288 1085 2329 a

63 2360 182 2415 lietuino
208 2360 333 2415 mandata
356 2358 502 2419 scriberet.
533 2375 603 2431 quae
625 2358 697 2413 nulla
721 2366 778 2413 tum
802 2369 884 2414 esset.
929 2358 1086 2432 Respondet

63 2445 248 2518 Epiphanius,
277 2445 330 2500 hoc
352 2444 411 2516 ipso
435 2453 559 2499 constare
582 2442 775 2516 Propheticnm
798 2445 870 2499 hunc
893 2460 953 2499 esse
975 2442 1083 2507 librum,

60 2546 128 2586 curu
156 2530 189 2585 ad
212 2530 357 2585 Ecclesiam
381 2528 534 2600 scripserit.
564 2544 645 2600 quam
667 2527 730 2582 olim
754 2527 871 2582 lutruam
895 2537 1083 2601 cognosceret,

63 2615 173 2671 tametsi
197 2614 295 2686 quibus
318 2613 455 2669 scrihebat
477 2611 645 2686 temporibus
668 2611 788 2667 nondum
812 2621 915 2669 extaret
937 2612 1000 2667 ulla.
1031 2612 1086 2668 Sed

64 2701 134 2755 baec
149 2699 289 2772 Epiphanii
312 2698 455 2772 responsio
477 2698 528 2752 nisi
551 2690 760 2762 ἀντιλεκτικῶς
781 2705 809 2752 et
831 2697 864 2752 ad
885 2697 1031 2762 hominem,
1054 2704 1086 2753 ut

63 2784 146 2857 vulgo
169 2785 328 2859 loquuntur,
351 2783 528 2855 accipiamus,
553 2781 625 2837 haud
647 2782 712 2837 satis
735 2781 882 2854 probabilis
904 2782 1018 2837 videtur.
1048 2784 1086 2838 Ac

63 2869 148 2942 longe
171 2869 267 2925 melius
290 2877 341 2934 est,
365 2884 464 2940 negare
487 2867 593 2923 loannis
616 2875 739 2940 tempore
762 2866 862 2922 nullam
884 2867 1018 2941 Thyatiris
1033 2867 1086 2923 Ec·
1134 2864 1137 2869 ’

59 2955 176 3011 clesiam
200 2955 329 3017 extitisse,
354 2952 425 3026 quod
449 2952 621 3025 impudenter
643 2951 776 3007 Haeretici
798 2952 904 3008 mentiti
926 2957 999 3007 sunt.

153 3042 215 3096 455
231 3057 254 3096 c.
285 3042 340 3094 νῦν
367 3033 401 3093 δὲ
429 3029 480 3092 dui
507 3029 560 3092 τὸν
588 3027 691 3109 κύριον
719 3031 750 3091 ἓν
776 3039 820 3113 τῷ
843 3030 947 3115 χρόνῳ
973 3027 1085 3116 τούτῳ]

63 3124 141 3180 [luae
162 3125 224 3181 illae
247 3141 315 3197 quae
337 3131 491 3196 sequuntur
505 3129 586 3177 notae
601 3131 754 3194 temporum
769 3121 811 3177 vel
825 3121 996 3177 librariorum
1011 3122 1085 3187 vitio,

64 3211 107 3266 vel
137 3210 260 3265 authoris
288 3210 374 3282 ipsius
396 3207 606 3264 hallucinatione
628 3207 786 3279 depravatae
808 3216 881 3263 sunt.
926 3206 1035 3262 Hieron.
1058 3206 1087 3263 in

62 3295 168 3368 Script.
191 3293 295 3350 Eccles.
318 3295 444 3349 loannem
467 3292 565 3347 asserit
586 3290 765 3365 Apocalypsin
788 3292 929 3366 scripsisse
944 3290 1088 3347 Domitiani

68 3383 119 3446 14,
143 3379 190 3452 qui
211 3380 270 3435 iniit
292 3378 393 3434 iuliane
409 3380 476 3440 139,
501 3377 600 3432 Christi
624 3379 679 3441 94,
706 3375 792 3431 Nonio
814 3378 963 3449 Asprenate
986 3385 1014 3432 et
1035 3378 1088 3431 Ar-

61 3465 153 3521 ricino
184 3466 260 3520 Coss.
305 3464 393 3532 Quare
420 3462 461 3517 vel
490 3462 543 3517 hoe
570 3462 629 3535 ipso
659 3476 745 3525 anne,
774 3460 816 3517 vel
844 3462 969 3535 sequenti
992 3461 1088 3516 saltem

64 3551 184 3606 loannes
206 3548 384 3622 Apocalypsin
408 3547 525 3619 scripsit·
556 3549 576 3601 A
599 3563 653 3619 quo
677 3555 799 3619 ternpore
821 3546 854 3601 ad
876 3545 1089 3602 annumeristi

65 3637 142 3699 375,
165 3651 220 3707 quo
235 3634 401 3707 Epiphanius
423 3633 476 3687 hoc
498 3647 568 3703 opus
590 3629 754 3695 elaborabat,
777 3631 841 3686 anni
862 3632 1009 3696 sunt281,
1031 3647 1089 3686 non

70 3721 132 3778 tta
153 3729 187 3774 ut
208 3718 311 3775 habeut
331 3716 472 3791 Epiphanii
494 3714 585 3771 verba.
616 3715 717 3771 Deinde
740 3715 835 3771 lalsum
859 3723 915 3780 est,
939 3731 993 3788 quo
1018 3723 1089 3771 tem-

64 3822 137 3879 poro
158 3805 259 3878 scripta
287 3813 329 3859 est
351 3801 540 3875 Apocalypsis,
571 3799 705 3873 Thyatiris
728 3799 909 3874 Cataphrygas
931 3800 1088 3856 Haereticus

62 3891 162 3954 forse,
186 3890 232 3962 qui
254 3890 374 3945 nondum
397 3892 573 3943 emerserant.
618 3884 683 3940 Nam
704 3893 806 3940 utens
829 3901 909 3958 quarn
931 3885 1091 3960 antiquissi-

66 3992 129 4031 mos
152 3966 289 4039 laniamus,
313 3990 367 4029 non
391 3983 453 4028 ante
476 3979 583 4043 tempus
600 3968 726 4025 Antonini
750 3986 810 4026 esse
829 3979 987 4043 potuerunt,
1011 3971 1088 4026 cuius

64 4077 141 4116 auno
169 4063 204 4118 19
228 4059 371 4114 Μοοῑοιιοε
394 4056 509 4130 prodiit,
532 4063 563 4111 ut
585 4054 697 4111 llaeresi
719 4056 759 4113 48
782 4055 891 4128 scripsit
912 4056 1088 4129 Epiphanius,

64 4146 117 4219 qui
139 4161 227 4201 annus
248 4143 375 4217 congruit
397 4141 495 4198 Christi
515 4140 582 4198 156.
613 4139 694 4212 Atqui
715 4157 766 4199 nes
788 4140 886 4196 ibidem
909 4140 1089 4214 Epiphaniam
