2586 4822
617 773 729 824 teratu

247 931 285 986 29
302 947 326 984 a.
355 921 434 1001 μετὰ
455 920 584 996 τούτους
604 926 635 984 Γ
633 923 763 1004 ορθηνολ
793 916 1001 1003 ἀιεφολνησαν]
1039 928 1186 997 Quomodo

162 1015 293 1070 Gortbeni
315 1006 392 1089 πρὸς
413 1006 565 1089 ἀλλήλους
587 1015 730 1070 dissentire
753 1009 922 1085 coeperunt?
951 1012 1018 1068 b'anr
1042 1013 1118 1069 nulia
1140 1015 1185 1070 bic

161 1100 362 1155 Gortbenormn
378 1099 499 1163 divortia,
516 1109 604 1154 sectas
619 1098 705 1154 nullas
722 1106 878 1153 enumerat:
902 1106 929 1152 et
944 1089 1127 1173 ἓπεξήγήσις
1141 1099 1183 1154 itta

161 1202 229 1258 qnae
258 1184 413 1240 subiicitur:
433 1180 525 1260 «φημὶ
555 1180 588 1239 δὲ
614 1178 711 1255 μέσον
738 1176 918 1253 Σεβουαίων
945 1179 995 1238 καὶ
1029 1174 1186 1257 Ἐσσηνῶν

161 1266 210 1325 καὶ
234 1265 263 1324 Γ
262 1267 422 1343 ορθήνών,
445 1269 534 1340 arguit
557 1260 591 1324 τὸ
613 1263 690 1341 πρὸς
712 1260 864 1340 ἀλλήλους
885 1285 940 1322 non
963 1270 997 1323 ad
1020 1269 1097 1325 solos
1114 1269 1183 1325 Gor-

160 1356 274 1418 tbenos,
304 1353 352 1409 sod
379 1353 412 1408 ad
435 1363 490 1408 tres
513 1341 587 1419 ὅλας
609 1362 697 1408 sectas
719 1354 865 1426 pertinere.
910 1353 991 1424 Atqui
1016 1349 1184 1430 διαφωνεῖν

159 1432 237 1513 πρὸς
258 1429 409 1511 ἀλλήλους
431 1439 531 1493 Graece
555 1455 608 1493 uon
632 1447 674 1493 est
696 1431 774 1512 πρὸς
796 1429 916 1503 ἀλλους.
948 1437 1077 1493 Fortasse
1101 1439 1184 1511 igitur

161 1514 273 1588 ἀλλους
295 1540 344 1595 pro
361 1514 513 1597 ἀλλήλους
528 1522 757 1579 substituendum.
797 1514 987 1595 Postulabatd
1006 1515 1180 1579 ἀκολουθία

160 1616 191 1663 ut
214 1624 262 1680 pro
279 1604 436 1683 Γορθηνοὶ
459 1608 626 1664 scriberetur
647 1602 675 1663 oi
698 1604 806 1677 λοιποὶ,
829 1608 869 1662 vel
891 1616 982 1663 sectae
1005 1615 1063 1663 tres
1086 1624 1182 1664 recea-

160 1702 296 1748 serentur.

246 1770 262 1834 ὁ
285 1768 378 1851 νόμος
400 1770 545 1851 ἐκέλευεν]
569 1777 664 1833 Mirum
688 1788 729 1833 est
752 1777 824 1849 quod
847 1778 898 1832 hoc
921 1777 982 1832 loeo
998 1786 1108 1840 narrat,
1131 1777 1181 1833 Sa·

159 1864 353 1919 maritanorum
383 1863 454 1918 inter
482 1881 511 1918 se
539 1863 678 1917 dissidium
707 1861 740 1917 ab
770 1861 846 1925 odio,
879 1870 906 1916 et
928 1861 1024 1934 iurgiis
1048 1878 1178 1924 manasse,

160 1949 233 2021 quod
256 1965 287 2003 ea
309 1948 382 2003 natio
406 1965 467 2002 eum
491 1948 593 2002 iudaeis
618 1957 734 2002 exercet.
764 1947 828 2001 Nam
852 1947 874 2001 si
897 1963 959 2001 eum
977 1947 1179 2019 praetereunti·

159 2031 211 2087 bus
234 2033 338 2087 ludaeis
361 2032 524 2095 rixabantur,
549 2050 617 2105 qum
641 2050 734 2086 eaussa
758 2032 816 2095 tuit,
840 2049 889 2087 eur
911 2048 925 2085 a
945 2031 1110 2088 seinvicem
1125 2031 1177 2086 tis·

160 2115 312 2171 sentirent?
355 2116 412 2171 Non
436 2117 462 2171 id
485 2116 598 2190 explieat
621 2117 802 2189 Epiphanius:
831 2126 858 2171 et
881 2116 953 2171 aliud
975 2117 1031 2187 agit
1054 2118 1175 2172 omnino:

160 2201 261 2256 etenim
289 2193 505 2275 συμπληγάδες
533 2203 599 2256 istae
628 2219 682 2256 non
706 2212 770 2258 suut
794 2202 854 2257 τῶν
877 2197 1086 2276 Σαμαρειτῶν
1106 2194 1177 2275 πρὸς

160 2276 322 2358 ἀλλήλους,
345 2286 392 2340 sed
415 2280 492 2359 πρὸς
513 2277 583 2352 τοὺς
604 2278 779 2352 Ἰουδαίους.

246 2372 284 2427 29
300 2370 327 2425 b.
359 2361 437 2424 ἀλλὰ
461 2366 509 2424 καὶ
532 2360 582 2426 ὅτε
605 2362 912 2450 ῴκοάἀμειἜοάρας]
937 2375 995 2424 υοο
1013 2369 1060 2426 bio
1074 2371 1101 2426 in
1117 2369 1176 2442 Epi-

159 2456 258 2529 phanio
281 2455 455 2528 reprehendit
479 2455 612 2528 Scaliger:
636 2456 750 2511 alterum
773 2456 846 2529 quod
869 2454 901 2509 ab
924 2455 1009 2509 Esdra
1033 2456 1173 2511 irrstamata

158 2540 345 2613 Hierosolyma
367 2540 478 2605 dixerit,
508 2557 568 2595 euni
591 2541 714 2596 Neemias
738 2557 791 2596 non
815 2541 911 2596 Esdras
935 2540 961 2594 id
984 2542 1089 2612 egerit:
1112 2540 1172 2595 alte·

158 2642 218 2681 rum
249 2625 321 2698 quod
346 2625 527 2680 Sanun-itanes
556 2643 665 2699 operam
695 2643 769 2680 suam
793 2625 825 2679 ad
848 2642 906 2679 eam
929 2625 1109 2681 resectionem
1129 2625 1171 2679 de·

158 2710 253 2766 tulisse
277 2710 391 2776 scrilrat;
416 2710 487 2782 quod
510 2721 602 2766 eontra
620 2711 785 2782 scripturam
809 2728 868 2765 esse
892 2709 986 2764 eredit.
1019 2710 1075 2766 Sed
1098 2708 1171 2765 inat-

142 2779 218 2851 'ssro
247 2786 449 2867 κακοήθειαν,
480 2797 506 2849 iu
535 2796 620 2851 altero
650 2806 789 2867 stuporem
818 2811 897 2849 suum
929 2794 1029 2866 arguit.
1076 2795 1170 2851 Etenim

157 2889 347 2952 praeterquam
371 2880 443 2953 quod
466 2880 563 2934 Esdras
586 2898 647 2936 (eum
669 2880 776 2935 Neemia
799 2880 870 2942 vixit,
895 2888 921 2933 et
938 2878 1000 2933 Urbi
1025 2880 1173 2937 instauran-

158 2965 208 3019 dae
230 2964 359 3036 praefuit,
384 2973 415 3018 ut
437 2980 468 3018 ex
491 2964 615 3021 Neemiao
640 2967 702 3029 8,2
727 2974 754 3020 et
779 2966 885 3028 tart,
909 2963 1007 3036 probat
1031 2965 1172 3025 Serranus,

158 3048 225 3104 illud
256 3038 405 3127 ᾠκοδόμει
425 3040 626 3122 Ἰερουσαλήμ
656 3051 770 3106 comiter
798 3048 982 3122 accipiendum
1006 3060 1065 3114 est,
1097 3059 1125 3105 ut
1143 3045 1172 3102 od

159 3130 237 3187 Urbis
261 3141 363 3205 partem
386 3132 510 3204 aliquam,
534 3135 685 3189 euirrsmodi
708 3134 848 3207 Templum
871 3143 938 3196 erat,
962 3134 1109 3205 pertineat.
1141 3131 1174 3188 ll-

158 3215 205 3271 lud
227 3233 290 3271 vero
313 3216 530 3271 dementissimae
553 3220 689 3274 caecitatis
712 3229 763 3282 est,
787 3236 886 3291 negare
909 3218 1096 3275 Samaritanos
1113 3233 1172 3292 ope-

158 3300 196 3355 ris
218 3301 362 3373 participes
385 3318 415 3355 se
438 3317 498 3355 esse
521 3302 587 3357 velie
606 3321 669 3375 prae
692 3322 721 3359 se
744 3303 854 3367 tulisse,
878 3320 940 3358 eum
963 3303 989 3357 id
1013 3303 1115 3361 diserte
1131 3304 1167 3358 λλ

157 3384 258 3440 Esdrae
281 3388 310 3450 4,
331 3388 342 3441 l
363 3387 423 3441 et2
448 3385 586 3458 Scriptura
611 3398 736 3443 testetur.
782 3388 835 3444 Sed
864 3405 894 3443 ea
918 3388 1059 3444 Serranus
1082 3391 1109 3445 in
1129 3387 1173 3443 li-

158 3469 258 3526 nervali
279 3470 331 3525 iam
353 3470 501 3543 occupavit.

243 3549 457 3629 ἐπετράπησαν
476 3545 526 3610 ὑπ’
550 3545 659 3631 αὐτοῦ]
694 3557 775 3613 Deest
797 3557 917 3630 negativa
941 3558 1085 3629 particula,
1108 3553 1172 3631 qood

158 3638 200 3694 vel
222 3640 394 3695 mediocriter
415 3640 520 3713 peritus
543 3641 754 3697 animadvertere
778 3642 874 3715 potuit.
921 3642 983 3697 {deo
1007 3643 1109 3699 frustra
1128 3643 1173 3698 bae

158 3723 187 3780 in
214 3735 290 3797 parte
317 3725 449 3780 calumnia
479 3726 593 3781 struitur
615 3727 763 3800 Epiphanio
792 3727 818 3782 in
841 3727 961 3782 Elonebo
985 3727 1174 3802 Scaligeriaoo.

122 3835 127 3847 ·
159 3809 236 3882 quasi
264 3819 358 3864 eontra
380 3810 545 3882 Scripturam
576 3811 671 3867 dixerit
694 3812 874 3867 Samaritanus
904 3812 930 3866 in
959 3814 1173 3870 communionem

160 3893 249 3966 operis
278 3894 419 3950 admissos.
463 3895 527 3949 Nam
551 3904 577 3950 et
599 3896 666 3951 inira
690 3913 750 3952 eom
774 3896 807 3952 de
830 3896 960 3952 Sebuaeis
982 3898 1055 3970 agit,
1088 3895 1176 3955 scribit

159 3977 260 4036 Esdrae
281 3978 341 4035 illos
364 3979 426 4035 odio
449 3980 515 4035 festa
539 3998 587 4034 sua
612 3991 786 4054 praepostere
809 3981 957 4037 ordinasse.
