2586 4822
156 361 164 377 Ι
580 350 583 355 .

207 794 292 838 mlv
450 792 475 841 S.
495 790 644 841 Erlrlllrlll
664 790 737 841 leri
758 790 975 840 collorlffllo'i.

205 946 262 1001 sint
282 946 309 1000 in
332 944 438 1026 duobos
461 947 512 1002 iam
527 962 609 1019 supra
624 944 746 1001 indicatis
762 944 909 1018 opusculis,
932 943 961 1000 S.
978 943 1098 1001 Isidorus
1113 945 1224 1018 quidem

205 1030 245 1086 rio
267 1039 419 1096 excusatur,
443 1040 473 1088 ul
496 1040 585 1088 tamen
607 1030 704 1086 molius
725 1031 808 1086 luerit
829 1030 940 1103 proprio
963 1029 1061 1087 honori
1076 1031 1223 1087 consultu-

204 1131 261 1179 rus,
285 1117 308 1171 si
329 1116 521 1189 praecautione
543 1117 638 1172 saltem
660 1115 748 1187 aliqua
770 1133 836 1171 usus
854 1114 1004 1171 indicasset
1025 1133 1080 1171 non
1097 1133 1222 1189 magnam

205 1200 237 1255 iis
258 1218 274 1256 a
296 1217 326 1256 so
348 1201 427 1256 iidem
451 1201 560 1264 haberi:
584 1200 749 1273 Epiphanius
772 1208 862 1255 aulem
885 1217 935 1256 ricc
957 1202 1131 1257 excusatione
1158 1203 1222 1274 qui-

203 1285 265 1340 ‹lcm
288 1294 364 1359 cgct,
395 1287 513 1360 quandiu
536 1286 610 1341 nullo
634 1286 716 1339 veleri
739 1294 766 1340 el
789 1285 952 1341 ineluctabili
975 1286 1132 1341 testimonio
1156 1304 1222 1358 pro-

137 1400 140 1406 ·
203 1369 299 1433 batur,
330 1371 396 1425 hacc
424 1387 486 1425 vero
508 1370 579 1425 illius
602 1387 662 1426 csse
684 1371 805 1443 scriptio.
850 1370 923 1426 Adde
944 1371 1017 1442 quod
1039 1371 1133 1443 plures
1157 1371 1222 1444 Epi·

204 1455 295 1528 phanii
318 1455 418 1510 luerint
440 1454 670 1528 subsequentibus
693 1454 818 1518 sacculis,
843 1456 921 1510 eliani
944 1454 971 1510 in
988 1456 1076 1529 Cypro
1098 1456 1221 1528 episcopi

203 1556 319 1612 quorum
343 1539 439 1612 aliquo,
462 1548 493 1595 ul
516 1540 575 1595 licri
596 1540 676 1612 vulgo
698 1540 778 1605 solet,
802 1540 983 1614 principaliori
1007 1541 1087 1596 huius
1103 1542 1222 1597 nominis

202 1624 328 1696 scriptori
351 1623 434 1680 tribui
458 1634 615 1698 potuerunt,
649 1626 719 1680 sicul
743 1625 901 1681 “orationes
924 1625 984 1680 illac
1007 1642 1076 1698 quac
1100 1626 1222 1698 Epipha-

202 1708 239 1763 nii
262 1709 369 1764 nornine
393 1709 483 1766 lucum
507 1711 557 1765 iarn
581 1711 682 1782 pridem
699 1711 808 1773 iaciunt,
832 1711 939 1767 Pelavio
955 1711 1050 1772 iudice,
1075 1711 1221 1767 coriscum

202 1794 273 1867 stylo
300 1794 360 1868 ipso
390 1804 446 1852 urm
469 1795 527 1851 aliis
549 1795 709 1867 quibusdam
731 1795 851 1857 indiciis.
880 1796 992 1852 alterius
1014 1795 1055 1851 vcl
1079 1795 1222 1869 Epiphanii

203 1878 243 1934 vol
265 1880 384 1937 auctoris
407 1898 437 1936 sc
465 1897 526 1937 csse
549 1880 711 1936 declaronl”.
