2586 4822
536 851 708 904 enutrisse.
873 884 878 891 -
1069 840 1129 902 ts't

108 1022 256 1068 ssorssns,
281 1022 367 1079 eaque
388 1006 487 1073 omnis,
510 1022 581 1079 quse
595 1005 742 1062 Salmasius
758 1007 784 1063 in
800 1007 1057 1066 &oscitationibus
1073 1010 1132 1066 Pli-

111 1092 208 1147 sisois
231 1089 267 1144 de
287 1090 333 1146 ills
354 1099 481 1156 annotat,
503 1091 561 1148 suis
583 1091 650 1148 loeis
671 1092 827 1165 adpossem
850 1093 884 1149 de
906 1097 1019 1167 geionis
1041 1104 1133 1151 autem

115 1175 253 1232 Rationale
268 1176 381 1232 samnis
404 1175 598 1232 exornantibus
621 1194 758 1233 soenorum
775 1178 937 1234 litterarum
958 1181 1133 1254 interpretes,

115 1271 139 1317 et
158 1261 195 1316 de
211 1259 351 1317 Hebraicis
372 1261 578 1336 antiquitatibus
601 1272 748 1318 tractantes
765 1264 914 1335 scriptores
928 1274 1012 1337 agunt
1027 1282 1133 1327 omues.

116 1355 139 1402 et
159 1347 295 1402 Brsiiuius
316 1346 351 1401 de
372 1346 485 1418 singulis
508 1347 636 1418 singulari
660 1347 748 1420 eapite
768 1347 804 1403 its
827 1346 965 1404 subtiliter
979 1358 1006 1405 et
1021 1350 1132 1422 copiose

120 1431 244 1487 tunsi-uit
271 1429 320 1486 lib.
336 1430 357 1485 ll
390 1431 564 1487 eruditissimi
599 1434 707 1504 operis,
736 1432 810 1507 quod
838 1432 881 1488 De
906 1436 1008 1489 vestus
1036 1452 1133 1489 sorsso-

120 1517 205 1571 lotsss
228 1516 423 1572 Hebraeorum
451 1518 574 1590 scripsit,
605 1527 635 1573 ut
661 1516 728 1574 nibil
749 1517 957 1574 desiderandum
979 1521 1014 1575 sit
1036 1520 1133 1593 exqui-
1182 1554 1185 1559 -

122 1601 199 1657 silius.
748 1627 751 1634 ¹

197 1723 232 1776 st
255 1719 336 1784 enim,
359 1720 447 1776 ieiune
470 1728 559 1777 temen
583 1729 610 1775 et
633 1720 711 1777 nimis
727 1721 831 1793 exiliter
845 1723 945 1779 dictum
962 1733 1003 1778 est
1020 1724 1045 1779 in
1062 1723 1133 1780 notis

128 1804 150 1860 le
174 1804 293 1861 lliodoro
323 1803 383 1869 ttto,
416 1805 459 1860 eui
492 1804 590 1861 librum
619 1804 660 1860 De
687 1808 800 1878 pemmis
829 1808 994 1882 Epiphanius
1027 1808 1197 1864 dicavittttt

129 1887 216 1963 llempe
243 1889 289 1946 liis
312 1889 370 1946 lore
392 1890 529 1955 futurum,
557 1900 587 1945 ut
611 1891 643 1947 de
667 1906 699 1945 oo
722 1892 889 1948 euinniodius
912 1902 939 1948 et
962 1892 1042 1967 paulo
1064 1892 1135 1949 libe-

76 1994 78 1999 ·
131 1973 173 2029 rius
193 1991 353 2049 ageremus,
382 1974 595 2041 arliltrabamur;
624 1993 713 2050 neque
740 1977 811 2032 enim
834 1977 913 2040 levis,
943 1985 989 2033 ant
1012 1977 1135 2052 illepidae

132 2057 305 2132 disputationis
327 2070 516 2137 argumentum
540 2077 600 2116 esse
622 2061 735 2116 videtur.

579 2267 607 2338 s.
632 2265 673 2321 u.

136 2377 232 2438 lunoni
259 2383 383 2439 Diodoro
410 2384 541 2458 episeopo
570 2384 671 2439 librum
698 2400 779 2438 suuni
812 2384 849 2441 lle
872 2386 985 2458 gemmis
1008 2385 1137 2458 Epipliu-

490 2470 555 2524 sius
577 2471 756 2524 dedicaverit.

200 2624 304 2679 Auctor
325 2620 404 2677 nobis
433 2630 474 2677 est
498 2621 640 2698 ineundus
664 2621 863 2677 llermianeusis
887 2622 1032 2678 ltioilortrm
1061 2621 1137 2677 illuni

136 2717 174 2761 ton
195 2725 255 2763 esse
277 2706 358 2762 alium
381 2723 461 2779 qnam
485 2705 690 2763 celeberrimum
707 2706 863 2780 episcopum
876 2707 960 2770 Tarsi,
984 2707 1062 2762 euius
1087 2724 1139 2762 au-

136 2786 190 2845 ditor
204 2792 364 2847 Theodorus
380 2790 588 2863 blopsuestenus
611 2792 669 2853 luit.
693 2800 721 2846 et
736 2790 764 2847 S.
781 2791 895 2848 loannes
911 2792 1137 2864 chrysostomus:

136 2874 213 2932 titulus
241 2887 332 2932 autem
354 2876 493 2949 Epitonies
521 2894 535 2930 a
557 2877 679 2932 Gesnsro
701 2876 788 2932 editae
812 2877 956 2932 Diodorum
979 2877 1137 2950 episeopuin

134 2955 180 3032 liri
207 2979 269 3018 eum
296 2970 388 3018 vocat:
415 2951 595 3036 Ἔπιφανώυ
617 2954 783 3018 ἐπισκόπου
807 2953 937 3034 Κύπρου
959 2953 1037 3036 πρός
1057 2956 1138 3019 Διό-

134 3037 220 3121 δωρον
239 3042 406 3103 ἐπίσκοπον
424 3037 528 3121 Τύρου
550 3040 617 3123 περὶ
640 3047 703 3103 τῶν
724 3038 844 3102 δώδεκα
867 3043 966 3103 λίθων
988 3056 1040 3104 ete.
1082 3047 1139 3103 lle-
1247 3075 1249 3078 >

131 3145 171 3200 que
199 3149 264 3187 sero
292 3129 452 3186 addubitare
479 3130 543 3188 lieet
569 3148 605 3187 ne
630 3142 680 3187 sut
706 3131 807 3187 eodieis
829 3132 986 3188 Gesneriani
1009 3133 1136 3206 scriptor,

129 3225 165 3271 sut
184 3216 324 3272 Gesnerus
352 3215 410 3288 ipse
436 3209 541 3290 Tripuri
570 3233 620 3289 pro
646 3213 773 3288 Ταρσοῦ
800 3217 954 3290 aoeepeiint
981 3217 1138 3290 scriptionis

126 3299 293 3357 similitudine
315 3301 431 3373 decepti.
460 3299 537 3358 ttulit
558 3309 623 3356 sunt
645 3301 672 3356 in
696 3301 819 3356 Vaticana
842 3301 907 3358 bibl.
930 3319 995 3357 mss.
1019 3303 1137 3366 emlinus,

125 3385 165 3458 qui
186 3386 273 3442 varies
294 3385 354 3441 libri
378 3385 518 3459 llpipbanii
541 3384 583 3440 De
603 3387 716 3456 pessumis
739 3386 876 3459 Epitomas
906 3387 1061 3449 continent.
1089 3388 1138 3443 sed

121 3469 206 3526 solnm
228 3471 284 3526 duo
307 3471 334 3526 in
356 3470 436 3528 titulo
452 3470 597 3527 Diodorum
620 3470 768 3534 nominant,
792 3488 889 3545 nempe
912 3472 995 3528 eudes
1013 3476 1045 3529 tt
1067 3473 1139 3528 inter

121 3571 166 3611 eos
188 3556 235 3632 qui
259 3556 410 3611 Cliristinse
432 3555 582 3612 Sueeorum
606 3556 715 3628 reginas
737 3565 829 3621 erant,
853 3576 913 3630 pag.
930 3559 980 3620 8².
1004 3567 1031 3613 et
1053 3558 1139 3614 endiis

120 3642 159 3699 ³9
181 3641 256 3698 inter
278 3657 336 3703 sos,
358 3642 405 3713 qui
428 3650 505 3696 erant
520 3640 559 3696 Pii
574 3641 606 3704 ll,
629 3657 690 3713 pag.
708 3642 779 3703 stt.
802 3652 829 3698 et
844 3652 959 3716 uterque
975 3643 1056 3698 lubet
1073 3634 1138 3696 Tt-

117 3743 184 3801 ρου.
229 3725 259 3782 ln
290 3725 426 3796 Cstolopo
454 3726 534 3783 etiem
567 3743 631 3781 mss.
661 3725 783 3782 eodieum
813 3726 878 3783 bibl.
907 3729 1004 3800 llegiue
1034 3727 1137 3784 tomll

115 3829 178 3887 pap.
196 3813 259 3869 tos
282 3811 354 3867 inter
376 3819 491 3874 esetera,
514 3827 584 3884 quoe
606 3808 758 3867 indicantur
780 3801 840 3868 esse
864 3813 889 3868 in
911 3814 970 3870 eod.
985 3815 1061 3870 1782
1078 3827 1140 3866 me-

115 3906 257 3955 moratur:
279 3895 460 3968 Epiphanius
482 3898 629 3968 spiscopus
654 3894 738 3968 Cypri
759 3897 971 3953 admotorum
993 3898 1058 3967 Tyri
1079 3897 1140 3967 epi·

114 4000 232 4055 scopus
260 3984 294 4037 ds
323 3982 468 4036 wodecim
496 3982 639 4053 lapidibus
668 3982 699 4036 in
725 3983 847 4037 uestibus
870 3983 1000 4038 tarmus.
1045 3980 1139 4051 lisque

113 4068 283 4141 donationis
306 4065 388 4123 liuius
411 4074 499 4122 status
520 4068 655 4123 nascitur:
678 4068 843 4124 erraveritne
860 4066 1010 4127 ineundus.
1034 4080 1067 4119 an
1088 4082 1140 4119 su-

112 4161 177 4209 etor
198 4151 346 4225 Epitsmes.
