2586 4822
525 850 634 901 vausto
652 850 795 908 ruriuut.
1113 838 1173 900 tro

121 1004 260 1061 ·viridior
282 1014 310 1062 et
332 1014 449 1070 austera,
474 1015 562 1061 tamen
586 1005 613 1070 ii,
637 1006 683 1078 qui
706 1015 771 1062 sunt
794 1023 825 1061 ex
848 1005 1000 1079 Aethiopia,
1024 1007 1064 1063 vel
1086 1008 1171 1074 ludia,

142 1090 267 1164 hepatis,
291 1089 318 1146 id
341 1098 382 1146 est
404 1090 501 1146 iecoris
524 1090 726 1147 similitudinem
743 1090 875 1147 referunt.
904 1090 999 1147 Restat
1015 1091 1105 1166 itaque
1121 1093 1172 1148 iam

143 1174 229 1232 nobis
252 1174 287 1230 de
309 1184 403 1232 monte
425 1174 481 1239 illo,
505 1175 550 1248 qui
574 1174 714 1247 rigabatur
732 1174 875 1248 aliquando
891 1175 932 1231 vel
948 1175 1092 1241 eberone,
1116 1177 1173 1235 sio-

144 1269 177 1316 ut
201 1276 331 1315 sermone
352 1260 489 1333 vulgatum
513 1268 570 1323 est,
599 1259 641 1315 vel
664 1277 678 1314 a
702 1260 869 1322 Domitiano,
899 1260 925 1314 in
949 1277 1001 1335 qua
1024 1262 1109 1334 patria
1133 1270 1176 1317 est

144 1347 229 1409 situs,
246 1361 393 1417 exponere
424 1344 472 1399 Est
489 1344 559 1399 enim
575 1344 712 1400 introrsus
728 1345 754 1399 iu
771 1346 838 1400 mari
854 1342 956 1409 Rubro,
981 1346 1053 1420 quod
1070 1346 1108 1401 sic
1124 1355 1201 1419 κιρ-5

145 1430 278 1504 pellatur,
295 1430 321 1484 in
335 1430 394 1504 ipso
404 1422 532 1503 gressu⁶J
548 1429 667 1503 regionis
683 1429 820 1495 ludorum,
837 1447 952 1502 quarum
962 1431 1083 1502 gentium
1097 1430 1176 1486 ditle-
1212 1470 1223 1501 ,
1248 1476 1252 1481 .

145 1514 256 1571 tentiae
272 1514 486 1588 quamplurimae
501 1523 582 1570 sunt:
606 1513 669 1570 olim
681 1515 782 1588 quippe
793 1515 849 1569 lnvli
865 1514 891 1569 in
908 1531 1003 1571 novem
1020 1532 1103 1588 regna
1114 1516 1176 1571 lne-
1220 1512 1226 1519 '

105 1608 134 1657 ιι»
144 1608 210 1656 rant
222 1598 361 1672 disparati,
378 1598 457 1655 sicuti
470 1599 538 1655 lama
549 1597 715 1655 celebratum
729 1602 818 1672 esth:
843 1599 868 1654 id
881 1607 922 1655 est
934 1598 1136 1656 Alabastrorum
1146 1593 1173 1672 fl,

237 1781 262 1837 vl)
282 1782 400 1829 Fortassis
419 1782 537 1846 interpres
556 1784 687 1845 scripserat
705 1786 820 1845 irvpressu.

237 1852 261 1913 e)
287 1850 312 1898 ln
340 1863 433 1899 summa
456 1851 592 1899 indicarum
618 1865 698 1900 rerum
723 1850 873 1911 ignoratione
898 1851 1053 1900 versabantur
1077 1850 1178 1912 antiqui.

147 1918 238 1966 Strabo
258 1918 325 1965 tihl'
346 1917 434 1966 diserte
453 1920 494 1977 ait,
525 1932 609 1967 omnes
629 1919 696 1979 illos,
723 1918 762 1980 qivi
783 1918 812 1966 de
831 1916 897 1966 ludia
917 1919 1081 1980 scripserunt,
1100 1917 1178 1980 plera·

147 2000 196 2049 que
216 1986 331 2034 mentitos
351 2000 413 2049 esse,
432 1993 456 2035 et
473 1985 514 2035 lib.
534 1987 605 2036 etiam
625 1988 660 2035 tit'
678 1987 708 2034 de
728 1986 884 2035 mendacibus
898 1986 978 2035 lndiae
997 2000 1076 2034 rerum
1096 2000 1178 2034 narra-

149 2054 258 2102 tionibus
283 2055 399 2116 queritur.
435 2054 549 2103 Arrianus
569 2056 627 2104 Hirt.
648 2057 697 2104 lud.
716 2051 781 2117 §.h
806 2055 982 2115 Megasthenein
1002 2059 1098 2102 centum
1117 2053 1177 2101 duo-

150 2122 262 2184 deviginti
283 2122 385 2184 populos
403 2122 427 2170 in
447 2122 512 2171 lndia
531 2123 645 2171 statuisse
664 2122 771 2171 reterens
790 2123 872 2172 adimit
892 2121 924 2171 illi
944 2122 1023 2183 ladem,
1043 2129 1092 2170 tum
1112 2120 1176 2184 quod

151 2198 224 2238 totam
244 2190 335 2239 lndvanv
355 2204 402 2238 ivon
422 2191 588 2253 peragraverit,
608 2198 657 2239 tum
676 2190 741 2253 quod
760 2205 844 2239 omnes
863 2198 946 2252 gentes
965 2189 1047 2239 indiae
1061 2204 1179 2238 commer-

155 2258 189 2305 cia
214 2259 276 2306 inter
300 2272 326 2307 se
351 2272 399 2306 non
425 2267 571 2307 exercerent.
608 2257 675 2315 Quae
700 2258 738 2306 bic
757 2259 842 2307 recitat
861 2256 1007 2321 Epiphanius
1026 2258 1090 2306 unde
1109 2271 1179 2306 aece-

156 2325 228 2388 perit,
253 2326 307 2390 quis
327 2325 409 2374 dieat?
442 2326 545 2390 populos
564 2326 671 2375 nominat
689 2333 801 2389 tanquam
821 2326 876 2374 olim
897 2328 919 2374 in
940 2326 1005 2374 ludia
1025 2326 1178 2388 praecipuos,

160 2408 255 2454 quorum
280 2394 344 2442 nulla
368 2394 432 2457 apud
458 2403 552 2443 eeteros
570 2396 675 2455 mentio,
699 2403 740 2443 aut
759 2394 842 2443 saltent
862 2410 904 2456 pro
924 2395 1020 2457 populis
1038 2394 1117 2454 magni
1136 2408 1179 2441 no-

163 2462 226 2509 minis
244 2470 290 2511 aon
310 2463 436 2512 habentur.
472 2464 545 2511 l’orro
564 2462 610 2511 etsi
624 2463 789 2524 Megasthenes
808 2469 891 2523 gentes
908 2469 1004 2510 eentum
1019 2460 1178 2523 duodeviginti

166 2526 186 2574 in
202 2529 262 2579 lndia
281 2536 425 2579 statuentem
444 2538 526 2594 carpat
544 2532 668 2592 Arrianus,
686 2528 773 2578 multas
792 2538 871 2578 tamen
890 2530 964 2578 luisse
977 2529 1071 2578 latetur.
1110 2528 1180 2585 Quod
1223 2528 1227 2543 '

169 2596 186 2642 si
200 2595 267 2647 latsus
285 2598 356 2648 ctiam
376 2599 415 2660 sit,
434 2599 519 2647 eodem
538 2599 638 2648 Arriano
657 2598 794 2660 adnotante,
814 2598 915 2655 Ctesias,
935 2598 975 2660 qui
996 2611 1042 2644 non
1061 2596 1179 2645 minorem

172 2660 247 2727 reliqua
265 2667 320 2715 Asia
345 2666 435 2715 lndiam
460 2667 530 2728 lacit,
555 2674 633 2715 tanien
659 2667 780 2725 regionem
805 2666 962 2714 vastissimam
982 2665 1057 2713 luisse
1076 2664 1179 2713 dubitari

175 2733 248 2794 nequit,
265 2740 287 2782 et
305 2735 338 2783 ita
356 2734 451 2797 plenam
471 2733 568 2798 populo,
588 2743 612 2782 ut
632 2734 769 2783 Herodotus
788 2733 869 2782 lib.lll
889 2730 912 2795 ᾗ.
924 2733 965 2792 bl,
984 2732 1056 2781 ludos
1074 2731 1181 2780 multitu·

178 2795 219 2847 diae
238 2816 393 2865 quascunque
416 2801 474 2851 alias
500 2803 611 2852 nationes
629 2817 744 2864 superare
763 2802 921 2850 affirmaverit.
959 2802 1042 2864 ltaque
1061 2801 1179 2849 undenam

178 2866 225 2915 uovit
239 2870 261 2919 S.
278 2870 427 2934 Epiphanius
452 2871 475 2919 in
495 2885 577 2920 noveru
596 2885 668 2932 regua
687 2869 778 2918 lndiam
797 2878 870 2918 totam
889 2869 964 2918 tuisse
984 2867 1104 2933 quondam
1124 2868 1181 2917 divi-

181 2935 231 2982 tamt
261 2938 307 2987 Sed
326 2929 393 2987 illum
412 2954 509 3002 quoque
529 2938 762 2988 animadvertendum
782 2938 882 2986 maxime
902 2945 946 2999 est,
966 2945 1013 2985 tam
1032 2936 1079 2984 late
1098 2936 1179 2985 ludiae

181 3003 253 3054 aoniae
269 3021 327 3055 usos
347 3021 402 3056 esse
419 3014 521 3069 veteres,
544 3016 568 3055 ut
589 3007 659 3055 lndos
679 3006 780 3055 dixerint
799 3018 960 3069 quoscunque
979 3004 1081 3068 populos
1100 3006 1180 3053 urinas

181 3076 238 3120 vatos.
270 3074 341 3124 Porro
361 3075 512 3137 Aethiopiam
531 3075 660 3138 praecipue
679 3090 708 3123 eo
727 3075 896 3135 designarunt,
920 3080 945 3122 ut
964 3073 1042 3122 ridere
1062 3082 1098 3121 est
1117 3072 1179 3135 opud

182 3132 242 3188 lobon
264 3142 412 3206 ludolphum
437 3143 461 3192 in
488 3143 664 3192 Commentario
690 3143 720 3191 ad
746 3157 814 3190 suam
839 3143 898 3191 llirt.
916 3142 1086 3205 Aethiopicam,
1114 3155 1136 3203 p.
1147 3140 1179 3189 lh

183 3208 216 3250 etc.
242 3208 265 3257 Ει
282 3211 378 3273 qvvidem
398 3211 433 3259 sic
452 3210 522 3273 plane
541 3212 615 3259 utitur
633 3212 678 3259 hoc
697 3210 743 3259 loci
757 3210 781 3259 S.
791 3209 953 3272 Epiphanius;
973 3208 1096 3258 indubium
1117 3209 1180 3256 euim

184 3278 211 3317 est
227 3274 367 3339 Homeritas,
392 3280 513 3328 Arumitas
533 3287 587 3338 etc.‚
613 3278 715 3342 populos
740 3278 871 3340 Aethiopes
895 3276 978 3325 luisse.
1016 3276 1071 3326 lide
1098 3277 1179 3324 tubum

184 3334 304 3406 ludolphum
328 3362 353 3410 p.
372 3346 405 3396 65
433 3355 479 3396 etc.
514 3347 614 3396 bornum
640 3346 812 3396 animadvertas
836 3344 904 3394 eelim
930 3352 1025 3406 gentes,
1053 3359 1113 3407 quas
1142 3344 1179 3392 hie

185 3402 203 3451 S·
217 3405 348 3476 Epiphanius
372 3415 417 3462 sub
443 3415 554 3464 indorum
575 3415 671 3463 nominc
690 3423 814 3474 recenset,
840 3413 899 3461 alias
918 3413 941 3460 iu
962 3412 1039 3460 Alrica
1059 3427 1129 3473 esse,
1156 3420 1181 3461 ut

184 3471 281 3545 itatasirt,
298 3483 422 3532 Axumitae
441 3492 496 3545 etc,
515 3483 573 3532 alias
592 3483 615 3532 in
635 3483 698 3544 Asia,
719 3490 744 3531 ut
762 3481 898 3530 homeritae
919 3489 963 3529 ete.

193 3608 196 3615 Ι
246 3548 261 3601 ιι
285 3551 318 3600 tte
337 3552 374 3600 his
394 3551 483 3600 dictum
503 3559 539 3599 est
558 3566 582 3614 p.
592 3551 615 3612 7,
635 3558 658 3600 et
677 3550 803 3614 Aegyptios
821 3548 924 3613 populos
943 3549 1017 3597 luisse.
1036 3547 1182 3597 animadver-

185 3615 244 3683 timus,
259 3618 287 3666 ita
307 3621 472 3679 almisonum,
492 3633 596 3681 ‹pivouam
616 3618 736 3667 modoad
756 3618 846 3666 ludiam
867 3631 908 3664 ens
928 3616 1015 3665 relerat
1034 3616 1057 3664 S.
1076 3615 1180 3679 Epipha-

184 3689 230 3728 nius.
257 3685 339 3736 lerum
358 3687 463 3750 Hyginus
488 3702 585 3750 querque
604 3687 733 3746 tutata,
759 3687 835 3734 lovem
854 3685 962 3744 Thebas,
986 3683 1122 3746 Aegyptiam
1142 3697 1181 3729 ur·

184 3743 235 3809 btffl,
253 3753 275 3802 ia
292 3755 360 3805 lndia
378 3755 516 3804 condidisse
535 3754 601 3805 dicit.
637 3755 762 3804 Praeterea
781 3754 876 3803 Servius
895 3753 924 3801 ad
944 3752 1000 3801 illud
1020 3751 1091 3799 lib.ll
1111 3753 1180 3799 tieor-

183 3828 268 3883 gicum,
285 3838 305 3872 v.
316 3823 380 3873 ill:

462 3925 535 3939 .....
554 3891 605 3939 solo
624 3890 690 3939 ludio
708 3892 798 3953 nigrum

462 3959 513 4008 Fert
531 3961 651 4008 ebenum..

182 4015 255 4071 sabla:
279 4029 341 4090 utqui
367 4033 388 4075 et
407 4028 430 4074 in
448 4028 546 4088 Aegypto
565 4027 683 4085 irascitur,
709 4026 749 4074 sed
768 4025 856 4074 lndiam
875 4040 960 4074 onvnem
979 4025 1070 4086 plnpom
1088 4020 1180 4067 Aethio-

178 4088 222 4145 lttt
239 4096 364 4157 accipimus,
402 4092 455 4151 Quo
479 4092 502 4141 in
528 4093 581 4142 lieo
607 4092 655 4142 duo
674 4093 733 4143 hacc
751 4093 839 4140 ducere
856 4092 948 4140 ridetur
968 4090 1062 4139 Servios
1081 4085 1109 4133 ad
1130 4099 1179 4135 rem

179 4163 266 4209 ¹1⁰ttrvn1
288 4163 413 4226 apposite,
438 4175 539 4225 nempe:
564 4167 694 4226 Aegyptum
719 4169 832 4224 tanquam
851 4159 991 4221 Aethiopiae
1015 4160 1106 4218 partem
1125 4167 1180 4203 esse

975 4238 1027 4289 ιι*
