2586 4822
160 743 223 806 134
606 752 729 806 ,οετονα

158 928 276 984 cumque
297 918 361 985 post
382 909 451 965 duos
472 924 559 965 annos
579 907 740 973 rediissent,
763 908 855 981 lllagos
878 926 926 965 eos
949 911 1099 967 invenisse.
1128 909 1185 969 lloe

158 1014 223 1053 vero
245 1011 384 1070 nunquam
405 993 514 1066 scripsit
529 994 704 1067 Epiphanius.
735 994 824 1062 Quare
846 994 1030 1051 hallucinatus
1055 1006 1099 1053 est
1120 1013 1185 1053 ern·

159 1082 309 1138 ditissimus
332 1080 376 1137 ille
399 1078 603 1150 Euangeliorurn
626 1079 771 1151 interpres.
800 1078 855 1135 Nec
875 1080 937 1134 ideo
960 1089 1056 1136 tamen
1079 1090 1184 1138 tantum

158 1166 331 1231 commeruit,
354 1173 385 1221 ut
406 1182 422 1219 a
440 1162 599 1220 Casaubouo
622 1173 676 1218 tam
698 1163 876 1240 inclementer
896 1181 929 1220 ac
951 1165 1049 1238 putide
1072 1177 1184 1224 notare-

158 1261 206 1308 tur
228 1261 256 1308 et
272 1248 498 1313 virulentissimus
520 1265 552 1305 ac
572 1247 840 1304 maledicentissimos
864 1251 982 1323 scriptor
997 1253 1183 1324 appellaretur

158 1337 187 1395 in
209 1336 255 1392 illo
277 1352 377 1409 opere,
400 1333 474 1407 quod
495 1333 584 1407 ipsum
607 1350 639 1389 ex
659 1333 799 1390 virulentis
821 1334 962 1390 calumniis
985 1344 1013 1392 et
1037 1337 1181 1395 haereticis

158 1420 332 1495 opinionibus
355 1425 511 1479 contextum
534 1417 661 1474 adversus
683 1417 848 1474 baronianos
870 1420 988 1476 Annales
1010 1421 1119 1478 ell'udit.

122 1504 128 1514 '
245 1496 287 1572 ὥς
308 1500 351 1570 εἰς
371 1498 426 1578 τὴν
447 1496 615 1580 πανήγυριν
635 1497 762 1577 ταύτην]
786 1504 872 1572 Quam
894 1504 1003 1560 taudem
1022 1507 1070 1563 hic
1084 1500 1181 1582 πανὴ·

155 1606 245 1667 popo
265 1590 406 1662 intelligat,
430 1588 533 1644 nescio.
578 1588 688 1644 Videtur
709 1586 763 1644 loci
784 1588 865 1654 illius,
888 1589 915 1644 in
937 1607 994 1662 quo
1017 1602 1101 1649 natus
1121 1602 1180 1649 erat

156 1674 297 1740 Dominus,
319 1674 482 1731 celebratam
506 1673 660 1729 memoriam
683 1667 850 1750 πανήγυριν
870 1674 1017 1747 appellare.
1087 1672 1090 1677 ’

244 1762 306 1819 432
322 1777 345 1815 c.
383 1760 427 1837 τῷ
452 1751 511 1836 γὰρ
540 1760 710 1837 τριακοστῷ
738 1752 842 1837 τρίτῳ]
888 1759 925 1816 lle
954 1761 998 1815 his
1026 1762 1176 1819 accuratius

156 1845 239 1920 paulo
262 1854 324 1920 post
342 1860 463 1918 agemus.

214 1995 216 1997 g
243 1930 305 1991 432
320 1929 347 1985 d.
378 1921 487 1984 διὰτὸ
514 1924 744 2001 propraetoribus
772 1921 956 2003 πρεσβύτης]
997 1931 1078 1999 Quod
1104 1931 1176 1987 lose-

156 2014 229 2088 pbus
257 2014 394 2087 decrepita
423 2014 474 2067 iam
502 2021 590 2069 aetate
617 2011 727 2067 llariam
755 2013 860 2068 duxerit
893 2023 971 2069 vetus
1005 2025 1049 2072 est
1079 2017 1173 2090 opinio.

157 2098 237 2166 Quod
259 2107 356 2155 autem
383 2097 484 2154 liberos
513 2114 546 2153 er
566 2096 658 2169 priore
679 2096 769 2169 aliqua
790 2099 906 2171 coniuge
928 2102 1101 2174 susceperit,
1128 2101 1172 2158 etsi

157 2183 183 2238 id
205 2183 372 2257 Epiphanius
399 2181 497 2256 aliique
520 2181 631 2237 Veteres
654 2182 800 2239 memoriae
822 2183 1006 2256 prodiderint.
1030 2186 1170 2243 reclamant

155 2275 248 2323 tamen
268 2268 366 2329 merito
388 2266 488 2322 caeteri
509 2283 614 2323 omnes.
643 2267 681 2323 lle
703 2284 757 2340 qua
779 2285 809 2323 re
831 2268 960 2324 baronius
985 2272 1013 2326 in
1036 2274 1135 2345 Appar.

243 2352 347 2411 taso.
369 2348 518 2415 ,ἐντεῦθεν
539 2344 653 2423 τοίνυν]
677 2351 750 2408 llaec
772 2352 854 2425 igitur
876 2353 956 2410 rerba
981 2358 1038 2412 τοῦ
1053 2355 1164 2414 dandal

155 2437 244 2496 lesum
268 2438 404 2511 pertinere
425 2436 539 2500 credidit
560 2436 657 2509 Epiph.
681 2453 735 2492 nou
758 2437 791 2493 ad
812 2438 953 2494 Adamum.

241 2526 304 2582 433
320 2539 344 2580 c.
365 2523 418 2600 τῷ
431 2519 548 2602 Λοοκᾷ
568 2512 633 2577 ὄντι
656 2517 706 2577 καὶ
729 2513 827 2599 αὐτῷ]
852 2524 928 2591 Quod
946 2524 1035 2581 Lucas
1060 2544 1075 2583 e
1097 2525 1161 2583 diso

153 2607 283 2682 polorum
303 2624 419 2669 numero
440 2606 531 2671 luerit,
554 2606 651 2662 asserit
673 2616 701 2662 et
716 2606 869 2665 llorotheos
885 2609 912 2664 in
928 2608 1058 2684 Synopsi,
1083 2626 1161 2686 quar·

154 2694 195 2750 vis
222 2693 249 2750 id
277 2693 365 2767 ipsum
394 2690 427 2748 ab
451 2709 483 2748 eo
506 2691 600 2764 negari
620 2690 788 2747 llaldonatus
810 2693 959 2766 scripserit
1005 2696 1063 2753 Sed
1085 2707 1160 2754 corna

155 2779 279 2837 sentiunt
305 2778 444 2852 plerique,
472 2785 501 2834 et
523 2776 551 2832 id
572 2792 605 2831 ex
626 2775 692 2848 ipsis
715 2776 803 2832 lucae
825 2776 913 2833 verbis
936 2780 1087 2854 eolligunt,
1113 2794 1160 2837 can

154 2863 193 2923 ait
222 2856 305 2932 ἔδοξε
333 2854 426 2944 eppei
454 2852 743 2939 παρηκολουθηκότι
771 2850 893 2918 drabo
919 2866 1015 2920 πᾶσιν
1042 2859 1178 2945 ἀκριβῶς,

154 2945 290 3024 καθοξῆς
310 2964 359 3003 σοι
380 2939 510 3023 γράψαι.
553 2945 606 3002 Sed
629 2953 732 3000 tentum
755 2945 847 3012 abest,
870 2958 901 3003 ut
922 2949 991 3006 haec
1015 2951 1163 3027 discipulum

156 3032 256 3090 Christi
277 3032 369 3096 luisse,
392 3048 424 3087 ae
446 3047 500 3086 non
523 3029 667 3103 pleraque,
691 3046 753 3086 cum
775 3030 809 3087 ab
831 3049 864 3088 eo
886 3046 1066 3105 gererentur,
1090 3035 1163 3094 oculis

153 3132 301 3190 usurpasse
323 3124 434 3188 negent,
457 3125 488 3170 ut
510 3115 675 3170 contrarium
698 3115 788 3189 potius
810 3117 874 3173 binc
896 3118 957 3175 elici
978 3122 1079 3193 possin
1108 3121 1164 3176 Ver·

152 3200 219 3259 bum
241 3200 314 3255 enim
334 3196 583 3274 παρακολουθεῖν
604 3216 798 3274 nonnunquam
820 3201 854 3258 ad
871 3219 929 3258 eam
946 3207 1072 3263 notitiam
1089 3206 1165 3264 refer

153 3295 208 3349 tur,
231 3300 301 3356 quae
322 3282 409 3340 oculis
430 3283 506 3356 ipsis,
529 3299 561 3339 ac
582 3285 691 3356 propria
713 3286 890 3358 intelligentia
911 3302 1097 3362 comparatur,
1118 3306 1165 3347 non

152 3371 267 3428 aliorum
288 3366 469 3425 sermonibus.
499 3367 533 3424 Ut
555 3384 617 3423 eum
639 3368 758 3426 liemost.
781 3367 813 3427 dv
832 3373 875 3450 τῷ
896 3369 964 3451 περὶ
979 3371 1165 3453 Παραπρεσ-

151 3449 239 3529 βείας
259 3452 294 3509 de
310 3452 453 3517 Aeschine,
477 3452 554 3508 cuius
576 3452 604 3507 in
627 3453 761 3526 legatione
784 3473 875 3512 comes
898 3458 996 3524 lueret,
1021 3466 1062 3518 sic
1083 3459 1166 3536 loqrri·

152 3549 214 3598 tur:
242 3533 294 3592 καὶ
316 3529 333 3594 d
354 3530 465 3593 τούτου
487 3530 704 3614 πονηρεύματα
725 3532 829 3611 εἰδὼς,
857 3537 908 3597 καὶ
930 3543 1166 3618 παρηκολοινθη·

109 3612 331 3692 medecinam
354 3623 522 3697 κατηγορῶ.
555 3621 600 3677 Sic
622 3623 705 3696 igitur
726 3625 811 3681 lucas
834 3616 956 3681 ἄνωθεν
976 3629 1167 3708 παρηκολαν-

150 3702 280 3786 θηκίνακ
301 3708 393 3763 πᾶσιν
414 3699 551 3782 ἀκριβῶς
570 3706 682 3774 dieitur,
706 3710 759 3765 boc
781 3719 824 3767 est
845 3722 993 3784 comperta,
1019 3715 1169 3790 explorata·

60 3832 62 3836 -
151 3812 215 3873 que,
237 3809 270 3849 ac
290 3799 412 3864 spectata
432 3790 514 3848 etiam
536 3790 673 3849 habuisse.
714 3796 752 3850 lc
774 3795 855 3851 videri
877 3805 969 3869 potest
991 3808 1021 3856 et
1043 3799 1169 3857 nonos&

151 3881 196 3939 hic
217 3876 365 3935 antithesis
381 3892 457 3940 esse,
488 3884 519 3932 ut
540 3891 602 3932 cum
624 3879 765 3950 superiore
788 3898 867 3936 versu
897 3881 1009 3949 dixerit,
1042 3884 1169 3954 Quando·

150 3965 260 4039 quidem
281 3961 360 4018 multi
380 3977 425 4017 res
446 3976 463 4015 a
485 3959 592 4017 Christo
614 3971 705 4032 gestas
728 3963 847 4023 scribere
870 3968 991 4039 aggressi
1014 3980 1091 4036 sunt,
1114 3987 1168 4025 κα·

150 4045 220 4119 θὼς
244 4041 423 4125 παρέδοσαν
440 4037 514 4121 ἡμῖν
534 4037 563 4100 oi
585 4037 635 4102 ἀπ’
660 4038 772 4129 ἀρχῆς,
801 4051 891 4107 statim
913 4052 1057 4124 subiiciat,
1086 4047 1168 4125 ἔδοξε
