2586 4822
148 814 221 860 bvlll
536 844 539 855 ·
556 812 583 863 8.
598 810 751 863 -tvttttth'tt

148 971 256 1034 sallent.
278 987 329 1027 nos
351 985 401 1044 pro
415 969 505 1033 Patre,
528 969 567 1027 nti
583 984 632 1041 par
646 976 713 1033 erat,
735 965 923 1041 pugnavimus,
946 973 975 1021 et
988 980 1088 1025 causae
1101 974 1160 1023 tuae

147 1055 331 1114 detonsionem
353 1055 533 1127 suscepimus.
563 1053 680 1109 Proinde
701 1068 753 1108 nee
775 1060 805 1106 tu
826 1068 860 1107 en
880 1050 940 1107 sala
955 1049 1050 1108 auditu
1065 1050 1162 1109 absan-

147 1152 190 1199 toa
210 1141 338 1198 damnare
358 1139 486 1205 debuisti,
508 1155 579 1214 qnos
600 1152 779 1212 nequaquam·
793 1145 824 1192 tu
845 1136 904 1211 ipse
919 1135 1002 1193 certis
1016 1151 1162 1211 amanen·

148 1228 183 1284 tis
204 1226 331 1283 inductos
351 1225 515 1288 capaicores,
538 1239 589 1279 neo
610 1222 742 1279 eiusmodi
763 1222 1002 1295 gratiam-release
1015 1221 1164 1280 laudatori-

146 1311 199 1369 bus
222 1312 285 1368 tuis.
315 1311 449 1369 Posthaec
470 1308 636 1382 Epiphanius
657 1307 744 1363 lenius
767 1322 830 1363 eum
851 1307 995 1370 allocutus,
1023 1314 1082 1364 turn
1104 1307 1164 1381 qui-

147 1396 209 1455 dem
236 1395 270 1451 ab
298 1412 329 1453 se
355 1394 471 1458 dimisit,
504 1392 577 1449 breui
603 1401 694 1449 autera
723 1392 865 1449 interiecto
894 1401 1018 1466 tempore
1048 1392 1163 1467 Capram

147 1481 286 1556 nauigauit,
301 1496 360 1536 vseat
381 1479 456 1554 quod
472 1477 785 1551 Constantinopolitanae
797 1477 977 1551 protectionis
991 1476 1082 1551 ipsum
1098 1492 1165 1551 poe-

149 1567 256 1630 niteret,
280 1582 328 1621 seu
351 1564 424 1640 quod
447 1564 518 1620 bens
542 1563 651 1620 oraculo
674 1563 762 1636 ipsum
777 1562 970 1627 admonuisset,
994 1570 1164 1635 momentano

149 1651 200 1725 ipsi
226 1667 303 1707 suam
332 1653 375 1715 (nt
402 1648 544 1707 verisimile
572 1654 627 1720 est)
660 1648 887 1722 praenuntiasset.
930 1648 1075 1704 Gestorum
1104 1662 1163 1704 curn

148 1752 242 1793 navent
264 1750 465 1792 conscensurus
486 1740 570 1799 esset,
592 1733 736 1807 episcopis,
758 1733 806 1808 qui
827 1734 915 1807 ipsura
938 1731 971 1789 ad
985 1732 1064 1788 littus
1079 1746 1164 1807 nanae

149 1822 286 1896 prosecuti
315 1821 438 1885 luerent,
467 1819 565 1876 dixisse
588 1818 690 1876 lertur:
719 1818 817 1875 Urbem
839 1816 915 1874 vobis
938 1826 966 1873 et
987 1816 1118 1891 palatium
1138 1824 1164 1873 et

148 1922 256 1963 scenam
285 1905 425 1987 relinquo;
461 1921 513 1978 ego
540 1920 605 1961 vero
632 1903 763 1961 altscado:
799 1904 896 1960 lestiao
924 1903 1011 1965 enim,
1048 1911 1077 1959 et
1104 1902 1166 1976 qai·

149 1991 209 2047 alent
232 1990 332 2047 valde''.

234 2079 284 2134 lb.
315 2073 414 2130 “Aliud
429 2083 569 2148 praeterea
583 2074 720 2149 quidpiam
735 2072 831 2138 andivi,
854 2072 928 2149 quod
942 2072 1093 2129 inultorum
1107 2088 1167 2128 ser·

148 2160 275 2217 monibus
307 2160 453 2215 etiamnum
483 2159 686 2225 circumfertur,
723 2159 849 2215 loannem
878 2158 987 2232 quidem
1016 2157 1166 2232 Epiphanio

148 2245 312 2321 praedixisse
339 2243 413 2300 illurn
443 2243 470 2300 in
498 2244 668 2318 navigatione
693 2261 755 2300 csse
776 2245 954 2308 moriturum,
984 2240 1165 2316 Epiphaniam

134 2339 239 2387 antean
262 2329 468 2403 praenuntiasse
490 2329 581 2385 loanni
597 2328 793 2399 abdicationem
809 2330 991 2403 episcopatus.
1021 2327 1089 2384 llam
1105 2327 1165 2384 dau

147 2416 219 2472 inter
240 2431 271 2471 se
292 2413 467 2478 dissiderent,
498 2414 662 2489 Epiphanius
688 2414 798 2487 paridem
820 2415 913 2470 loanni
934 2413 1080 2487 scripsisse
1101 2412 1167 2469 alici-

149 2510 209 2557 tur:
232 2500 320 2574 Spero
343 2509 371 2559 tu
390 2511 561 2574 nequaquam
584 2500 743 2573 episcopam
764 2501 935 2555 moriturum.
965 2499 1082 2555 loannes
1105 2514 1167 2555 asro

148 2586 288 2660 rescripsit
303 2584 467 2659 Epiphanio:
481 2584 547 2641 liae
569 2601 620 2658 ego
642 2600 723 2658 spero
746 2593 774 2641 te
796 2585 823 2641 ia
846 2584 942 2640 urbem
964 2593 1039 2640 tuam
1062 2583 1168 2641 reditu·

149 2688 208 2728 rum
237 2671 324 2727 esse”.
370 2669 441 2726 llaec
462 2670 646 2735 Soaomeaus,
675 2670 835 2727 Historiam
862 2686 937 2725 onem
960 2669 1038 2724 annis
1060 2669 1169 2725 circam

149 2756 258 2830 triginta
281 2764 344 2829 post
366 2754 508 2829 Epiphaaii
530 2754 632 2812 obitum
655 2754 793 2822 scribaos3
817 2756 861 2811 cui
882 2754 978 2811 similia
999 2753 1098 2810 iisdem
1112 2753 1167 2809 leta

148 2840 237 2897 verbis
265 2839 347 2896 hahet
368 2841 495 2897 Socrates
517 2839 563 2896 lib.
581 2841 611 2896 l'l
634 2856 694 2914 cap.
708 2843 759 2906 lde
788 2840 860 2915 paris
887 2839 967 2914 pleae
994 2854 1059 2895 cam
1081 2838 1167 2895 Sora·

148 2942 228 2982 menno
251 2925 346 2981 aetatis
368 2925 493 2999 scriptor,
521 2935 549 2982 et
570 2942 602 2981 er
623 2941 679 2999 quo
701 2940 777 2981 suam
801 2926 856 2982 lara
879 2925 1038 2980 Historiam
1059 2932 1168 2980 multta-

149 3018 193 3065 tus
215 3010 383 3066 sozomenus
412 3010 541 3068 creditur.
585 3010 739 3066 Sonomeno
768 3019 856 3067 tamea
883 3005 1012 3067 liheatius
1036 3026 1106 3065 ustas
1126 3006 1167 3065 laic

149 3110 224 3158 soro,
254 3111 308 3150 noa
338 3094 399 3167 quia
423 3095 596 3152 Salaminium
626 3112 687 3151 euna
716 3094 799 3152 luisse
821 3096 917 3158 credo,
948 3095 1019 3151 sicut
1042 3094 1168 3169 opinator

148 3177 319 3253 nicaphorus
346 3179 444 3255 aliique
472 3190 536 3254 post
563 3197 642 3248 euim
670 3197 731 3237 cum
759 3182 818 3254 ipse
850 3179 897 3236 lib.
916 3180 935 3234 l'
956 3196 1017 3253 cap.
1032 3182 1068 3237 lb
1099 3176 1166 3236 hand

148 3263 265 3321 obscure
293 3264 393 3320 indicet
415 3281 445 3320 se
467 3265 673 3330 Palaestiaiom,
703 3282 735 3323 ea
757 3266 815 3322 sico
837 3265 952 3339 quonlam
976 3264 1049 3321 iuxta
1071 3264 1166 3320 (tam

148 3350 193 3407 cui
220 3365 319 3406 nomen
342 3348 476 3416 llethelia3
507 3351 555 3408 seal
582 3352 645 3424 quia
671 3350 723 3407 iam
745 3352 807 3409 inda
829 3349 863 3405 ab
885 3350 1070 3407 adolescentia
1092 3348 1167 3406 lati-

148 3433 251 3491 liatiter
271 3451 333 3491 corn
356 3435 494 3492 monachis
514 3435 550 3493 ibi
572 3435 741 3501 celebribus,
769 3434 912 3492 Hilarionis
934 3435 1075 3508 discipulis
1097 3434 1168 3491 sui*

149 3536 203 3594 que
225 3529 256 3576 ut
277 3520 384 3576 videtur
404 3521 622 3595 consanguineis,
645 3530 783 3588 versatum
806 3521 946 3577 Salamane
968 3519 1085 3581 scilicet,
1108 3534 1166 3576 anta

149 3620 205 3677 quo
227 3621 371 3661 commune
393 3622 491 3662 nornen
516 3605 609 3662 babuit
625 3605 777 3672 (dicebatur
792 3606 873 3670 enirn,
896 3606 935 3663 uti
951 3604 1068 3662 Photius
1083 3612 1166 3665 notat.

151 3688 326 3746 “Salamanes
349 3690 472 3747 llermiaa
493 3692 689 3754 Soaomeans,''
712 3691 787 3765 qarod
808 3690 875 3747 alios
898 3690 1015 3763 decepit,
1040 3699 1071 3747 nt
1093 3689 1168 3755 Sala·

149 3773 261 3829 minium
283 3775 438 3847 crederent)
461 3777 574 3850 eiusque
597 3776 868 3840 lratribnsl'uscoae,
892 3774 1045 3831 llalchione
1068 3784 1096 3831 et
1111 3774 1170 3830 cn·

148 3856 259 3931 spicae,
283 3875 399 3932 quorum
422 3869 577 3933 postremus
600 3860 628 3917 S.
645 3861 794 3935 llpiphsain
816 3861 982 3924 adhaerens,
1004 3861 1033 3916 in
1056 3874 1169 3917 maome

148 3942 327 4000 archidiaconi
345 3943 577 4019 Constantinopoli
599 3955 662 4002 ante
683 3946 772 4019 ipsum
795 3945 872 4010 obiit,
896 3953 926 4002 ut
945 3961 1028 4019 snpra
1045 3945 1169 4001 uidimus.

147 4028 257 4085 Accedit
285 4027 358 4102 quod
380 4029 485 4086 Socrati
514 4031 642 4087 nonnulla
665 4032 745 4087 ctiam
768 4031 812 4087 liic
834 4030 966 4088 addiderit
987 4030 1169 4092 Soaomenua.

148 4122 177 4170 et
196 4113 350 4172 accuratius
371 4113 460 4189 aliqua
480 4114 603 4173 uideatur
623 4116 748 4174 edidisse.
778 4115 902 4175 Notabile
925 4123 967 4174 est
989 4124 1083 4174 tamen
1098 4114 1172 4191 qood
