2586 4822
93 39 1291 339 ..W—

525 844 633 895 rensm
651 844 799 925 cursous..
1108 835 1167 899 177
1202 830 1231 889 u

613 936 635 973 ‘s
772 926 817 976 ἡ

142 995 286 1070 principes
308 999 470 1063 extiterunt,
503 998 574 1055 Nero
597 997 702 1055 scilieet
724 1008 807 1074 atque
829 999 1007 1061 boninanus.
1050 1003 1120 1060 Sunt
1142 1015 1170 1062 ct

141 1081 190 1137 aiii
213 1082 357 1155 smaragdi,
380 1101 452 1139 unus
474 1084 583 1156 quidem
608 1085 633 1139 in
654 1082 755 1150 iutiia‘t
771 1085 852 1141 nimis
869 1082 1024 1144 Neroniano
1039 1089 1170 1145 consimi-

96 1174 131 1225 12
143 1165 195 1222 iis:
219 1164 289 1222 alter
310 1184 373 1225 vero
397 1167 423 1223 iu
439 1168 591 1241 Aethiopia,
615 1169 660 1243 qui
685 1178 713 1225 et
735 1169 762 1225 iu
778 1169 881 1225 Phison
896 1170 1008 1227 humine
1024 1172 1168 1245 reperitur.

148 1250 228 1307 Unde
250 1250 338 1308 divina
360 1269 471 1327 quoque
493 1253 632 1325 Scriptura
645 1253 774 1309 sermoni
798 1264 892 1310 nostro
916 1257 1041 1328 congruit
1062 1256 1169 1314 dicens:

145 1335 258 1392 Phison
279 1337 340 1409 ipse
363 1346 412 1401 ert,
434 1338 483 1410 qru‘
505 1339 605 1394 circuit
628 1354 735 1393 orarem
757 1348 861 1394 terram
875 1339 982 1404 Eiectat.
1069 1342 1110 1397 a'bi
1123 1344 1194 1403 irs-⁶

142 1422 261 1476 venitur
282 1422 358 1494 iupis
377 1421 553 1495 prosiour').
584 1422 638 1479 Sed
661 1432 688 1478 et
711 1422 906 1480 carbunculum
930 1424 982 1480 illic
1005 1443 1066 1483 csse
1084 1435 1171 1483 testa·
1217 1458 1255 1519 ,g

142 1514 200 1562 tur.
229 1504 282 1564 Hic
303 1516 394 1563 autem
413 1508 513 1564 Phison
537 1507 676 1563 aGraeeis
699 1507 808 1582 quidem
831 1508 912 1565 ludus
935 1509 1032 1566 fluvius
1055 1511 1168 1579 diuitum
1231 1504 1239 1521 ²

140 1588 307 1647 absorberis
335 1609 398 1648 vero
428 1602 456 1648 et
479 1592 592 1648 Eriiaeis
614 1591 826 1663 barimanasi²¹),
856 1593 889 1649 ab
913 1594 985 1650 indis
1009 1605 1170 1668 quoquest

139 1674 276 1749 Bngeis')
306 1675 413 1750 Ganges
442 1675 610 1750 appellatur,
647 1676 795 1750 pluresque
828 1678 993 1734 Graecorum
1022 1679 1170 1752 scriptores

142 1759 267 1832 Gangem
290 1761 400 1816 nuvium
423 1761 532 1818 nomine
554 1762 607 1817 isto
626 1762 866 1834 cognominant't,
890 1765 936 1836 qui
951 1772 1092 1837 permanat
1108 1765 1211 1824 uui-m

142 1861 251 1900 versam
276 1856 374 1900 terram
396 1846 489 1901 Evilat.
534 1846 658 1902 Eiuiaeos
681 1855 771 1901 autem
795 1846 887 1902 dicunt
911 1848 1054 1904 interiores
1077 1848 1167 1905 latios.

101 1928 249 1985 t3Gireuit
271 1939 298 1985 et
320 1931 504 2004 Aethiopiam,
533 1947 602 2004 quae
632 1939 744 1987 vocatur
767 1931 946 1987 Occidentalis
969 1943 1050 2005 atque
1072 1950 1168 2007 magna

149 2014 303 2087 Aethiopia,
326 2023 354 2071 et
376 2014 439 2071 binc
462 2016 489 2071 in
506 2015 641 2071 Oceanum
664 2014 809 2087 labiturb:
834 2016 1041 2092 propterquod
1065 2027 1092 2073 et
1107 2035 1169 2074 car-

234 2130 254 2189 Ι)
274 2131 333 2179 Gen.
345 2130 373 2191 il,
388 2130 424 2180 12.
463 2132 578 2194 Sequitur
595 2138 675 2179 autem
695 2131 841 2195 Epiphanius
859 2132 993 2180 versionem
1013 2133 1077 2181 LXX.

140 2245 449 2259 ——-—————-

230 2319 247 2367 ti
270 2315 379 2377 Epitome
399 2316 498 2365 Gesneri
518 2317 603 2366 babet:
624 2309 653 2364 ἐν
671 2315 703 2383 τῇ
720 2307 847 2379 Ἰουδαίᾳ.

230 2385 254 2439 u)
273 2384 337 2440 Quid
356 2385 402 2433 boc
419 2385 520 2433 monstri
540 2386 594 2433 esti
630 2386 703 2434 ludus
722 2386 806 2434 fluuius
826 2399 838 2433 a
858 2393 939 2434 monte
959 2385 1111 2447 Parapamiso
1131 2401 1170 2435 cr-

153 2449 222 2498 onitur
239 2451 321 2512 Plinio,
348 2452 407 2501 Mela
426 2453 528 2515 aliisque
547 2453 689 2517 geographis
707 2454 860 2502 testantibus.
897 2453 947 2502 Sub
967 2454 1011 2501 boc
1030 2462 1111 2502 monte
1127 2453 1170 2502 Pa·

157 2519 349 2577 rupamisodarum
368 2521 432 2582 regio
452 2529 516 2581 erat,
536 2535 578 2570 seu
597 2523 670 2571 mavis
689 2520 942 2582 Paropnmisadarum,
960 2529 1001 2569 aut
1021 2521 1170 2584 Paropanisi·

160 2581 243 2635 iarum:
263 2602 333 2637 mons
351 2590 422 2650 enim,
441 2589 506 2638 unde
523 2591 615 2650 regioni
635 2603 735 2650 nomen,
758 2590 943 2651 Paropamisus,
962 2597 986 2637 et
1005 2589 1170 2651 Parapamisus

163 2648 262 2704 inuenitur
278 2657 420 2720 appetimus,
440 2671 533 2705 necnon
552 2660 715 2721 Paropanisus,
738 2665 762 2705 ct
780 2664 904 2705 contracta
922 2671 980 2704 voce
998 2656 1138 2720 Parpoaisur
1156 2671 1169 2707 a

168 2716 259 2784 bimum
275 2725 377 2774 stuba.
414 2726 497 2788 itaque
521 2740 576 2774 cum
602 2725 730 2774 interiores
750 2725 822 2773 indos
841 2725 886 2773 suh
905 2724 1053 2773 Eviiaeornm
1072 2725 1170 2773 nominc

169 2784 262 2851 inteliigat
285 2792 447 2855 Epiphanius,
476 2795 499 2842 ni
526 2792 610 2854 iubar,
638 2793 815 2842 restituendum
842 2799 880 2841 est
898 2794 1000 2842 Eoiiacis
1018 2793 1168 2856 Paropanisi,

170 2866 235 2918 nempe
253 2861 315 2909 indis
334 2862 362 2910 ad
382 2862 476 2910 radices
496 2862 643 2924 Paropamisi
663 2861 833 2910 habitantibus.

232 2929 251 2982 si
268 2928 388 2992 Numquid
408 2931 524 2979 Eureeis?
560 2930 624 2977 Gens
643 2930 715 2978 huius
734 2928 838 2977 nominis
855 2928 880 2976 in
899 2928 1038 2977 Marmarica
1057 2928 1169 2976 mediter·

171 2999 224 3040 num
238 2995 343 3057 degebat.
362 2997 500 3046 Ptolemaeo
519 3005 588 3046 teste.

233 3070 260 3117 wi
284 3066 367 3114 Mirum
392 3066 491 3114 minime
516 3072 553 3114 est
572 3064 731 3127 Epiphanium
756 3071 855 3126 putasse
875 3063 962 3112 Phison
981 3076 1036 3111 esse
1055 3062 1168 3124 Gangem,

173 3127 236 3176 etenim
257 3132 365 3196 plerique
388 3142 494 3182 ueterum
512 3132 616 3196 idipsum
635 3139 778 3191 senserun13
804 3131 847 3180 sed
867 3131 938 3195 piane
956 3133 1043 3179 mirum
1062 3138 1086 3178 et
1104 3131 1169 3178 iaso·

172 3186 210 3238 bas
223 3207 254 3247 est
263 3201 366 3262 Gangem
384 3201 473 3251 iecisse
491 3215 565 3250 unum
584 3200 744 3262 eumdemque
762 3201 859 3248 fluvium
878 3214 932 3248 cum
953 3198 1020 3247 indo.
1055 3198 1169 3261 Suspica-

172 3269 201 3305 Μ
217 3273 347 3318 senteutiam
372 3270 401 3317 ah
427 3269 556 3331 interprete
581 3276 718 3331 corruptam
742 3268 834 3328 tuisse,
858 3267 901 3316 scd
926 3267 1088 3329 suspicionem
1108 3265 1168 3315 banc

171 3331 327 3386 baubantur
345 3338 406 3386 niter
424 3337 549 3399 Epiphanii
569 3337 637 3395 iiber,
657 3350 743 3398 nempe
757 3340 892 3395 inroratus,
914 3335 954 3383 ubi
973 3349 1071 3397 quoque
1090 3330 1114 3395 ἦ.
1126 3332 1168 3383 58.

173 3391 248 3451 iuretur
264 3405 350 3454 Phison
369 3409 399 3454 ub
418 3406 482 3453 indis
501 3413 525 3453 et
544 3405 700 3466 hetbiopibua
720 3405 824 3461 Gangem
844 3403 898 3462 uici,
918 3402 1043 3451 aGraecis
1062 3416 1116 3450 uero
1131 3403 1168 3450 lu·
1248 3430 1257 3449 .

172 3461 219 3514 tua,
247 3471 317 3522 Porro
336 3473 470 3536 Epiphanio
494 3474 588 3535 turpius
607 3473 691 3520 errarit
711 3471 853 3533 Caesarius,
879 3471 919 3534 qui
938 3472 1036 3533 Piniopa
1055 3469 1078 3518 3.
1104 3483 1168 3532 resp.

97 3552 100 3559 ·
172 3529 214 3580 lii.
233 3553 276 3589 non
300 3540 378 3591 seium
398 3542 502 3602 Gangem
521 3548 545 3588 et
563 3539 661 3598 indum,
687 3540 730 3588 sed
749 3541 836 3588 istrum
854 3553 951 3603 quoque
970 3553 1013 3587 seu
1033 3538 1168 3586 Danubium

169 3601 270 3656 curuatis
286 3609 384 3669 dicens,
409 3610 495 3658 Phison
514 3609 545 3656 ah
564 3608 628 3656 indis
648 3615 671 3656 et
688 3608 846 3671 Aethiopibus
866 3608 970 3668 Gangem
990 3620 1044 3655 esse
1062 3605 1168 3668 eppeha-

168 3675 212 3784 'rm'
227 3675 307 3726 btrum
326 3686 351 3726 et
368 3677 453 3727 iudum
471 3692 484 3727 s
505 3677 611 3738 Gruecis,
630 3677 660 3724 ab
679 3677 763 3741 illyriis
783 3684 806 3724 ct
825 3676 932 3738 Ripianis
952 3675 1070 3736 Danubio,
1088 3689 1101 3723 a
1121 3672 1168 3723 Go-

167 3738 204 3783 hu
219 3741 355 3795 boonsutin.

231 3814 364 3869 r)·Eadem
383 3815 406 3863 in
425 3815 536 3863 hararum
555 3820 699 3862 occurrunt:
728 3812 770 3860 Hic
788 3813 857 3861 orabit
875 3814 991 3871 reqioaem
1009 3811 1100 3861 Eriiath
1117 3825 1167 3857 mo·

161 3875 219 3925 iomar
241 3885 345 3933 videlieet
363 3899 390 3932 aa
407 3884 532 3939 mirarem,
557 3888 668 3945 quaeest
687 3881 990 3942 Eiimaeoramprouiuaio,
1019 3894 1045 3928 uc
1062 3891 1168 3938 maqnom

160 3947 283 4011 tibique
299 3959 422 4013 penetratis
440 3950 471 3999 ud
489 3956 593 3999 austrum
611 3950 705 4007 inbitur,
726 3957 748 3996 et
766 3950 827 3997 iutra
838 3947 911 3996 Gades
930 3949 953 3995 ia
973 3949 1085 4009 iapeateat
1096 3945 1167 3993 Ocea·

156 4028 201 4061 rso
215 4020 317 4081 erumpit.
354 4017 465 4066 baiioeus
483 4018 515 4066 Pe
533 4032 577 4066 usu
595 4018 686 4066 Petrum
704 4013 796 4078 pret.
819 4014 905 4063 Petavii
924 4021 980 4061 notu
999 4010 1167 4073 geographiam

154 4081 213 4130 insu
231 4087 355 4136 mirificam
373 4093 397 4135 et
413 4084 542 4134 absurdum
561 4083 665 4134 dicentis
683 4083 797 4143 abutitur,
815 4081 886 4132 veluti
906 4095 957 4141 sua,
978 4089 1003 4128 ut
1021 4081 1044 4128 S.
1064 4078 1167 4142 Epipha-

152 4148 183 4197 aii
198 4156 360 4205 auctoritatem
379 4153 485 4214 minuat,
505 4159 529 4201 at
547 4166 601 4202 sero
621 4165 703 4215 parum
722 4152 818 4214 proiicit
837 4150 987 4206 haereticus,
1006 4161 1085 4210 neque
1104 4148 1168 4197 enim

195 4235 338 4291 Epiphanius.
363 4230 396 4275 tv.
412 4234 432 4274 1.
983 4230 1013 4280 12
