2586 4822
148 742 209 817 tot
567 752 570 756 “
602 752 718 812 mrtru
753 772 756 777 ·

145 913 318 999 προειρήκει
341 912 552 986 ἐπιδείξασθαι
574 912 630 992 τὴν
652 919 768 974 καῦσιν.
811 915 850 971 tt
871 916 940 972 haec
962 918 1025 993 quis
1049 917 1173 993 Scalige-

146 1024 208 1064 rnm
231 1005 332 1070 docuit,
358 1005 395 1063 15
418 1004 511 1059 luliani
533 1004 650 1068 mensis,
680 1004 733 1058 hoc
755 1011 797 1058 est
817 1001 891 1064 lulii,
920 1018 977 1058 non
1001 1013 1096 1060 autem
1117 1005 1172 1060 ln·

147 1092 230 1157 naris,
255 1091 423 1164 olympiacos
445 1089 506 1144 illos
529 1104 630 1160 agones
653 1088 686 1144 de
709 1103 785 1143 more
805 1085 956 1143 celebratos
972 1087 1057 1144 esse‘l
1087 1088 1169 1158 Quam

147 1176 216 1233 haec
237 1193 304 1231 vana
327 1183 354 1231 et
376 1167 556 1249 ἀνάρμοστα
578 1173 632 1228 sint
654 1189 736 1229 nemo
758 1187 813 1227 non
830 1171 910 1227 videt.
942 1172 1023 1229 Certe
1041 1173 1170 1231 Calvisius

131 1248 332 1336 'olympiadem
354 1259 426 1314 illam
450 1259 509 1315 236
532 1259 646 1331 Augusti
669 1258 724 1322 llll,
747 1274 801 1313 non
823 1255 890 1314 lulio
913 1267 1054 1330 peractam
1078 1259 1170 1316 existi·

147 1347 229 1403 mat.
257 1345 308 1414 Qui
337 1351 364 1400 et
391 1344 449 1416 ipse
476 1352 566 1398 tamen
596 1342 693 1415 puerili
715 1358 827 1416 prorsus
851 1358 944 1397 errore
966 1343 994 1398 in
1016 1343 1064 1399 illa
1087 1343 1168 1400 Pere-

148 1431 219 1506 grini
246 1429 359 1485 historia
387 1445 448 1483 sese
471 1426 602 1491 traduxit,
633 1426 696 1482 dum
719 1427 814 1483 scribit
835 1426 1014 1500 Peregrinum
1039 1428 1169 1485 Christia-

148 1531 214 1572 num
237 1530 299 1570 esse
320 1514 419 1569 lactum
442 1529 512 1568 anno
529 1512 627 1567 Christi
642 1515 690 1576 73,
711 1512 815 1585 Olymp.
833 1513 903 1570 213.
934 1513 963 1567 ln
987 1530 1044 1586 quo
1061 1524 1166 1570 centurn

148 1597 345 1673 propemodum
381 1598 457 1652 annis
491 1596 614 1652 aberrat:
647 1614 708 1652 nam
736 1597 874 1671 Peregrini
907 1613 983 1652 mors
1016 1598 1111 1655 incidit
1138 1600 1165 1654 in

149 1683 254 1757 Olymp.
273 1684 349 1746 236,
380 1699 479 1737 annum
502 1681 601 1737 Christi
630 1684 696 1738 165.
742 1682 810 1737 Vixit
837 1691 927 1738 autem
950 1680 1068 1738 Herodis
1090 1680 1165 1739 tinet

148 1776 274 1842 tempore
302 1767 352 1822 sub
376 1767 409 1821 bl.
426 1767 534 1822 Aurelio
556 1769 708 1830 Antonino,
739 1776 770 1824 ut
797 1784 829 1822 er
857 1766 1025 1824 Philostrato
1055 1768 1106 1825 ll
1132 1766 1163 1823 de

120 1887 123 1892 -
149 1853 201 1909 Vit.
225 1853 309 1926 Sopb.
334 1853 361 1908 in
384 1852 491 1907 llerode
513 1851 663 1925 colligitur,
688 1867 738 1908 nee
761 1869 816 1907 non
839 1861 866 1907 et
889 1869 921 1906 ex
943 1851 1065 1909 Lucieno
1085 1853 1112 1908 in
1131 1851 1164 1908 il·

148 1938 202 1994 lius
223 1938 285 1993 vita.

235 2014 313 2077 κατὰ
330 2013 494 2093 Ἑβραίους
516 2014 720 2095 Μαρεσουάι]
752 2020 917 2095 Epiphanius
941 2019 1043 2080 Christi
1066 2022 1164 2097 baptis-

148 2122 222 2162 mum
246 2106 365 2178 assignat
387 2106 411 2161 ei
434 2122 521 2169 anno,
551 2106 597 2179 qui
621 2105 696 2161 Coss.
720 2104 815 2161 hahuit
837 2105 971 2162 Silvanum
997 2117 1024 2164 et
1047 2108 1161 2172 nemu,

149 2191 196 2266 qui
219 2199 260 2245 est
281 2189 399 2245 lulianus
424 2192 473 2253 73,
497 2188 640 2245 Novembri
662 2206 764 2255 mense,
792 2207 853 2246 cum
878 2193 915 2248 29
940 2209 1037 2257 annos,
1062 2208 1162 2250 menses

153 2278 190 2332 to
213 2275 361 2347 implesset.
392 2273 563 2330 Norilunium
585 2275 703 2331 medium
726 2277 778 2331 hoc
802 2292 872 2331 anuo
895 2276 988 2332 incidit
1010 2279 1038 2333 in
1055 2277 1160 2342 Nor.l'l,

149 2360 224 2416 horis
247 2359 349 2434 aliquot
371 2369 434 2433 post
456 2359 561 2415 initium
584 2360 686 2425 noetis,
712 2360 790 2434 Cyclo
818 2364 864 2418 to.
895 2361 985 2429 Quare
1008 2363 1031 2418 si
1054 2363 1160 2421 Noren-

148 2444 205 2501 bris
228 2445 285 2500 dies
308 2444 362 2499 Vlll
385 2445 576 2500 blarchesuvan
600 2445 697 2500 ludaioi
721 2446 777 2501 dies
801 2455 843 2501 est
866 2446 924 2510 Vll,
953 2447 1104 2504 Neomenia
1124 2450 1161 2505 ln·

148 2529 223 2586 daioa
252 2530 310 2585 iniit
332 2529 397 2585 Not.
421 2530 442 2585 ll
466 2530 536 2585 etV
564 2529 656 2586 solidis
686 2529 781 2586 diebus
809 2530 980 2586 Norilnnium
1013 2534 1159 2590 antecessit.

148 2615 216 2671 Nam
237 2615 343 2671 ludaiee
366 2615 535 2670 Norilunium
563 2614 712 2688 quadrabat
740 2616 766 2670 in
789 2614 947 2671 Novembris
969 2617 1032 2683 Vll,
1063 2618 1126 2675 lenia
1145 2616 1158 2673 l.

112 2722 115 2739 =
149 2700 203 2756 Sed
236 2717 290 2756 non
324 2710 391 2773 puto
424 2707 524 2755 tautam
554 2699 587 2754 ab
617 2698 668 2754 illis
698 2700 892 2755 dissimulatam
921 2701 1006 2758 luisse
1035 2703 1159 2762 Lunaren
1204 2711 1207 2715 ’

148 2778 325 2861 προήγησιν.
369 2785 403 2840 Ει
426 2794 544 2841 erratum
568 2784 691 2840 fortassis
714 2792 770 2848 est,
795 2794 826 2841 ut
848 2802 897 2858 pro
920 2776 1060 2865 ἕβδόμῃ,
1083 2784 1159 2865 τρίτῃ

148 2869 191 2925 vel
213 2862 356 2950 δευτέρᾳ,
384 2869 425 2925 vel
449 2878 524 2925 certe
546 2862 676 2947 τετάρτῃ
697 2869 843 2943 legendum
868 2871 916 2934 sit,
940 2888 995 2944 quo
1019 2872 1161 2930 tolerantis

148 2954 310 3010 Neomeniae
333 2954 406 3010 labes
429 2955 623 3011 intercesserit.
654 2955 722 3022 Quin
747 2963 774 3010 et
789 2953 857 3009 alins
873 2972 950 3010 error
965 2965 1009 3013 est
1025 2958 1051 3014 in
1069 2959 1162 3015 mensis

148 3039 338 3112 appellatione.
382 3037 440 3093 Non
471 3040 540 3094 enim
565 3038 771 3104 blanchesuran,
801 3040 849 3095 sed
872 3039 968 3096 Caslen
992 3059 1054 3099 esse
1078 3043 1163 3110 debet,

148 3123 273 3179 simodo
296 3123 408 3179 Lunaris
432 3123 475 3178 ille
498 3123 598 3179 mensis
622 3124 680 3179 luit.
712 3123 789 3192 Quod
811 3125 919 3196 quidem
941 3125 1003 3181 fieri
1025 3145 1082 3185 non
1105 3137 1165 3204 put·

148 3214 205 3270 eet,
236 3207 259 3261 si
287 3208 394 3278 integer
414 3208 449 3262 sit
471 3208 514 3263 hio
536 3206 677 3280 llpiphnnii
699 3209 775 3265 locus
799 3218 826 3265 et
847 3209 944 3266 ludaici
967 3213 1072 3269 mensis
1095 3221 1164 3270 sealt

146 3288 316 3347 Noviluninm
345 3292 516 3346 commissum
547 3292 636 3347 luerit.
681 3293 750 3361 Quid
778 3294 800 3349 si
826 3303 872 3350 ant
894 3294 984 3351 ludaei
1008 3306 1075 3354 tnnc
1098 3309 1166 3356 tem-

146 3374 236 3449 poris,
267 3383 312 3430 aut
335 3374 501 3448 Epiphanius
528 3377 586 3449 ipse
608 3377 776 3434 Iudaicorum
805 3380 938 3434 mensium
968 3382 1101 3439 vocabula
1123 3385 1168 3440 ln-

146 3459 224 3516 liauis
252 3459 390 3515 mensibus
419 3459 565 3516 tribueritl
607 3465 645 3517 Ac
672 3458 744 3518 tuno'
761 3463 879 3519 October
901 3465 984 3529 Tisri,
1016 3466 1168 3524 November

147 3543 338 3601 llarchesuvan
367 3545 457 3601 luerit.
502 3546 555 3602 Sed
584 3546 664 3602 huius
692 3548 731 3602 rei
762 3557 871 3621 praeter
892 3550 1078 3608 coniecturam
1102 3552 1166 3610 nihil

147 3628 288 3686 habemus.

232 3718 291 3773 447
309 3714 336 3770 b.
366 3706 420 3772 τὸν
439 3707 497 3791 γὰρ
519 3715 642 3792 πρῶτον
663 3709 811 3790 ἐνιαυτόν]
835 3719 929 3775 Priore
944 3720 999 3793 τῆς
1014 3714 1170 3798 κηρύξεως

147 3814 218 3855 anno
240 3801 374 3856 neminem
397 3799 566 3856 adversatum
589 3817 650 3855 esse
673 3800 780 3856 Christo
803 3821 892 3877 neque
914 3820 1007 3860 rerum
1031 3815 1090 3872 est,
1118 3823 1169 3864 ne·

147 3901 201 3958 que
229 3901 260 3940 ex
282 3884 438 3958 Epiphanii,
466 3885 508 3941 vel
535 3901 630 3941 eorum
653 3885 789 3952 omnium,
819 3889 864 3963 qui
888 3890 938 3943 tria
961 3888 1094 3947 duntaxat
1115 3892 1197 3948 Pa·-

147 3969 239 4026 aclrata
262 3978 413 4034 numerant,
437 3970 564 4043 opinione
587 3970 691 4026 delendi
713 3980 815 4043 potest,
839 3982 870 4030 ut
891 3974 924 4028 ad
948 3989 972 4029 c.
987 3976 1028 4033 28
1051 3976 1170 4034 demon-

146 4055 286 4122 strabitur,
309 4053 356 4112 ubi
373 4070 442 4130 quae
457 4056 510 4113 hoo
525 4055 585 4113 loco
601 4056 728 4112 dicuntur
741 4055 897 4132 diligentius
914 4060 1076 4119 excutienda
1092 4072 1169 4120 sunt.
