2586 4822
162 802 209 865 ot·
462 813 574 863 rernm
593 811 874 863 intuunvsustonss

162 970 261 1027 Severo
284 970 475 1044 interpretatos
497 985 559 1026 esse
581 967 745 1042 prodiderat.
775 967 832 1039 Ego
846 982 910 1022 vero
925 966 1053 1023 aberrare
1067 968 1178 1040 quiden

162 1055 338 1128 Epiphanium
361 1071 459 1129 negare
482 1070 536 1110 uon
559 1070 687 1126 possum,
718 1053 765 1127 qui
787 1052 920 1108 Seuerum
941 1069 991 1125 pro
1019 1051 1089 1108 l'ero
1113 1068 1180 1127 per-

161 1156 252 1213 peram
274 1140 453 1213 usurpaverit,
477 1138 631 1196 consentire
654 1146 743 1193 autem
766 1153 859 1193 secum
880 1138 968 1210 ipsum
991 1146 1019 1192 et
1040 1137 1068 1192 in
1082 1154 1179 1195 errore

162 1233 330 1281 constantem
353 1242 415 1281 esse
437 1223 566 1287 delendo,
590 1239 645 1277 uno
667 1231 757 1278 tamen
780 1238 908 1295 peccasse
930 1230 1079 1295 praeterea,
1104 1222 1179 1296 quntl

111 1313 188 1382 stop.
200 1311 258 1367 tte
280 1327 342 1366 cum
365 1318 428 1383 post
445 1308 612 1365 Pertinacem
636 1316 663 1363 et
678 1307 806 1363 Severum
830 1309 897 1363 hsec
911 1306 1044 1363 subdidit:
1069 1303 1101 1364 dr
1115 1309 1180 1376 τοῖς

159 1396 216 1451 τοῦ
233 1388 375 1472 Σευήρου
393 1383 517 1468 χρόνοις
534 1385 704 1466 Σύμμαχός
725 1409 770 1459 τις
792 1401 844 1448 etc.
867 1393 1010 1471 nonsatis
1033 1393 1177 1466 expressit.

160 1479 194 1535 de
215 1495 333 1553 quonam
356 1479 455 1535 Severo
478 1478 652 1553 loqueretur,
683 1494 743 1533 cnm
768 1477 836 1534 duos
857 1487 1114 1542 commemorasset,
1136 1478 1180 1535 ai-

160 1580 261 1636 susque
283 1572 325 1619 est
348 1563 420 1619 hand
441 1563 575 1619 inmerito
597 1562 777 1636 posteriorem
800 1562 972 1627 intellexisse,
995 1563 1039 1618 cui
1055 1563 1178 1636 proxime

161 1649 212 1703 ista
233 1647 381 1704 subternis

242 1733 283 1789 Ab
318 1735 368 1790 hac
394 1732 535 1807 Epiphauii
570 1732 779 1788 hallucinatione
808 1748 964 1788 revocemus
992 1732 1110 1788 animum
1143 1733 1178 1791 etl

161 1833 330 1875 communem
353 1818 387 1874 de
410 1819 553 1892 utriusque
575 1817 734 1891 Interpretis
756 1825 844 1873 aetate
867 1817 1036 1873 senteutiam.
1067 1818 1180 1874 lucete-

161 1902 228 1958 rauit
255 1903 326 1959 enim
353 1904 404 1959 iam
427 1892 497 1976 apud
519 1902 686 1959 recentiores
709 1918 803 1958 omnes
826 1903 893 1958 lraec
916 1902 1022 1975 opinio,
1052 1902 1179 1976 Symma-

160 1986 241 2042 chum
263 1997 327 2061 post
348 1987 562 2044 Theodotionem
585 1988 714 2043 extitisse.
745 1986 782 2042 lle
805 2005 859 2059 qno
883 2004 947 2043 sane
971 1987 1015 2042 diu
1038 1988 1179 2062 estquod

160 2071 263 2128 dubito.
308 2072 372 2127 Nam
400 2072 503 2128 nullum
526 2073 597 2128 aliud
618 2063 803 2147 προλήψεως
823 2073 902 2129 istius
925 2082 1113 2144 argumentum
1135 2071 1180 2129 ri-

161 2155 211 2212 deo
240 2173 320 2229 quam
342 2157 484 2230 Epiphaaii
514 2157 699 2214 testimouium
720 2156 804 2222 illud,
835 2174 889 2230 quo
912 2157 1102 2230 Symmachum
1124 2156 1178 2215 sub

161 2240 275 2305 Severo,
305 2241 518 2298 'llreodntiouem
548 2241 599 2298 sub
628 2241 774 2298 Commodo
803 2242 944 2315 scripsisse
973 2241 1072 2298 docuit.
1119 2241 1179 2300 lloc

160 2342 223 2381 vero
245 2326 296 2381 iarn
320 2335 441 2392 extorto,
471 2327 657 2400 quo‘demum
680 2327 740 2382 ireti
763 2327 976 2383 Theodotionem
999 2328 1179 2384 vetustiorem

160 2427 220 2466 esse
242 2410 423 2484 pugnabunt?
464 2414 499 2467 m
521 2430 535 2467 e
557 2412 693 2468 contrario
716 2412 868 2484 Symmachi
891 2413 1007 2484 priorem
1030 2412 1177 2469 editionem

160 2512 228 2559 esse,
252 2496 329 2569 plura
351 2497 415 2552 mihi
437 2497 611 2569 persuadent.
644 2497 777 2570 Imprimis
800 2497 867 2553 ordo
890 2497 943 2560 ille,
966 2514 1047 2569 quem
1070 2498 1098 2552 in
1122 2496 1180 2554 Cu-

159 2579 262 2636 dicibus
289 2581 419 2654 Origenes
446 2582 578 2646 instituit,
613 2582 639 2638 in
669 2581 768 2656 quibus
800 2591 862 2655 post
889 2582 1010 2654 Aquilam
1041 2590 1178 2655 perpetuo

159 2665 335 2739 Symmachus
358 2677 420 2723 ante
442 2667 656 2725 Theodotionem
679 2668 798 2740 ponitur.
844 2667 936 2734 Quod,
966 2667 1015 2722 nisi
1039 2669 1180 2740 antiquior

159 2760 232 2805 esset
253 2750 307 2815 ille,
331 2768 380 2807 cnr
401 2752 437 2807 ita
459 2752 617 2826 disponeret
631 2752 771 2825 Origenes,
795 2768 916 2808 caussam
939 2751 1038 2806 nullam
1062 2751 1180 2808 habuis-

158 2842 209 2888 set.
238 2835 303 2889 llam
325 2835 359 2889 de
382 2836 447 2890 LXX
468 2837 636 2901 senioribus,
659 2852 728 2909 quos
752 2838 871 2892 omnium
894 2837 1092 2892 vetustissimos
1114 2854 1178 2894 esse

159 2918 292 2981 contenit,
316 2935 365 2974 cur
387 2919 503 2975 alienum
525 2922 552 2975 in
568 2921 657 2976 lucum
673 2921 788 2976 coniecti
803 2922 865 2986 sint,
890 2920 923 2976 ab
939 2920 1089 2994 Epiphanio
1105 2922 1178 2979 ratio

159 3001 202 3057 illa
224 3001 353 3067 traditur,
381 3004 456 3075 quod
477 3021 572 3060 eorum
594 2993 796 3077 interpretatio,
821 3014 916 3078 utpote
939 2999 1180 3064 caeterarum're·

158 3087 229 3158 gula,
254 3087 370 3143 medium
393 3088 452 3143 iure
474 3088 562 3144 locum
586 3090 733 3162 occuparit,
757 3099 787 3146 nt
810 3091 875 3146 aliae
898 3108 958 3146 cum
978 3108 1008 3146 ea
1023 3092 1178 3164 comparari

158 3172 325 3228 commodius
360 3181 480 3246 possent.
526 3174 580 3230 Cur
612 3174 694 3247 igitur
725 3175 903 3231 Theodotioni
938 3177 1108 3249 antepositus
1140 3177 1179 3233 sit

158 3256 349 3328 Symmachus.
378 3275 411 3314 ne
439 3259 504 3331 tingi
531 3259 639 3334 quidem
667 3276 763 3315 caussa
785 3260 866 3316 altera
890 3268 996 3333 potest,
1025 3261 1076 3316 nisi
1100 3261 1181 3351 quoq

158 3349 246 3396 aetate
267 3342 320 3397 iste
342 3344 529 3416 praecesserit.
561 3344 639 3412 Quod
661 3345 731 3400 enim
747 3344 907 3419 quibusdam
924 3346 1020 3418 placet,
1043 3345 1105 3400 ideo
1122 3363 1179 3420 po-.

157 3425 300 3482 steriorem
316 3427 495 3484 Tlreodotioni
517 3428 645 3485 tributam
668 3447 728 3485 esse
751 3430 852 3494 sedern,
877 3440 907 3484 ut
922 3430 986 3485 htx
1007 3430 1175 3497 senioribus,

157 3511 382 3583 quemadmodum
398 3512 592 3586 interpretandi
606 3531 716 3587 genere,
740 3515 778 3569 sie
794 3515 888 3570 ordine
904 3515 1072 3587 propinquus
1088 3526 1175 3581 esset,

156 3594 215 3650 leve
236 3606 293 3661 est,
316 3597 371 3653 imo
393 3598 543 3654 ridiculum.
588 3598 653 3654 Cum
677 3599 746 3654 enim
770 3600 917 3672 prinoipem
940 3599 1005 3655 Lxx
1027 3599 1174 3657 Senioruna

157 3679 301 3736 editionem
324 3681 403 3739 ambo
426 3683 462 3738 illi
480 3683 554 3739 velut
568 3684 713 3756 stipatores
729 3700 759 3738 ac
774 3683 909 3739 lateroues
923 3685 1065 3748 cinaeum,
1083 3694 1181 3742 utram·

157 3766 185 3820 in
206 3775 309 3839 partem
333 3766 525 3824 Theodotionis
548 3768 630 3823 editio
652 3768 837 3833 conterretur,
867 3769 932 3824 nihil
954 3768 986 3823 ad
1009 3771 1177 3844 propinqui-

157 3858 239 3907 tatem
260 3850 392 3907 interluit.
420 3852 449 3907 ld
465 3853 552 3925 ipsum
569 3862 673 3909 veteres
688 3853 781 3908 Patres
796 3854 1014 3909 animadvertisse
1036 3855 1173 3919 sidentur.

156 3936 202 4007 qui
230 3936 257 3991 in
287 3937 528 3992 commemorandis
555 3937 606 3993 illis
629 3937 822 4010 interpretibus
844 3938 1025 3994 'llreodotioui
1046 3940 1175 4013 Symma-

157 4019 236 4075 chum
258 4028 438 4095 anteponuut,
461 4037 522 4077 raro
545 4022 758 4079 Theudotionem
781 4023 952 4096 Symmacho.
991 4022 1045 4080 llec
1068 4041 1103 4081 eo
1125 4043 1175 4082 or·

156 4103 218 4160 dine
238 4106 367 4164 duntaxat
387 4104 533 4181 appellant,
560 4122 621 4162 eum
644 4124 676 4164 ea
698 4107 821 4181 origenis
842 4108 981 4165 codicibus
1003 4108 1174 4184 depromptis
