2586 4822
383 853 423 904 nt
440 852 591 907 misultis
609 854 648 907 El
665 855 863 908 enuntiamus.
1074 842 1133 905 127

112 1009 169 1066 inre
191 999 368 1080 ταλάντων,
388 1008 502 1069 alieuius
525 1011 617 1085 populi
640 1028 671 1068 ae
694 1011 809 1069 tortasse
831 1010 991 1085 Cypriomrn
1013 1029 1135 1069 consuo-

113 1093 222 1157 utine,
244 1094 318 1151 loliis
338 1094 556 1153 tetmdraebmus
578 1097 729 1171 nuncupari
751 1097 850 1170 potnit.
879 1097 1022 1153 Postremo
1045 1114 1134 1170 quan·

113 1179 259 1253 toqntoe·
282 1197 314 1235 ex
332 1178 469 1237 Glossario
485 1181 595 1238 Nemieo
617 1181 682 1241 illud
706 1181 848 1244 babemus.
872 1181 973 1238 Follern
997 1199 1057 1238 esse
1079 1175 1134 1239 tt-

114 1258 168 1340 ιιὴν
196 1257 355 1340 άργιιρίαιν
380 1267 454 1330 125,
483 1284 554 1341 quae
580 1257 721 1339 κεράτια,
751 1267 806 1323 sire
832 1267 942 1339 siliquas
964 1267 1022 1323 auri
1044 1266 1135 1325 vatent

115 1351 184 1411 218.
207 1348 382 1423 eogiuntum
405 1351 502 1424 ecquid
516 1351 657 1447 bpipbapii
680 1350 760 1408 ιιιιΙιιι
782 1350 815 1407 ad
837 1368 896 1407 eam
912 1351 1068 1408 Glossarum
1082 1369 1134 1409 au·

115 1434 271 1491 tboritatem
294 1434 423 1508 exigenda
446 1437 515 1500 sint,
539 1446 569 1493 ut
590 1437 707 1510 primum
730 1452 781 1511 pro
803 1428 859 1493 (laio
881 1429 1037 1512 άργαράων
1057 1436 1136 1510 lega-

116 1537 172 1575 mns
200 1511 273 1594 ρ.κε’
317 1518 384 1576 Τιιιιι
414 1538 463 1595 pro
486 1514 534 1596 αρ’
559 1515 706 1596 δηνάρια,
734 1512 794 1597 σιῆ
816 1514 959 1617 κεράτια,
990 1522 1040 1577 nisi
1064 1523 1135 1578 torte

116 1595 237 1681 κεράτια
259 1605 339 1661 etiarn
363 1598 494 1681 άννάρια
516 1608 699 1663 nominentur.
744 1606 810 1661 Τιιιιι
835 1606 905 1663 enim
929 1605 1012 1662 nortis
1034 1605 1134 1664 Talen-

118 1698 168 1745 tum
196 1701 308 1764 parvum
338 1688 458 1754 (licetne
488 1691 562 1764 quoii
595 1693 653 1749 125
681 1702 827 1767 argenteos
856 1691 974 1748 minutos
1000 1692 1132 1755 eontinet.

118 1784 179 1848 quot
199 1774 286 1831 librae
308 1775 402 1831 maiori
424 1793 455 1832 ao
478 1775 616 1849 ponderali
638 1776 741 1832 talento
764 1775 931 1833 tribuuntur.
975 1776 1057 1832 Sed
1051 1795 1077 1832 ιιι
1100 1776 1133 1833 iis

119 1858 239 1915 omnibns
262 1858 346 1916 nihilo
374 1859 436 1934 plus
470 1859 549 1917 nobis
577 1877 657 1935 otram
681 1878 781 1917 meram
806 1861 989 1919 coniecturam
1011 1879 1042 1917 ac
1065 1859 1134 1918 ‹livi-

119 1944 249 2001 nationem
272 1944 462 2020 permittimus,
485 1963 520 2002 ne
543 1945 603 2021 quis
626 1947 692 2002 baec
714 1963 728 2001 a
752 1945 830 2002 nobis
853 1946 922 2002 bona
947 1946 999 2003 ilde
1014 1965 1045 2003 ac
1060 1947 1133 2003 serio

119 2046 161 2101 pro
184 2030 254 2086 reris
278 2040 305 2086 et
327 2030 472 2106 compertis
495 2030 574 2088 allata
596 2032 760 2104 suspicetur.

195 2112 233 2171 lix
262 2114 294 2171 iis
315 2132 380 2172 vero
402 2116 516 2172 maxime
537 2115 604 2173 illud
625 2117 788 2190 amplector,
818 2115 861 2173 bie
883 2116 999 2172 haereo:
1029 2114 1132 2175 Follern

119 2196 254 2274 lpiplranii
270 2210 429 2276 argenteum
446 2218 506 2258 esse
522 2218 661 2257 nummum
674 2201 790 2258 duorum
802 2210 993 2274 argenteorum
1005 2197 1132 2272 λεπτῶν,

119 2285 156 2358 gui
179 2293 206 2341 et
229 2283 406 2342 mssliarenses
428 2303 489 2342 esse
511 2295 636 2360 possunt,
659 2286 846 2343 aestimatione
861 2304 891 2343 ae
907 2286 1036 2361 pondere,
1060 2304 1133 2360 qaro-

119 2386 169 2425 rum
200 2369 301 2444 singuli
328 2371 420 2427 elecem
450 2370 575 2428 denarios
599 2369 717 2437 habent,
747 2371 784 2427 ita
806 2381 836 2428 ut
859 2370 928 2427 sollis
951 2361 978 2426 κ’
1001 2364 1132 2447 δηνάρια

119 2455 230 2529 rolligat.
254 2472 323 2530 quae
346 2465 388 2512 est
410 2454 585 2533 manuscripti
607 2454 707 2513 codicis
730 2456 796 2531 regii
819 2456 909 2513 lectio.
951 2459 1003 2511 lut
1025 2456 1048 2511 si
1070 2456 1132 2513 vnl-

118 2548 189 2612 gatns
212 2556 344 2597 numerus
366 2538 523 2597 retinendus
545 2542 675 2605 videatur,
699 2540 813 2616 quilibet
828 2540 987 2596 milianensis
1010 2542 1064 2598 104
1082 2532 1137 2596 de?

118 2625 201 2683 uarios
224 2624 343 2699 colliget,
366 2625 437 2682 loliis
457 2628 527 2685 208.
559 2626 612 2683 Set
636 2626 702 2700 regii
725 2626 825 2682 coelicis
848 2626 998 2682 authoritas
1023 2624 1134 2703 praelef

116 2712 202 2767 ιειιαι.
234 2711 272 2767 lta
296 2710 354 2769 sine
376 2710 433 2769 ullo
455 2711 516 2768 luco
539 2722 565 2768 et
589 2709 756 2785 ambagibus,
780 2728 846 2766 suus
869 2720 911 2767 est
926 2709 1131 2775 obscurissimo,

117 2804 141 2852 ut
161 2795 245 2871 vulgo
267 2795 398 2860 babetur.
428 2794 570 2871 bpipbauii
592 2797 654 2853 loeo
678 2797 821 2853 restitutus
844 2796 924 2852 nitor.
969 2794 1027 2853 lloc
1048 2794 1133 2871 igitur

117 2881 232 2938 contenti
255 2881 348 2946 simus,
371 2880 434 2938 dum
456 2880 528 2939 aliud
550 2898 601 2939 nos
623 2882 747 2946 doceant,
771 2880 816 2955 qni
840 2879 927 2937 omnia
951 2897 981 2938 se
1003 2878 1072 2938 seire
1089 2880 1132 2937 di·

116 2975 174 3022 runt
197 2975 225 3022 et
248 2965 315 3021 mira
338 2965 509 3040 pollicentur.

194 3050 376 3124 [Scripseram
406 3051 438 3107 de
467 3050 622 3107 milliarensi
651 3068 761 3107 nummo
784 3061 811 3109 et
838 3051 977 3124 superiora
1006 3050 1058 3106 iam
1087 3048 1131 3106 illa

116 3144 309 3191 tommentatus
333 3153 404 3192 eram
428 3153 459 3193 ex
481 3135 618 3193 veteribus
641 3135 670 3191 P.
688 3135 823 3192 Sirnroneli
846 3135 964 3200 Glossis,
996 3152 1063 3208 quas
1086 3134 1131 3191 ille

115 3218 260 3277 ttmtdtaus
282 3238 313 3277 ac
335 3220 442 3277 mutilas
459 3221 560 3277 bornae
582 3221 771 3294 descripserat,
795 3238 857 3275 enm
873 3237 923 3276 nec
939 3221 1048 3293 opinato
1064 3220 1129 3275 mibi

115 3304 221 3363 blossae
245 3305 385 3362 basilieoin
414 3305 519 3362 oblatae
548 3314 628 3369 sunt.
658 3323 672 3361 a
696 3305 791 3362 carolo
815 3304 919 3361 babaeo
944 3305 1011 3361 'ante
1037 3305 1131 3378 plures

115 3406 194 3448 runos
224 3391 327 3456 editae,
359 3407 472 3464 quarum
500 3392 633 3448 haetenus
663 3391 767 3464 copiam
797 3408 850 3446 nou
875 3389 1031 3446 habueram.
1077 3389 1131 3445 llas

115 3490 168 3531 oum
193 3476 269 3532 avide
291 3477 467 3550 perlegissem
490 3485 517 3532 et
531 3492 594 3533 eum
609 3475 746 3551 prioribus
760 3475 813 3532 illis
828 3476 953 3533 conterre
968 3475 1129 3548 coepissem,

115 3574 168 3616 tum
197 3560 249 3617 alia
281 3561 411 3635 pleraque
439 3561 465 3615 in
496 3561 562 3619 istis.
582 3560 695 3627 offendi.
725 3578 794 3635 quae
825 3561 851 3616 in
881 3560 981 3616 nostris
1004 3559 1131 3617 extabant

114 3643 277 3719 (quanquam
305 3646 331 3701 in
363 3646 453 3701 multis
483 3646 597 3702 alterum
626 3646 712 3703 altero
736 3646 901 3702 Glossarium
923 3645 1038 3718 amplius
1060 3650 1131 3717 erat)

113 3738 164 3786 tnm
189 3731 265 3787 illum
287 3731 385 3804 ipsum,
409 3746 491 3804 quem
513 3731 648 3806 integrum
671 3730 811 3805 alsoripai
835 3731 868 3789 ele
890 3729 953 3787 lolle
976 3730 1075 3795 locum,
1099 3746 1130 3786 ae

111 3824 250 3888 praeterea
278 3814 314 3872 de
341 3816 486 3873 miliarensi
514 3815 629 3873 alterum
652 3834 716 3872 sane
739 3815 922 3880 luculentum,
953 3817 1047 3889 quiin
1069 3815 1131 3870 Sir·

111 3901 255 3958 nondinae
283 3899 463 3959 desideratur.
508 3900 547 3958 lle
574 3919 630 3977 quo
658 3902 816 3976 prinsquam
843 3918 925 3975 agere
953 3901 1067 3974 incipio,
1096 3899 1131 3955 ele

110 3984 180 4042 lulis
201 3984 373 4043 Glossemate
395 3986 581 4044 admouendus
604 3995 646 4044 est
667 3985 763 4049 lector,
785 3987 917 4060 quaedam
940 3986 966 4043 in
983 3984 1131 4044 babaeaois

110 4068 212 4127 blossis
235 4071 365 4138 mendose
388 4072 504 4146 concipi,
526 4089 597 4147 qnae
619 4088 651 4129 ex
673 4072 774 4128 nostris
796 4072 962 4129 emendanda
977 4079 1050 4126 sunt.
1083 4071 1132 4128 ln·

111 4163 151 4212 ter
170 4172 243 4231 qens
264 4157 441 4232 praecipuum
462 4166 521 4222 est,
550 4157 624 4232 quot
644 4173 787 4232 perperam
810 4156 837 4213 in
859 4156 911 4213 iltis
934 4155 1065 4229 seriptum
1085 4165 1133 4214 ast
