2586 4822
114 842 203 889 mvl
530 840 556 890 S.
575 838 725 892 tunultu!

116 1000 144 1056 iu
167 1012 299 1054 senorum
320 1012 437 1055 numero
451 997 543 1053 vitium
559 1013 621 1053 osse
635 996 745 1071 aliquod
759 1012 840 1053 nemo
856 995 1029 1060 dubitaverit,
1052 996 1141 1070 punio

114 1083 178 1160 qnia
201 1081 381 1157 hieronymus
402 1098 474 1141 auno
493 1084 555 1141 392
577 1082 612 1139 de
633 1081 784 1155 Epiphanio
806 1079 940 1145 scribens,
964 1081 991 1137 id
1014 1090 1069 1146 est,
1089 1081 1142 1138 de·

114 1168 185 1226 eino
207 1176 270 1224 ante
292 1169 351 1225 eius
373 1178 488 1225 mortem
510 1184 599 1231 anno,
622 1167 721 1224 asserit
743 1168 790 1222 “in
814 1176 932 1223 extrema
955 1175 1047 1222 aetate
1068 1168 1137 1223 neit

113 1253 203 1311 aduae
231 1252 332 1310 cudere
360 1252 491 1326 opuscula
499 1253 523 1318 ς’*
552 1251 625 1324 quod
656 1268 737 1308 nemo
759 1262 821 1325 apte
843 1251 1006 1307 intellexerit
1029 1250 1064 1307 de
1086 1252 1138 1308 ho-

114 1339 187 1395 mine
214 1346 324 1395 centum
353 1346 380 1394 et
402 1338 523 1411 quinque
542 1353 628 1393 aranos
650 1346 724 1393 nato.
768 1337 894 1393 Secunde
916 1337 981 1410 quia
1003 1350 1139 1392 meorum

113 1433 225 1481 centum
253 1432 280 1480 et
306 1422 459 1497 quindecim
491 1438 585 1478 senem
612 1438 693 1478 nonno
724 1422 817 1479 credet
839 1422 897 1478 eius
920 1422 1005 1477 luisse
1026 1422 1138 1496 rigoris,

113 1518 147 1567 ut
168 1508 193 1565 ei
214 1507 326 1565 libuerit
341 1507 602 1581 Constantinopolim
624 1507 758 1581 nauigare.
790 1506 881 1563 'lertio
896 1506 959 1581 quia
974 1506 1002 1561 in
1016 1505 1133 1581 dialogo,

113 1592 161 1670 qul
183 1592 217 1649 de
240 1593 297 1649 Vita
320 1593 347 1649 S.
363 1593 471 1649 hannis
493 1591 679 1666 chrysostomi
701 1601 788 1650 exsut
810 1591 862 1651 suli
883 1591 994 1647 nomine
1016 1591 1133 1656 Palladii,

114 1678 191 1752 quasi
218 1694 251 1735 ex
280 1694 407 1734 somnone
433 1676 527 1733 liabito
550 1678 648 1733 Socimi
672 1676 761 1751 Papae
784 1686 921 1751 tempore,
950 1675 1046 1733 idest
1066 1688 1135 1733 anne

114 1765 193 1827 ets.
222 1763 294 1819 inter
315 1762 462 1819 Palladium
486 1762 739 1836 llelenopolitonnm
767 1765 924 1837 episcopum
948 1760 1134 1836 chrysostomi

113 1848 276 1922 discipulum
300 1857 328 1904 et
339 1848 512 1904 'luendorum
535 1848 671 1904 Romanae
693 1847 829 1904 Ecclesiae
850 1848 1005 1910 diaconum,
1028 1847 1136 1909 diciturr

113 1935 188 2008 quod
216 1933 383 2008 Epiphanius
411 1934 541 2007 “triginta
568 1950 616 1990 sex
643 1949 729 1989 annos
758 1933 894 1990 Ecclesiae
921 1932 1056 2006 praefuit,
1085 1929 1134 1989 sxb

113 2018 228 2075 Damaso
249 2028 280 2075 et
289 2019 420 2093 syricio?
442 2034 560 2094 quonum
582 2019 658 2092 prior
678 2034 750 2075 anno
767 2020 827 2077 358
849 2019 950 2090 coepit,
974 2017 1047 2074 alter
1067 2032 1134 2073 anuo

115 2105 176 2181 398
198 2103 288 2160 desiit.
332 2100 478 2160 Numerum
504 2113 595 2160 autem
618 2118 751 2160 annorum
775 2106 814 2161 35
835 2103 943 2177 integre
965 2103 1133 2175 exoletorum

113 2202 176 2244 enm
204 2188 282 2244 initio
310 2189 373 2244 enni
403 2191 442 2246 36
471 2189 494 2244 si
522 2198 631 2253 teneas,
661 2198 752 2245 cetera
779 2187 852 2244 haud
880 2187 1055 2245 incommode
1076 2202 1133 2244 ωι

113 2273 226 2330 veritate
248 2273 415 2337 consistent:
439 2274 474 2329 ita
497 2282 528 2329 ut
550 2273 646 2330 aetatis
668 2291 734 2330 suae
755 2286 827 2330 anno
844 2275 883 2332 96
899 2271 1000 2329 obierit
1015 2281 1132 2334 sanctu

113 2358 258 2434 solumque
286 2374 319 2414 en
340 2358 391 2416 levi
413 2359 495 2414 unius
516 2358 623 2415 litterae
645 2374 754 2423 errore,
783 2375 838 2433 qino
861 2351 899 2413 ve‘
922 2358 1067 2431 scnnoerit
1086 2356 1135 2415 ali·

113 2445 176 2519 quis
198 2460 247 2516 pro
270 2437 310 2498 λε’
333 2445 483 2517 perductus
504 2443 587 2500 luerit
601 2447 729 2500 letomm
752 2454 848 2500 auctor
870 2443 896 2499 iu
919 2442 1055 2499 calculum
1070 2442 1137 2499 adeo·

114 2527 320 2585 exorbitantem.
362 2529 407 2585 Sic
429 2544 493 2585 vero
515 2528 566 2585 diei
589 2529 690 2603 poterit
711 2528 887 2603 Epiphanius,
910 2544 982 2584 anne
1008 2529 1071 2585 368
1091 2527 1135 2583 iu·-

114 2623 206 2678 eunte,
230 2614 317 2670 laetus
338 2614 499 2688 episeopus,
524 2622 551 2670 et
573 2630 646 2671 anno
669 2616 729 2673 308
751 2622 842 2670 natus.
882 2613 921 2669 lle
942 2629 1000 2686 quo
1022 2613 1090 2669 dum
1108 2612 1134 2669 ie

113 2698 232 2774 synopsi
260 2698 293 2754 ad
315 2697 486 2755 decoratum
515 2699 574 2754 eius
596 2698 712 2772 legitur,
740 2698 814 2774 quod
838 2698 971 2772 “prinnm
995 2696 1134 2754 monartio

113 2784 231 2841 instituti
258 2784 479 2841 exercitationem
508 2785 535 2840 in
557 2787 680 2858 Aegypto
703 2784 838 2858 suscepit,
868 2782 960 2857 ibicme
981 2783 1017 2838 ad
1038 2782 1137 2857 nigesi-

113 2884 188 2926 tnnm
210 2885 298 2942 usque
320 2871 417 2926 aetatis
438 2886 538 2925 annum
560 2870 723 2943 permensit,
751 2869 838 2926 donec
859 2869 892 2924 ad
915 2866 1136 2943 Eleutheropol-

113 2962 204 3010 txnnm
232 2954 371 3028 regionem
400 2970 525 3010 reversus
552 2955 748 3010 monesterium
777 2955 804 3011 in
827 2970 858 3010 ea
880 2952 1031 3017 condidit‚'’
1058 2952 1137 3009 datur

113 3037 227 3112 intelligi
255 3054 326 3095 anno
351 3041 411 3097 329
440 3040 589 3096 excessisse
615 3056 647 3095 ex
669 3043 807 3114 Aegypto,
837 3038 960 3112 adeoque
982 3054 1040 3094 non
1063 3036 1136 3094 saido

113 3123 225 3198 longum
248 3125 332 3182 luisse
345 3133 472 3198 tempus,
495 3141 550 3199 quo
574 3124 610 3180 ibi
631 3125 704 3181 inter
721 3125 870 3180 monachos
884 3123 981 3179 vixisse
998 3121 1134 3197 potuerit:

114 3218 142 3265 et
163 3208 395 3266 denuntiationem
412 3209 483 3265 illam
500 3210 701 3273 Gnosticorum,
724 3209 859 3283 episcopis
875 3206 1053 3265 Alexandriae
1068 3222 1135 3264 cou-

113 3295 233 3369 gregatis
261 3296 374 3357 lectam,
408 3304 471 3368 apte
500 3295 594 3350 referri
624 3311 706 3368 nosse
734 3294 759 3350 in
790 3292 942 3350 ianuarium
969 3294 1036 3350 anni
1065 3294 1133 3354 ³20.

113 3379 222 3455 qnando
244 3389 354 3436 mortuo
368 3380 397 3435 S.
413 3379 563 3435 Alexandro
586 3381 725 3454 episcopo,
749 3379 782 3435 ad
804 3394 992 3448 successorem
1009 3379 1039 3435 S.
1050 3378 1135 3434 Atltx-

112 3465 217 3521 nxsium
240 3463 460 3521 substituendum
482 3474 668 3521 convenerunt
689 3465 820 3538 episcopi.
855 3463 911 3520 Nec
931 3463 1007 3519 enixu
1029 3463 1136 3521 eidetxt

113 3550 259 3607 conuenire
280 3558 311 3605 ut
333 3549 443 3606 biennio
465 3549 546 3606 citius
568 3550 594 3605 id
617 3550 713 3606 iecisse
735 3550 855 3611 dicatur.
878 3557 944 3622 puta
964 3564 1041 3605 auno
1064 3549 1132 3609 3²⁴·

112 3634 221 3708 quando
242 3635 415 3710 praesidente
437 3634 520 3691 llosio
536 3634 705 3693 Cordubensi
728 3633 861 3691 celebrata
877 3643 921 3689 est
934 3633 1058 3706 synodus
1073 3632 1136 3689 lle·

112 3720 249 3784 sandrina,
267 3731 332 3776 tune
347 3721 418 3775 enim
433 3736 566 3775 annorum
582 3720 711 3776 duntaxat
726 3720 843 3776 sedecim
853 3717 1015 3775 adolescens
1029 3718 1134 3774 luisset.

204 3808 251 3861 ll.
291 3805 325 3860 Ut
346 3813 377 3860 ut
399 3805 443 3869 sit,
467 3804 558 3860 statim
581 3804 736 3879 postillam
759 3804 1002 3867 denuntiationem,
1025 3803 1134 3860 dimna:

113 3887 286 3954 Alexandria,
309 3906 431 3946 eremum
453 3889 566 3963 petitam
587 3889 621 3946 ab
644 3888 794 3962 Epiphanio
816 3887 909 3944 nullus
930 3886 1046 3945 dubito:
1074 3901 1134 3944 eum

112 3983 204 4030 autem
232 3974 256 4029 is
284 3974 364 4030 rediit
389 3974 419 4030 in
436 3970 546 4048 Syriam
575 3976 694 4031 iunxisse
717 3990 748 4030 se
769 3974 860 4049 potuit
881 3972 1074 4038 S.llila1ioui‚
1101 3971 1134 4027 de

111 4059 261 4135 quocirca
282 4074 384 4116 anuum
408 4061 479 4123 311.
502 4059 567 4116 illue
588 4059 712 4117 similiter
731 4059 767 4115 ab
788 4059 921 4134 Aegyptia
941 4057 996 4117 ruli
1018 4056 1134 4115 Antonio

111 4143 306 4202 exmcitatione
331 4158 460 4210 memte,
486 4144 581 4202 muln
603 4144 786 4219 llieouymus
811 4145 840 4201 iu
867 4142 1034 4209 eiuslits,
1062 4141 1136 4219 qued
