2586 4822
67 39 1269 297 u

501 790 664 841 PRAEFATIO
683 791 749 842 tot.
769 793 797 842 ll.
1113 795 1151 837 Vll

115 941 365 1018 Superintendens
386 960 466 1001 voces
490 945 555 1001 istas
577 940 610 1001 dx
631 938 835 1020 γῆςἈράβων
855 949 1010 1020 parenthesi
1032 949 1150 1005 eircum-

116 1029 248 1103 seripsit,
278 1038 307 1087 et
328 1030 355 1085 in
378 1031 450 1086 notis
472 1031 578 1103 spurias
599 1048 631 1086 ac
653 1032 777 1088 reiiculas
799 1050 860 1088 esse
884 1033 1051 1107 significarit,
1074 1035 1148 1108 quod

115 1113 274 1170 Galaaditis
298 1115 374 1188 regio
396 1132 565 1189 nequaquam
581 1115 694 1171 Arabiae
718 1117 860 1173 tribuenda
883 1119 926 1173 sit.
959 1118 1026 1173 'lum
1042 1119 1147 1185 adiecit.

112 1199 215 1254 satiri
236 1199 286 1255 sibi
310 1198 343 1256 ab
366 1200 498 1273 imperitis
520 1200 657 1256 hlouachrs
680 1202 826 1257 inculcatas
850 1220 919 1258 esse.
965 1204 1049 1271 Quam
1072 1204 1149 1276 supi-

110 1301 196 1339 nam
215 1284 342 1340 levissimi
365 1285 553 1341 homuncionis
576 1287 744 1341 oscitantiam
768 1287 792 1341 in
813 1287 1093 1343 Animadversionihus
1116 1288 1148 1343 ad

110 1368 212 1424 Hier.
228 1370 278 1425 tv,
303 1387 364 1442 pag.
383 1371 453 1427 218.
476 1370 584 1426 abunde
599 1372 796 1443 castigavimus.
833 1373 954 1428 Proxima
971 1374 1043 1435 huic,
1067 1374 1148 1429 immo

110 1470 199 1509 vero
219 1455 358 1527 capitalior
379 1464 421 1510 est
441 1456 559 1521 licentia,
583 1472 634 1528 qua
651 1458 785 1511 sincerum
807 1474 851 1511 vas
868 1458 1027 1520 incnrstare,
1052 1468 1078 1514 et
1094 1475 1149 1514 non

108 1554 222 1603 curra,
245 1540 293 1595 sed
316 1549 390 1595 reeta
412 1541 549 1614 corrigere
572 1557 662 1603 ausus,
694 1542 720 1595 in
743 1542 867 1615 sequenti
890 1542 986 1599 Elisaei
1008 1544 1069 1606 rita,
1098 1560 1149 1615 pro

110 1625 260 1697 eoquod
283 1625 400 1680 'lorinus
423 1626 556 1681 ediderat:
586 1621 649 1681 Kal
672 1615 752 1681 eluar
781 1619 796 1682 ὁ
820 1618 915 1702 ἱερεὺς
944 1621 995 1682 διὰ
1017 1621 1072 1684 τὸν
1094 1624 1149 1702 δῆ-

115 1705 200 1777 λον,
219 1721 270 1765 ete.
302 1720 403 1765 temere
426 1711 491 1774 iste,
522 1703 574 1765 διὰ
596 1701 713 1766 τούτων
735 1707 853 1784 δηλῶν,
888 1713 946 1784 ipso
969 1713 996 1767 in
1019 1721 1148 1768 contextu

116 1796 279 1867 rescripsit.
314 1794 368 1849 b'os
391 1786 442 1849 did
464 1796 526 1851 τῶν
547 1786 649 1869 δήλων
671 1813 703 1850 ex
724 1796 906 1869 haniiseripto
929 1798 1031 1861 codiee,
1056 1807 1086 1852 ut
1100 1814 1149 1868 par

122 1885 205 1939 erat,
225 1880 401 1935 restituimus.
446 1881 520 1949 Quae
542 1891 606 1935 suut
629 1881 700 1935 Urina
724 1891 751 1936 et
773 1881 914 1937 Turrrmim.
959 1882 996 1937 he
1018 1899 1073 1954 quo
1096 1881 1149 1937 Ec-

126 1958 300 2020 cleaiasticus
317 1965 381 2037 Cap.
389 1965 518 2021 xxxid:
542 1958 659 2031 Πιστὸς
681 1958 697 2021 ὁ
714 1957 807 2038 νόμος
822 1958 864 2032 ὡς
878 1958 1021 2041 ἐρώτημα
1037 1959 1149 2040 δήλων.

128 2037 202 2101 Nam
222 2058 278 2104 erat
299 2040 430 2123 δήλωσις
452 2045 502 2105 καὶ
519 2041 659 2123 ἀλήθεια.
696 2051 731 2105 Ex
755 2051 937 2124 pectoralibus
959 2053 1049 2124 itaque
1071 2068 1150 2124 gem-

136 2130 192 2184 mis
209 2133 338 2189 Sacerdos
362 2134 394 2190 de
410 2135 514 2191 Elisaeo
538 2137 731 2207 pronunciasse
754 2135 786 2190 ab
803 2137 924 2192 huthore
940 2136 1046 2192 dicitur.
1081 2136 1151 2192 Cae·

139 2217 198 2269 ten
214 2218 318 2274 lesionis
342 2220 480 2284 momenti,
514 2238 568 2275 non
591 2222 702 2276 minoris
733 2229 820 2276 tamen
844 2221 1035 2295 impudentiae,
1069 2238 1152 2295 prae·

145 2302 317 2359 tenuissimus.
372 2304 401 2359 ln
429 2304 528 2379 quibus
557 2305 734 2360 resarciendis
763 2306 864 2378 aliquot
898 2307 979 2362 horas
1008 2323 1061 2361 non
1092 2306 1150 2361 sine

67 2442 69 2449 ,
149 2388 271 2444 stomacho
294 2389 445 2462 posuimus.
497 2392 534 2444 Ac
557 2407 611 2444 non
634 2408 716 2463 pauca
740 2408 804 2445 saue
827 2408 887 2447 curn
917 2392 943 2446 in
970 2390 1063 2446 libello
1086 2399 1149 2453 isto,
1230 2438 1238 2449 .

153 2472 198 2524 ltu
220 2475 245 2529 iu
273 2473 384 2546 reliquis
407 2473 566 2546 Opusculis,
600 2474 696 2529 urenda
726 2475 884 2530 sustulimus
913 2493 944 2530 en
971 2476 1002 2530 iis
1025 2474 1148 2537 Schedis,

156 2565 205 2619 quas
223 2558 351 2633 singulari
373 2559 403 2613 h.
417 2559 446 2613 P.
460 2558 581 2615 Andreae
597 2559 703 2615 Schotti
718 2559 851 2615 beneficio
867 2561 969 2632 pridem
985 2559 1148 2632 accepimus.

157 2631 252 2698 latinam
275 2661 339 2700 vero
361 2643 515 2718 Prophetici
537 2644 618 2699 huius
634 2643 774 2699 Tractatus
797 2645 1047 2718 interpretationem
1070 2642 1151 2698 lucu·
1203 2654 1207 2659 '

160 2715 267 2783 brennus
288 2729 356 2803 ipsi,
391 2747 424 2784 ne
447 2728 546 2784 bacin
568 2729 692 2784 Editione
714 2729 967 2802 Superinteudentis
990 2728 1080 2791 ullius,
1104 2735 1150 2783 aut

162 2800 253 2867 Pastoris
274 2813 396 2887 symbola
426 2814 516 2869 locum
544 2813 596 2869 sibi
626 2814 786 2869 vendicaret.
837 2815 913 2882 Quod
937 2814 1006 2868 idem
1029 2814 1056 2867 in
1079 2829 1152 2867 non-

162 2891 218 2949 ullis
236 2898 293 2953 aliis
316 2900 470 2954 necessario
492 2899 686 2972 praestitimus,
710 2898 809 2973 quibus
830 2898 921 2953 latina
943 2914 1012 2971 quae
1034 2913 1152 2970 respon-

163 2971 239 3045 derent,
262 2982 295 3038 ah
311 2983 457 3039 Catholicis
481 2985 598 3058 alioquin
622 2984 701 3046 edita,
726 2984 837 3056 reperiri
855 3001 910 3039 non
925 2991 1060 3056 poterant.
1096 2983 1149 3037 lam

165 3056 284 3122 ‘lectiones
306 3068 377 3132 illae,
401 3085 470 3141 qirae
485 3068 627 3142 Epiphanii
642 3069 749 3125 nomine
766 3069 855 3124 lucum
871 3068 1025 3124 iamdudum
1039 3067 1149 3130 faciunt,

163 3147 207 3201 satis
224 3168 282 3207 cum
305 3154 375 3226 stylo
398 3154 466 3225 ipso,
497 3164 553 3209 turn
577 3154 635 3209 aliis
658 3153 818 3226 quibusdam
840 3154 953 3218 indiciis,
976 3152 1086 3209 alterius
1110 3150 1151 3207 rel

163 3221 273 3302 lllpbanii
296 3239 337 3293 vel
360 3239 481 3294 authoris
504 3256 534 3293 se
550 3256 610 3293 esse
625 3238 769 3294 declarant.
799 3238 963 3311 Epiphanios
979 3238 1049 3293 eninr
1067 3236 1150 3292 luisse

164 3319 302 3388 tunderes,
339 3322 418 3396 Cypri
447 3324 526 3378 etiam
548 3323 712 3396 Episcopus,
742 3322 902 3379 observabat
930 3323 961 3378 ll.
985 3323 1014 3377 P.
1038 3320 1152 3377 lacobus

164 3393 303 3472 Sittttondus,
328 3408 380 3463 hoc
404 3416 453 3472 est,
481 3418 589 3481 praeter
611 3419 734 3464 uestrum
757 3408 830 3464 illum
855 3417 882 3464 et
904 3409 1046 3481 insignem,
1071 3406 1150 3462 duos.

164 3479 215 3540 llter
234 3491 311 3566 Cypri
334 3493 562 3565 arctaepiscapus
590 3493 654 3557 luit;
688 3493 764 3549 cuius
794 3493 903 3549 nomine
930 3494 957 3548 iu
987 3493 1095 3565 Synodo
1119 3491 1151 3546 Vl

164 3563 295 3649 subscripsit
325 3576 484 3633 Theodorus
506 3578 655 3651 Episcopus
677 3578 944 3641 Trimetbuntorum,
982 3587 1012 3631 ut
1041 3577 1067 3631 in
1090 3578 1149 3632 Act.

164 3644 219 3710 ltht
236 3661 344 3736 legitur.
389 3663 464 3718 Alter
486 3663 712 3736 Arcbiepiscopus
734 3664 846 3736 perinde
863 3663 957 3736 Cypri3
981 3663 1057 3717 cuius
1079 3664 1158 3716 entat‘

164 3729 254 3805 laisida
275 3747 307 3803 ad
331 3747 463 3821 lgnatium
486 3747 677 3809 patriarcham,
701 3765 714 3803 a
737 3748 841 3804 lladero
864 3758 958 3804 nostro
982 3747 1061 3810 edita,
1089 3761 1151 3800 cum

164 3815 245 3891 St'ttodo
260 3831 325 3887 Vlll.
367 3832 469 3888 llorum
492 3833 575 3905 igitur
596 3831 681 3894 alteri,
705 3833 745 3887 sel
767 3832 909 3897 ambobus,
932 3832 973 3888 vel
995 3830 1079 3887 cuivis
1102 3829 1152 3884 de-

163 3904 223 3978 nique
241 3918 340 3989 patius,
364 3935 445 3990 quarn
460 3917 609 3991 Epiphanio
626 3927 729 3981 nostro,
753 3918 894 3973 Orationes
910 3917 977 3972 istae
992 3914 1151 3971 tribuendae

163 4003 216 4049 sunt.
245 4002 331 4070 Quare
355 4002 429 4057 nullo
452 4020 467 4058 a
489 4002 568 4058 nohis
590 4001 691 4074 flagitio
714 4002 890 4074 praetermitti
914 4002 940 4056 in
962 4001 1013 4056 hac
1029 3999 1151 4054 Editione

163 4086 269 4144 poterant.
302 4087 357 4144 Sed
380 4104 414 4143 ne
437 4087 510 4161 quid,
535 4086 607 4160 quod
622 4086 763 4159 Epiphanii
785 4095 924 4162 uteunque
946 4085 1055 4141 nomine
1078 4091 1152 4140 esset
