2586 4822
378 868 418 923 P!
436 868 589 921 masnata
606 867 644 919 Π
662 866 860 919 tntuntttttm.
1067 853 1132 914 '123

107 1045 166 1102 quo
194 1024 348 1091 scrihebat,
378 1026 508 1100 temporis
539 1025 693 1098 proprium,
725 1026 809 1080 maius
833 1032 891 1080 erat
912 1024 1019 1096 priore,
1051 1022 1132 1095 panio

111 1113 172 1187 plus
195 1112 310 1184 septima
333 1120 420 1185 parte.
450 1111 539 1180 Quare
560 1110 584 1167 si
608 1111 665 1168 tot)
687 1109 819 1166 anamodi
842 1124 937 1166 novem
959 1102 1063 1164 solidos
1084 1125 1134 1163 ex-

110 1197 217 1262 niteat,
242 1198 281 1254 tt
305 1195 393 1260 solidi,
416 1195 471 1251 sive
493 1194 561 1253 littra
582 1195 651 1256 auri.
675 1196 736 1253 eta
759 1193 936 1250 milliarenses
960 1191 1067 1247 efficiet.

195 1280 251 1336 llas
273 1298 446 1337 nummorum
469 1279 550 1336 trinas
572 1297 603 1335 aa
625 1278 751 1334 minutias
767 1296 822 1335 non
838 1279 896 1334 sine
911 1278 1001 1350 aliquo
1019 1277 1132 1332 lortasse

110 1367 246 1431 lentorum
269 1366 359 1422 taedio
380 1365 569 1438 scrupulosius
590 1365 767 1420 excussimus.
798 1363 895 1419 Verum
915 1364 982 1419 tanti
998 1362 1057 1424 luit,
1081 1362 1133 1416 mi-
1235 1374 1239 1387 ·

109 1450 236 1509 iiarrmis
259 1467 290 1507 ae
311 1451 391 1514 loliis,
414 1451 449 1506 de
464 1449 563 1524 quibus
578 1450 634 1522 agit
648 1449 692 1505 ltie
707 1448 881 1522 Epiphanius,
905 1449 966 1511 vim,
989 1447 1132 1520 originem.

112 1537 362 1612 proprietatemque
384 1552 561 1610 cognoscere,
585 1544 642 1590 tum
665 1535 842 1591 inveteratum
865 1533 939 1590 illum
962 1542 990 1589 et
1012 1551 1026 1588 a
1046 1531 1133 1588 Scali-

111 1639 178 1698 τιτι
201 1621 346 1695 probatum
368 1636 506 1685 errorem,
533 1620 567 1676 de
589 1619 745 1676 didrachmo
767 1619 923 1677 milliarensi
945 1635 976 1676 aa
999 1617 1133 1674 tetradra·

111 1708 192 1764 elme
221 1705 285 1762 lelle
312 1707 481 1762 conmanere.
526 1705 604 1774 Quod
633 1705 666 1760 de
694 1704 758 1761 lolle
786 1713 849 1781 post
876 1705 957 1778 paulo
978 1703 1132 1759 docebitur.

114 1792 151 1848 dd
173 1791 366 1847 milliarensem
388 1806 452 1848 vern
474 1790 547 1864 quod
569 1791 675 1854 attinet,
699 1806 804 1854 eornm,
827 1805 897 1862 qnae
920 1789 1051 1845 haetenus
1069 1795 1133 1842 sunt

112 1876 260 1952 disputata,
283 1892 387 1932 summa
409 1877 459 1932 sit:
483 1875 673 1932 milliarensem
696 1883 854 1948 argenteum
878 1874 960 1930 luisse
982 1887 1131 1936 nummum,

117 1979 166 2018 non
190 1962 387 2026 didrachmum,
409 1961 458 2017 sed
479 1961 617 2034 aliquanto
640 1961 782 2023 minorem,
805 1960 852 2032 qni
874 1959 939 2014 alias
953 1957 1060 2014 doulam
1074 1957 1133 2012 arari

114 2047 234 2123 siliquis,
264 2047 329 2103 alias
356 2045 438 2118 paulo
465 2045 570 2102 minore
592 2046 679 2119 pretio
708 2052 877 2118 permutatus
899 2053 957 2107 est,
986 2043 1133 2114 itidemque

115 2132 198 2189 levior
220 2131 296 2196 alias,
319 2132 384 2187 alias
404 2131 513 2205 gravior
533 2131 630 2187 extitit.
661 2133 698 2187 Ac
721 2140 778 2186 tom
800 2144 861 2186 cum
884 2128 969 2185 levior
988 2128 1047 2191 linit,
1071 2126 1144 2203 mil·-

115 2217 207 2273 lesima
230 2233 293 2290 pars
315 2217 366 2272 luit
387 2233 486 2273 aureae
508 2215 601 2280 dorae,
624 2217 698 2272 unde
719 2225 748 2272 et
768 2211 954 2291 μιλιιιρίσιον
976 2230 990 2269 a
1013 2213 1131 2276 Graecis,

114 2303 246 2359 alatinis
269 2301 439 2358 milliarensis
461 2301 590 2376 appellari
612 2302 711 2375 eoepit.
742 2301 826 2370 Quam
849 2301 929 2356 etiam
952 2299 988 2354 oli
1010 2315 1133 2354 caussam

116 2383 224 2444 λεπτὸν
246 2379 394 2462 ἀργύριον
414 2395 538 2443 vocatum
560 2395 620 2450 est,
651 2394 681 2442 ut
703 2404 718 2442 a
740 2386 912 2448 didrachmo,
940 2384 982 2440 vel
1004 2384 1133 2457 gravioris

115 2472 243 2546 ponderis
255 2481 394 2545 argenteo,
417 2472 593 2545 discreparet.
624 2470 766 2528 Caeterum
783 2469 915 2527 eiusmodi
931 2469 1133 2525 milliarensinm

115 2559 220 2630 species
243 2554 366 2612 militaris
388 2557 472 2613 luisse
494 2557 613 2620 videtur,
643 2557 717 2631 quod
739 2556 894 2611 donativum
916 2571 947 2610 aa
970 2554 1132 2626 stipendium

115 2643 141 2698 in
164 2660 198 2699 eo
221 2658 323 2716 genere
345 2641 561 2714 persolveretur,
584 2656 636 2697 nee
656 2656 711 2697 non
733 2639 889 2713 sparsiones
912 2649 940 2694 et
962 2638 1134 2708 erogationes

115 2730 141 2785 in
162 2727 296 2803 populum
319 2728 414 2782 eodem
437 2727 482 2783 illo
503 2727 616 2789 lierent,
639 2736 671 2782 ut
693 2740 725 2782 ex
746 2724 854 2781 Novella
877 2722 1031 2785 iustiniani,
1054 2737 1133 2794 quana

115 2830 195 2886 supra
220 2811 407 2885 produximus,
431 2821 553 2885 apparet.
584 2810 651 2867 lline
665 2801 949 2884 mpaarmraxrirp
900 2799 949 2881 drip
950 2826 992 2875 ια,
1015 2806 1055 2862 vel
1071 2804 1135 2861 dri-

115 2916 178 2973 per,
203 2896 370 2970 Ppiphanius
397 2897 595 2970 interpretatur
619 2905 649 2952 et
669 2895 783 2952 Glossae
810 2911 872 2950 eum
895 2910 928 2950 eo
952 2895 1007 2948 lere
1029 2906 1134 2948 ornnes.

114 2983 284 3039 &marium
306 2982 336 3039 P.
353 2981 488 3038 sirmondi
511 2976 732 3053 Στιτιένδιονμ,
759 2974 780 3055 ἢ
808 2981 986 3055 τριβοῦτον,
1017 2971 1050 3033 τὸ
1074 2968 1134 3032 dori

115 3059 276 3124 learnir'
257 3063 412 3168 apyvplror
433 3057 648 3142 oamroylpoor
678 3066 760 3122 ltem.
784 3059 948 3121 Στιτιένδια
965 3054 1131 3138 λέγεται
1096 3078 1135 3118 τα

115 3145 270 3226 δημόσια,
300 3144 351 3206 dari
379 3146 414 3208 τὸ
442 3143 505 3208 ἀπὸ
533 3150 652 3222 letardi!
678 3141 867 3224 συνάγεσθαι
890 3141 1052 3224 dpyoprotv.
1095 3139 1135 3202 sd

116 3231 194 3293 odaei
219 3231 254 3292 dd
282 3231 332 3290 aul
360 3234 510 3312 τριβοῦτα
538 3231 669 3312 λέγεται,
700 3227 760 3291 ἀπὸ
786 3236 843 3291 τοῦ
864 3230 1049 3291 ἐπικλᾶσθαι
1072 3233 1136 3298 τοῖς

116 3314 413 3392 ιιατιιβάλλιιιιιτιν,ἰ
394 3340 415 3395 η
437 3316 664 3396 ἓπιμερίζεσθαι
680 3323 745 3387 τοῖς
759 3312 969 3393 στρατιώταις.
998 3318 1070 3390 Ergo
1084 3317 1136 3372 sti·

115 3409 245 3481 modium
268 3422 283 3461 a
304 3407 390 3479 stipe,
414 3407 467 3462 lieo
488 3414 531 3463 est
553 3405 693 3462 minutulis
715 3405 847 3468 nummis,
870 3420 939 3477 qnae
962 3393 1096 3459 λεπτὰ
1077 3419 1136 3475 op-

115 3487 206 3567 ydpru
228 3500 368 3547 rorantur.
398 3491 515 3549 Tametsi
536 3491 730 3548 milianensinm
752 3492 849 3546 modus
871 3491 936 3545 satis
958 3504 1072 3561 magona
1094 3488 1137 3542 vt-

116 3577 205 3634 detar.
228 3576 283 3632 Sed
299 3575 473 3633 nihilominus
488 3584 517 3635 et
530 3577 604 3634 inter
617 3566 712 3633 λεπτὰ
723 3584 881 3632 numeratus
894 3584 944 3631 est
967 3575 1006 3631 lie
1017 3571 1137 3638 λεπτοῖς

115 3662 241 3736 mouenti
264 3662 362 3734 eapite,
386 3661 432 3717 ont
455 3662 488 3717 de
510 3662 574 3718 lolle
596 3662 769 3726 disserimus,
792 3660 908 3734 amplios
929 3671 1033 3731 agetur.
1065 3657 1136 3711 liaeo

116 3764 166 3804 aus
188 3747 288 3822 partim
310 3748 466 3803 enuieetura
489 3748 559 3811 laeti,
591 3746 687 3821 partin
710 3747 860 3804 actussima
882 3745 1038 3801 Glossarum
1060 3750 1137 3796 vete·

116 3849 175 3888 mm
197 3831 367 3888 authoritate
388 3831 452 3897 nial,
475 3832 508 3890 de
530 3832 677 3889 miliarensi
700 3831 872 3905 protulimus.
902 3829 988 3885 Erunt
1010 3827 1057 3902 qui
1072 3840 1136 3880 rer-

117 3918 184 3974 tiora
214 3917 332 3972 lortasse
359 3917 511 3974 conferent.
555 3917 660 3986 Quilios
689 3933 743 3972 oon
766 3916 847 3972 moda
869 3922 924 3970 non
947 3911 1136 3973 invidebimus,

117 4001 163 4058 sed
189 4002 258 4058 illud
286 4002 354 4058 eitra
382 4003 531 4059 monrium
557 4012 585 4058 et
613 4002 838 4059 obtrectationem
860 4001 883 4055 si
904 3998 1033 4059 iecerint,
1062 3994 1137 4066 quod

117 4102 196 4162 agre
220 4102 235 4143 a
259 4085 397 4160 plerisque
419 4089 564 4162 impetrare
585 4088 685 4162 possis,
707 4085 884 4143 libentissima
900 4084 926 4139 id
942 4099 993 4138 nos
1007 4087 1138 4152 acaeme-

117 4188 176 4239 τως
193 4172 237 4228 ain
251 4183 402 4248 uteunque
416 4174 528 4231 meliora
542 4173 694 4236 docuerint,
715 4186 878 4230 ammonens
891 4183 954 4225 ease
967 4164 1136 4241 pollinam

529 4289 734 4300 -..-.-——-—-
