2586 4822
449 828 469 879 1.
505 830 569 879 ειν
587 830 632 879 σν
650 831 743 880 nm.
1092 821 1114 882 3
1207 802 1209 806 '

91 999 153 1045 ται.
196 981 280 1061 χθλς
302 976 392 1065 άλλῳ
416 974 460 1057 ῶς
483 979 547 1065 ζωή
571 980 655 1065 ’ζωήν
678 980 862 1064 ἐχαρίσατο,
891 982 945 1045 καὶ
969 979 1113 1066 σήμερον

96 1070 255 1163 ζωοδάτης
277 1075 336 1142 ἐπὶ
357 1075 415 1141 τὸν
438 1076 587 1141 θάνατον
611 1077 754 1160 ἔρχεται·
781 1077 864 1159 χθές
885 1076 1047 1161 Λαζάρου
1068 1077 1112 1145 τά

97 1172 265 1258 σπάργανα
288 1173 397 1249 ἔλυσε,
428 1175 480 1238 καί
510 1173 651 1258 σήμερον
682 1170 699 1238 5
728 1168 826 1251 αὐτὸς
848 1172 882 1240 έν
905 1174 1111 1258 σπαργάνοις

98 1265 313 1356 ῦισμευθήναι
337 1270 417 1336 ἑκῶν
441 1277 673 1354 παραγίνεται·
705 1273 788 1353 χθὲς
816 1270 849 1336 ἐν
880 1271 1010 1349 σκότοις
1038 1270 1110 1358 λξή·

98 1385 183 1449 μιχεν
206 1365 407 1449 ἄνθρωπον,
442 1370 495 1432 καλ
524 1367 664 1453 σήμερον
695 1367 729 1433 ἓν
758 1378 940 1445 σκοτεινοῖς
967 1371 1137 1453 τεθήναισ

53 1467 138 1529 λίθοισί
170 1467 248 1550 σκιᾷ
275 1463 425 1529 θανάτου
458 1464 584 1546 ἔρχεται
612 1463 668 1529 διὰ
695 1463 753 1530 τὸν
784 1461 977 1547 άνθρωπσν.
1026 1466 1110 1547 χθές

88 1561 154 1642 πρὸ
185 1562 222 1639 ἓξ
242 1556 372 1646 ήμερῶν
394 1563 452 1625 τοῦ
481 1559 595 1642 πάσχα
624 1561 680 1625 διὰ
704 1565 770 1626 τῶν
794 1566 893 1627 πέντε
916 1561 1109 1645 αἰσθήσεσιν

80 1655 142 1723 τὸν
165 1657 384 1742 τετραήμερον
416 1652 629 1743 ὁτριήμερσς
658 1669 734 1736 ταῖς
755 1658 828 1723 δυσὶ
858 1657 914 1723 τὸν
938 1659 994 1725 ἕνα
1015 1663 1110 1742 χαρί·

70 1750 176 1828 ζεται
201 1749 359 1841 ἀδελφὸν,
390 1757 443 1819 καὶ
468 1753 608 1841 σήμερον
638 1754 693 1820 ἐπὶ
723 1754 781 1820 τὸν
803 1754 946 1839 σταυρὸν
970 1755 1107 1838 ἔρχεται.

62 1841 172 1916 άλλὰ
194 1853 234 1936 τῇ
259 1849 376 1937 Μαρίᾳ
398 1852 457 1932 μὲν
479 1852 698 1936 τετραήμερσν
721 1849 842 1937 νεκρὸν,
877 1854 915 1938 τῇ
940 1853 975 1917 δὲ
998 1853 1109 1937 ε’κκλη-
1120 1866 1151 1920 10

58 1952 142 2032 σι’ςι
167 1947 341 2034 τριήμερσν
372 1947 488 2014 ἑαυτὸν
509 1949 675 2031 χαρίζεται
706 1943 902 2032 ὁΧριστάς.
954 1949 1020 2015 ἐκεῖ
1041 1953 1111 2034 Βη-

54 2050 193 2111 θανία
214 2044 298 2128 μόνη
316 2045 491 2128 θαυμάζει,
516 2045 664 2111 ἐνταῦθα
687 2046 722 2111 δὲ
744 2049 839 2111 πάσα
862 2045 1013 2131 ἐκκλησία
1036 2045 1110 2128 ἑορ-

56 2138 185 2220 τάζει.
232 2142 378 2226 ἑορτάζει
402 2142 524 2225 ἑορτῶν
547 2143 672 2225 ἑορτὰς,
696 2142 753 2206 τὸν
775 2142 915 2225 βασιλέα
937 2144 1003 2207 τῶν
1019 2137 1110 2207 άσω-
1155 2186 1161 2197 =

60 2235 201 2323 μάτων
224 2238 258 2305 έν
280 2234 362 2325 αὐτῇ
392 2239 537 2324 ἐνμέσῳ
567 2237 612 2317 ῶς
642 2247 783 2325 νυμφίον
812 2239 931 2321 ἔχουσα
961 2234 1043 2322 ῦμοῦ
1071 2262 1109 2305 τε

62 2335 133 2400 καὶ
162 2337 320 2418 βασιλέα·
343 2335 490 2419 ἑορτάζει
512 2335 637 2419 ἑορτάς,
662 2332 706 2414 ῶς
729 2337 824 2402 ἐλαία
841 2336 1052 2421 κατάκαρπος
1074 2333 1108 2402 έν
1122 2350 1150 2402 15

39 2429 125 2509 Βτιῦ
158 2434 239 2518 σι’κιμ
260 2436 320 2497 τοῦ
342 2436 426 2499 θεοῦ
449 2429 685 2519 άφυλλσρρόως
713 2432 913 2512 ποκάζσυσα.
960 2431 1109 2514 ἑορτάζει

75 2525 262 2607 ἑορτάς,κ
238 2554 283 2607 ως
304 2537 414 2612 κρίνον
437 2528 566 2613 λαρινὸν
596 2530 802 2612 παραδείσου
831 2524 1041 2613 ὑπάρχουσα·
1073 2526 1108 2594 ίν

79 2610 96 2707 ᾗ
123 2625 293 2708 Χριστὸς,
327 2625 366 2691 τὸ
389 2624 493 2705 ὅντως
521 2622 661 2702 εὐθαλὲς
689 2652 726 2708 κρ
729 2633 813 2703 ί,νσν
847 2626 885 2690 τὸ
913 2624 956 2712 μή
985 2634 1107 2742 κρῖνον,

81 2674 171 2787 ῦλλὰ
193 2722 354 2802 σῶζον
321 2747 379 2788 τον
401 2722 539 2804 κόσμον·
570 2713 646 2788 έν
626 2748 645 2807 ῃ
670 2721 824 2803 Χριστὸς,
854 2722 892 2787 τὸ
916 2723 968 2788 λον
991 2719 1029 2786 τὸ
1053 2717 1110 2786 ὅν·
1193 2706 1197 2726 ¹

90 2837 154 2894 τως
176 2819 315 2902 ἰώμενον
342 2818 384 2883 τά
407 2819 504 2940 πάθή
533 2823 599 2935 τῶν
626 2819 827 2884 νοσούντων·
857 2808 934 2884 ἑν
913 2845 933 2904 5
957 2813 975 2881 5
1000 2813 1108 2900 άμπε·
1119 2838 1152 2889 ιο

96 2909 153 2976 λῶν
187 2912 330 3000 ἑλέχων
361 2915 496 2999 “έγῶ’
467 2940 535 2998 ειμι
556 2911 575 3001 ή
600 2912 790 3000 ἄμπελος
773 2942 791 3001 5
815 2911 994 3002 άληθινήλ
1031 2903 1107 3001 ένῇ

38 3041 46 3063 ·
100 3003 299 3080 ὃέλαιῶν“
283 3011 428 3090 οῦντως
460 3012 559 3079 ἐλεῶν
587 3012 664 3091 τοὺς
693 3013 885 3093 ἐλπίζοντας
915 3007 965 3078 ἐπ’
991 3006 1109 3077 αῦτάν·

104 3098 201 3193 55‘
187 3135 204 3176 σ
226 3112 284 3199 τής
307 3110 396 3195 ῥίζης
415 3105 530 3176 Ἰεσσαὶ
561 3110 741 3195 ἐβλάστησε
769 3104 934 3187 κλάδος(
917 3133 935 3172 o
958 3107 1109 3192 προαιιά-

107 3224 170 3282 noc,
192 3203 404 3324 άγεωρχήτως
425 3210 480 3272 καὶ
503 3202 687 3291 άνσράκτως
681 3211 811 3328 ’'159
789 3202 1006 3291 ἀνθρωπίνης
1022 3228 1110 3270 σπο-

110 3298 168 3378 ίᾶς
198 3294 275 3370 λν
254 3330 274 3390 5
297 3300 316 3392 5
341 3303 426 3390 πηγή
449 3299 468 3389 ή
492 3298 644 3381 άένναος
677 3298 813 3389 ἑνηοῦ
839 3301 981 3380 Φεισῶν,
1006 3300 1071 3367 Γ
1034 3327 1106 3380 εων
1120 3321 1151 3371 τε

10 3404 12 3469 ὲ
93 3397 428 3523 ΕΤίγρις,1ἰι’·φράτης,
459 3397 542 3466 ἀλλὰ
564 3407 761 3478 Ματθαῖσς,
792 3400 940 3484 Μάρκος,
972 3401 1111 3476 λευκάς

112 3492 154 3554 καὶ
167 3490 319 3581 Ἰωάννης,
344 3500 375 3563 οι
397 3502 455 3563 τοῦ
478 3502 628 3580 Χριστοῦ
650 3501 708 3583 τής
731 3497 899 3581 έκκλησίας
918 3496 1111 3575 ποτίζοντες

10 3604 14 3625 “
114 3592 305 3673 παράδεισον.
350 3595 435 3661 ἔνθα
463 3598 557 3660 πᾶσα
586 3593 727 3683 σήμερον
757 3597 905 3672 νεολαία,
940 3589 985 3671 ῶς
1014 3592 1110 3657 ἐλαία

113 3689 299 3776 ammonas
320 3690 379 3769 τάς
395 3691 507 3770 ἐλαίας
521 3698 718 3774 κατέχοντες,
742 3690 799 3756 τὸν
821 3690 980 3775 ίλεήιιονα
997 3688 1111 3754 αἰτοῦ·

113 3801 159 3858 1¹5
175 3789 335 3905 Χριστόν.
369 3795 613 3875 πεφυτευμέναι
643 3788 676 3855 έν
705 3789 785 3873 οίκιο
813 3793 935 3872 κυρίου,
972 3786 1005 3852 λν
1034 3795 1155 3863 wic„

114 3868 267 3985 σήλαῖς’
227 3888 329 3951 αυτοῦ
352 3884 490 4000 λαρινῶς
512 3886 737 4002 ίξανθσῦντες,
765 3848 999 3968 ιἑορτάζομενί
984 3879 1109 3968 εορτήν,

28 4046 37 4055 ,
113 3969 158 4037 τὸν
182 3986 324 4064 χειμῶνα
358 3979 415 4048 τόν
453 3980 587 4066 νομικὸν
627 3978 889 4099 ὑποχωρήσαντα
920 3983 1109 4064 βλέποντες.

115 4065 222 4157 ἕθρταζε
244 4081 395 4164 Χριστοῦ
418 4079 548 4165 ἐκκλησλ
548 4104 579 4158 α,
604 4073 643 4144 05
665 4081 821 4157 τυπικῶς,
846 4074 884 4145 05
905 4078 1113 4158 σωματικῶς,

923 4178 960 4232 5*
