2586 4822
120 802 206 844 mvl
246 861 248 866 Ι
479 795 592 845 PEl'dlll
612 794 781 844 nantelmo.

204 951 303 1008 Contra
332 968 401 1027 quos
431 967 525 1007 omncs
554 960 607 1005 tam
630 949 770 1022 Epiphanii
800 948 902 1014 nostri,
932 965 1014 1021 quam
1042 958 1136 1006 nostra

118 1039 197 1093 etiam
219 1053 315 1093 caussa
337 1036 526 1109 disputandum
550 1036 668 1091 breviter
690 1034 821 1089 existimo.
853 1037 889 1088 tle
905 1035 1011 1105 priores
1026 1033 1135 1107 quidem

117 1123 162 1186 illi,
187 1123 285 1195 quibus
309 1132 395 1177 totum
419 1121 490 1176 istud
514 1121 651 1193 negotium
670 1119 802 1191 displicet,
827 1118 981 1174 Haereseon
998 1119 1132 1183 abstrusa,

116 1225 147 1263 ae
169 1208 307 1263 recondita
329 1207 454 1280 mysteria
479 1206 604 1260 mandare
632 1204 756 1276 scriptis,
787 1221 920 1259 summum
944 1221 974 1260 ae
997 1205 1132 1278 singulare

117 1293 221 1347 veritati
250 1292 410 1364 praesidium
440 1291 566 1363 opinione
596 1307 642 1343 sna
667 1290 821 1344 detrahunt.
867 1289 922 1343 lloe
946 1291 1018 1344 enim
1041 1299 1132 1344 eatur-

116 1387 215 1450 quent;
246 1393 300 1450 quo
323 1384 465 1430 irascentes
489 1374 633 1430 identidem
656 1392 686 1429 ac
709 1374 839 1429 redivivae
862 1374 1065 1429 mendaciorum
1087 1392 1131 1430 se·

116 1473 175 1518 ctae
197 1461 356 1516 validissime
380 1459 531 1532 propulsari
553 1477 567 1514 a
591 1459 678 1522 nobis,
702 1459 840 1531 evectique
863 1461 977 1532 possint.
1010 1458 1056 1514 Est
1072 1460 1131 1532 qui-

116 1547 176 1601 dem
200 1547 273 1608 eius,
299 1547 345 1620 qni
368 1546 394 1600 in
418 1544 547 1599 llaeresia
571 1545 611 1599 vel
634 1544 810 1608 moliendam,
840 1544 881 1600 vel
904 1543 1032 1599 tuendam
1055 1544 1132 1600 ineu-

115 1630 213 1694 huerit‚
238 1631 342 1684 animus
365 1629 391 1684 in
414 1645 521 1685 omnem
544 1629 679 1685 audaciam
703 1629 761 1683 sine
784 1628 839 1683 ullo
863 1628 965 1701 pudore
983 1630 1130 1702 proiectus.

116 1715 169 1770 Sed
198 1732 277 1770 nemo
307 1724 348 1770 est
377 1724 465 1770 tamen
491 1731 523 1770 ex
545 1715 597 1770 illis
619 1714 797 1769 absurdarum
819 1715 976 1786 opinionum
1000 1714 1130 1787 patronis,

115 1818 196 1875 quem
220 1817 274 1855 non
296 1808 444 1875 utcumque
467 1799 582 1854 convicti
605 1799 667 1855 olim
691 1799 805 1862 erroris,
829 1815 860 1854 ae
882 1799 1000 1854 damnati
1023 1799 1134 1877 ppdeat.

115 1885 175 1940 Sint
204 1903 284 1949 sane,
315 1885 355 1940 uti
383 1892 460 1948 sunt,
491 1884 570 1939 ferrei
597 1901 691 1939 omnes
714 1883 861 1938 Haeretici:
891 1883 945 1939 sint
968 1884 1131 1956 pervicaces,

34 2018 36 2024 .
115 1971 194 2025 iidem
224 1988 253 2025 se
276 1971 300 2024 in
325 1971 383 2043 ipso
407 1969 518 2033 ardore,
548 1970 747 2042 agnationeque
769 1968 921 2041 disputandi
944 1969 975 2023 ad
1001 1968 1152 2024 resisten-

115 2055 177 2109 dum
200 2056 287 2109 acrius
311 2054 421 2125 fingant,
446 2064 534 2109 tamen
557 2055 602 2128 qui
626 2053 651 2108 itl
674 2053 810 2115 didicerit,
834 2055 934 2126 quique
957 2055 1040 2109 certis
1056 2063 1147 2109 vete-

115 2156 174 2193 rum
198 2140 358 2195 testimoniis
381 2140 552 2211 compererit.
580 2148 642 2194 ante
665 2138 697 2193 ab
720 2139 837 2211 antiquis
860 2137 984 2193 Patribus
1010 2149 1036 2194 et
1060 2139 1131 2194 Con·

115 2225 197 2286 ciliis,
227 2223 389 2296 publicoque
414 2224 626 2279 Christianorum
655 2241 789 2279 consensu
819 2224 907 2295 agnita
937 2241 967 2279 ac
991 2223 1130 2295 repudiata

114 2310 238 2382 dogmata
262 2309 313 2371 illa,
337 2326 417 2381 (puram
440 2309 476 2363 illi
500 2310 559 2381 ipsi,
584 2326 652 2381 quos
676 2309 808 2381 sequitur,
833 2326 927 2363 coriam
950 2308 1131 2381 interpolato-

114 2411 157 2450 res
181 2394 341 2458 esisterent;
366 2394 405 2448 vis
429 2393 495 2455 erit,
518 2394 630 2465 opinor,
653 2394 741 2456 ullos,
765 2394 841 2448 cuins
864 2393 914 2448 nisi
937 2393 1040 2465 frangi.
1065 2394 1130 2450 edo-

114 2479 235 2552 marique
264 2479 430 2534 contumacia
460 2479 595 2550 potuerit,
625 2495 679 2533 non
710 2478 891 2550 languidiores
915 2480 1011 2534 saltem
1035 2478 1131 2534 haltesl

114 2566 270 2638 eruptiones
293 2574 320 2619 et
343 2565 468 2636 impetus
492 2580 523 2619 ao
545 2564 672 2636 paulatim
696 2580 744 2636 per
766 2564 880 2635 seipsam
897 2564 1067 2635 refrigerate,
1090 2572 1131 2618 at·

113 2667 166 2724 que
190 2658 313 2704 enervata
337 2649 469 2705 concidat.
500 2648 606 2703 llabent
628 2649 711 2721 igitur
726 2649 797 2704 laune
813 2649 929 2703 lructum
946 2646 1131 2703 commentarii

113 2735 159 2799 illi,
183 2735 228 2807 qni
252 2735 285 2789 de
308 2733 470 2790 llaeresilms
492 2733 657 2796 scribuntur,
680 2742 711 2788 ut
734 2733 760 2787 in
783 2750 945 2808 unaquaque
967 2743 1058 2788 aetate
1074 2733 1131 2788 lan·

114 2829 187 2875 tores
210 2819 337 2892 perfidiae
359 2837 389 2874 ac
411 2818 541 2874 satellites
564 2835 629 2873 suos
652 2818 677 2872 in
702 2818 768 2879 illis,
792 2835 861 2890 quos
884 2818 993 2892 quidem
1018 2818 1131 2874 erubes-

113 2914 184 2967 cant,
207 2905 342 2976 principes
365 2905 550 2976 authoresqne
572 2911 781 2975 recognoscant.

197 2988 260 3042 lam*
273 2988 318 3061 qni
342 2998 429 3043 certas
454 3006 485 3043 ex
509 2988 686 3051 llaeresiltus,
713 2987 875 3060 easdemque
897 2987 938 3042 sel
962 2986 1128 3051 obliteratae,

112 3074 154 3127 nel
175 3073 343 3145 turpitudine
366 3073 477 3127 inlamres
500 3073 586 3127 omitti
609 3072 711 3135 iulrcnt,
735 3072 868 3128 dillteilcm
886 3073 1020 3145 quandam
1036 3072 1130 3128 morle-

112 3157 243 3212 rationem
267 3157 419 3230 postulant:
444 3158 520 3212 euius
543 3175 578 3212 ne
601 3158 651 3230 ipsi
670 3156 777 3229 quidem
794 3174 882 3219 nsum,
906 3156 1128 3230 rogationalis,

113 3242 263 3314 expediant.
308 3240 413 3296 Etenim
442 3243 463 3296 si
493 3244 545 3297 noe
569 3254 644 3297 certo
668 3243 787 3315 polliceri
811 3251 937 3314 possent.
968 3244 1128 3316 opinionem

112 3326 155 3381 illa
178 3334 312 3398 portenta,
337 3336 480 3398 postquam
503 3344 633 3399 oppressa
656 3344 686 3383 ac
708 3327 813 3399 sepulta
830 3328 912 3382 semel
929 3337 1033 3390 essent.
1058 3344 1129 3383 nuu-

113 3427 207 3484 quam‚
237 3411 287 3464 nisi
311 3410 336 3464 in
360 3410 434 3466 libris
456 3420 592 3475 extarent,
617 3429 753 3467 emersura
776 3412 880 3474 ‹tenu0,
905 3428 994 3485 neque
1018 3413 1076 3468 suis
1098 3427 1127 3467 es

112 3496 164 3551 illis
187 3496 290 3557 bustis,
314 3496 503 3553 accitionibus
526 3497 680 3558 excitanda.
704 3497 770 3551 nilril
792 3498 904 3552 consilio
929 3498 992 3552 lanio
1015 3499 1127 3553 istorum

112 3581 335 3654 praevertendum
359 3591 490 3654 putarem.
521 3583 574 3637 Sed
597 3599 656 3638 crim
682 3583 854 3637 nihilominus
878 3583 954 3637 statis
974 3592 1127 3655 temporum

113 3666 258 3721 intervallis
281 3666 372 3721 eadem
396 3668 437 3722 illa
462 3677 581 3722 monstra
604 3677 740 3740 amputata
764 3667 859 3729 toties,
888 3683 918 3722 ac
940 3668 1061 3739 iugulata
1084 3683 1128 3723 re·

113 3751 254 3806 viviscont:
277 3768 338 3806 curn
361 3752 430 3806 idem
455 3753 600 3808 llaeresnm
625 3753 729 3807 illarum
752 3753 925 3814 architectus,
949 3753 1127 3826 inventorque

114 3835 255 3896 lliabolus.
286 3838 365 3890 etiam
394 3839 466 3892 omni
495 3838 626 3893 librorum
649 3838 765 3892 extincta
788 3837 931 3898 memoria,
955 3845 1126 3909 perseveret:

114 3937 175 3977 oum
197 3921 291 3975 iisdem
314 3920 416 3976 artibus
440 3931 467 3977 et
491 3922 637 3986 machinis,
668 3922 815 3995 eademqne
838 3922 870 3978 ad
893 3921 950 3976 illas
973 3923 1127 3977 instauran-

114 4006 161 4062 das
184 4005 328 4062 ealliditate
351 4021 381 4060 ac
403 4007 520 4079 nequitia
544 4007 578 4061 sit
600 4008 747 4080 praeditus,
771 4024 860 4082 neque
882 4024 932 4063 nos
954 4008 1070 4063 istorum
1084 4005 1128 4062 illa

115 4092 235 4149 delectus
258 4090 373 4155 adiuvat,
396 4100 424 4147 et
444 4091 572 4148 adversus
595 4093 768 4166 redintegrati
791 4093 878 4150 morbi
900 4093 1051 4166 perieulum
1071 4092 1129 4167 pn'·
