2586 4822
619 484 627 497 ί

681 534 685 544 ι

449 811 740 864 nuiunmmsioues.
1046 797 1107 860 tte

172 965 275 1024 ιιι-ι.
303 960 398 1039 Σχιι.
420 955 471 1038 ια.
501 956 578 1023 teo
591 959 684 1044 atyn,
706 959 723 1026 e
745 961 780 1024 οι
798 956 997 1044 μικρότατος]
1027 968 1105 1038 ouon
1217 946 1223 966 ⁴

81 1050 217 1109 minorem
241 1068 273 1107 se
295 1050 421 1109 christus
442 1053 559 1126 appellat
581 1053 609 1109 in
631 1054 725 1128 llogno
747 1050 904 1119 coelorum,
932 1053 968 1109 ed
987 1063 1105 1113 aetatem

82 1136 168 1192 refert
194 1153 256 1193 eum
284 1135 435 1209 Epiphanio
465 1137 559 1210 Chrys.
581 1130 767 1216 ’μικρότερος
794 1131 873 1193 κατὰ
900 1131 957 1213 τὴν
983 1130 1105 1213 ἡλικίαν

81 1217 134 1275 καὶ
163 1215 241 1277 κατὰ
270 1215 326 1295 τὴν
352 1224 415 1277 τῶν
440 1221 563 1278 πολλῶν
584 1216 692 1294 δόξαν,
720 1232 772 1279 etc.
817 1222 872 1278 Nec
894 1239 949 1278 non
971 1232 1007 1301 et·
1021 1223 1101 1288 Beda,

78 1305 181 1379 aliique
203 1306 367 1380 complures.

169 1393 229 1448 326
247 1407 270 1446 e.
301 1385 440 1458 Μέλιτος
460 1387 510 1447 καὶ
525 1386 715 1468 Κριθηΐδος]
738 1392 772 1448 llt
794 1410 823 1447 se
846 1392 948 1450 hahent
964 1393 1031 1450 haee
1047 1395 1101 1451 duo

79 1476 200 1540 nomina,
224 1476 356 1540 locorum,
381 1476 575 1550 oppidorumve
598 1477 705 1550 proprie
729 1494 790 1532 esse
811 1477 944 1534 videntur.
976 1478 1029 1534 Sed
1052 1479 1102 1536 de·-

79 1571 148 1616 sunt
167 1561 299 1635 imprimis
321 1561 424 1635 eliqua:
450 1571 506 1616 turn
530 1556 676 1636 Μέλητος
696 1561 855 1633 legendum:
880 1572 911 1618 ut
927 1563 1036 1620 Homeri
1051 1581 1102 1637 pe-

78 1662 146 1702 reus
168 1655 284 1720 uterque
307 1656 550 1710 commemoretur,
575 1647 656 1703 Heles
678 1655 706 1702 et
728 1645 854 1703 Critheis.
899 1647 981 1703 Heles
1003 1648 1101 1707 fluvius

80 1741 134 1795 eet,
157 1732 204 1805 qui
226 1732 366 1804 Smyrnam
389 1732 473 1796 alluit,
497 1731 606 1787 Homeri
628 1732 750 1806 patriam.
795 1731 893 1788 Strabo
915 1733 992 1790 tle.
1036 1733 1102 1790 Ste-

80 1815 190 1890 phanus
214 1811 362 1890 Μελήτου
390 1809 504 1872 κόλπου
532 1816 667 1882 meminit,
698 1806 731 1882 ὃς
753 1812 929 1894 Σμυρναῖος
956 1813 1101 1890 ἐκαλεῖτο,

80 1894 144 1957 ἀπὸ
166 1896 305 1958 Meliten
327 1903 478 1974 ποταμοῦ.
523 1902 611 1970 Quare
633 1895 779 1975 Μέλητος
807 1903 887 1958 etiem
910 1920 959 1974 pro
982 1896 1101 1978 Μέλης.

80 1985 183 2043 Herod.
206 1987 233 2042 in
249 1986 358 2041 Homeri
381 1987 431 2041 vita
448 1986 613 2043 Critheidem
635 1987 672 2044 ait
687 1987 833 2043 Homerum
857 2005 888 2043 ex
911 1986 1008 2043 furtivo
1032 2005 1101 2047 eon·

79 2070 174 2127 euhitu
198 2071 231 2127 ad
246 2071 370 2127 Heletem
393 2072 502 2127 lluvium
524 2076 673 2148 peperisse,
697 2089 728 2128 ee
750 2083 894 2145 propterea
910 2072 1100 2146 Helesigenem

79 2155 242 2229 appeHasse.
286 2156 463 2213 Philostrll.
493 2158 602 2214 leonum
625 2159 651 2214 in
676 2157 786 2222 Melete,
811 2157 973 2214 Critheidem
996 2157 1100 2215 Meletis

78 2258 174 2297 amore
201 2250 306 2313 captam
336 2241 497 2318 introducit,
526 2242 559 2298 ab
590 2261 678 2318 eoque
701 2242 847 2298 Homerum
874 2243 1005 2316 genitum.
1050 2241 1100 2299 Uhi

78 2327 196 2382 Critheis
220 2343 273 2381 non
297 2326 379 2381 lentis
402 2327 492 2392 ullius,
516 2336 547 2382 ut
570 2329 687 2385 Ortelius
711 2328 858 2393 existimat,
888 2328 935 2384 sed
957 2329 1100 2403 ipsiusmet

77 2411 189 2467 Homeri
213 2412 305 2467 matris
329 2428 427 2467 nomen
451 2422 502 2468 est.
537 2413 599 2469 Vide
623 2413 741 2469 Suidem.

166 2498 225 2554 326
242 2496 268 2552 h.
300 2487 386 2551 ἄλλοι
409 2491 443 2551 dd
464 2491 606 2572 Κύπριον
626 2490 845 2575 προποὸιάδος]
887 2497 963 2552 Haud
986 2498 1042 2553 seio
1064 2514 1097 2554 aa

78 2581 220 2653 proprium
243 2582 277 2636 sit
299 2581 389 2654 oppidi
413 2598 528 2645 nomen,
558 2601 591 2637 an
614 2599 676 2638 euin
698 2600 793 2654 agrum
816 2581 964 2656 significet,
988 2583 1034 2656 qui
1056 2591 1099 2639 eet

77 2661 138 2740 πρὸ
160 2660 256 2732 ποδὸς
277 2668 376 2723 montis
399 2667 522 2722 alieuius.

165 2754 224 2810 327
242 2752 267 2806 d.
291 2743 389 2826 ''Elepe
412 2746 460 2820 ad,
483 2746 568 2808 effide*
590 2744 625 2806 τὸ
648 2746 841 2826 ε’γερᾶἤναη]
866 2751 926 2807 Cor.
951 2744 1084 2827 ἕγερθέν.

166 2838 224 2894 332
241 2854 265 2892 ο.
296 2833 387 2909 Σχολ.
403 2830 457 2901 κζ.
480 2831 539 2911 πρὸ
563 2839 616 2910 τῆς
631 2836 686 2890 τοῦ
701 2832 840 2910 Χριστοῦ
855 2830 1013 2910 ἐπιδημίας]
1036 2836 1096 2893 Non

76 2938 159 2993 parve
180 2921 224 2978 hie
248 2921 420 2977 hallucinatio
444 2931 499 2976 est:
524 2920 697 2976 hssamoneei
718 2919 774 2983 lilii,
798 2922 850 2976 hoe
870 2930 912 2977 est
927 2920 1097 2978 Haeeheheei

76 3015 139 3078 post
161 3006 323 3062 Antiochum
348 3006 514 3078 Epiphanem
536 3005 705 3078 prodierunt.
737 3005 787 3072 Qui
810 3007 899 3079 coepit
921 3024 992 3063 enno
1011 3006 1097 3063 Gree-

74 3107 172 3146 eorum
199 3095 265 3149 137.
288 3096 311 3147 1.
336 3090 400 3145 llec.
423 3091 512 3146 lhoe
535 3101 577 3147 est
592 3091 653 3146 Per.
669 3090 718 3145 lul.
736 3092 829 3154 4538,
852 3092 929 3146 annis
952 3100 1014 3147 ante
1036 3091 1098 3148 vul-

74 3193 168 3248 garem
191 3177 290 3232 Christi
320 3176 434 3231 natalem
462 3179 529 3232 175.
574 3175 628 3231 Nisi
651 3176 722 3231 sorte
744 3176 906 3231 Antiochum
928 3169 982 3232 τὸν
1002 3171 1099 3252 μέγαν

74 3260 217 3332 intelliget,
240 3262 285 3333 qui
309 3263 399 3333 coepit
422 3260 482 3315 Per.
507 3261 555 3316 lul.
572 3264 665 3317 4490.
696 3260 750 3316 Sed
771 3264 1017 3317 Assamnnaeorum
1040 3270 1097 3318 tre-

74 3345 142 3401 ditio
165 3361 179 3399 e
203 3345 384 3401 llaechaheeis
407 3346 513 3401 initium
537 3345 640 3401 hahuit.
672 3347 761 3415 Quare
784 3345 851 3402 inim
872 3345 1020 3418 Hpiphauis
1043 3347 1097 3402 ini-

73 3430 142 3486 tium
166 3431 287 3503 eoeperit
309 3447 421 3486 necesse
444 3440 495 3486 est.

162 3517 223 3573 335
239 3533 263 3570 e.
295 3511 386 3589 Σχολ.
403 3508 453 3571 λε’.
476 3508 512 3570 od
533 3509 592 3591 γὰρ
614 3507 755 3592 ἡμεριναὶ
770 3510 916 3589 γίνονται]
947 3516 1025 3590 Apud
1040 3515 1096 3572 lle-

72 3601 160 3674 noph.
185 3609 274 3657 tamen
296 3593 506 3677 ἡμεροσκόπος
527 3608 578 3655 est.

162 3688 222 3743 336
238 3703 262 3742 e.
293 3682 384 3758 Σχολ.
407 3679 463 3759 λη’.
494 3677 554 3740 ἀπὸ
583 3687 645 3740 τῶν
674 3676 810 3761 ἀρχαίων
836 3677 876 3739 τὰ
904 3676 1092 3762 ἀντίγραφα]

71 3770 153 3826 Corn.
176 3773 238 3826 τῶν
259 3764 403 3846 ἀρχείων,
427 3788 459 3825 er
481 3769 611 3826 Archivis.
642 3770 761 3841 lgaatius
784 3768 868 3844 Epist.
893 3772 911 3827 6
933 3770 967 3826 ed
989 3770 1092 3827 Philed.

68 3846 193 3928 ἤκουσα
220 3849 279 3931 γάρ
307 3873 396 3910 terior
423 3847 570 3930 λεγόντων
598 3844 643 3910 ὅτι
672 3849 725 3911 ldr
744 3848 788 3930 μὴ
821 3850 852 3911 dr
878 3857 943 3922 τοῖς
963 3846 1096 3933 ἀρχείοις

69 3931 156 4017 εὕροι
177 3940 232 3996 τοῦ
255 3933 437 4014 εὐαγγελίου,
461 3932 496 3995 οὐ
518 3933 660 3995 πιστεύω.

161 4027 218 4083 341
238 4042 262 4081 e.
294 4021 386 4098 Σχολ.
408 4018 462 4091 νζ.
489 4020 558 4102 περὶ
584 4026 639 4099 τῆς
665 4018 779 4098 βάτου]
816 4026 892 4098 Apud
916 4025 1014 4082 Lneam
1038 4024 1092 4097 leg.

67 4104 119 4167 lut
144 4111 199 4185 τῆς
222 4103 331 4182 βάτου.

123 4204 269 4259 Epiphanius.
295 4205 319 4249 ll.
927 4207 942 4257 8
