2586 4822
412 870 487 919 ACTA
506 870 725 921 llOthNblth.
1025 870 1082 913 m

79 1020 284 1097 annectuntque
303 1022 404 1078 lactum
427 1033 455 1079 et
476 1023 665 1097 presbyterum
687 1024 840 1081 ordinatum
861 1022 895 1077 ah
918 1022 1081 1081 Eleuthero-

79 1104 187 1165 olilano
209 1108 353 1181 episcopo:
377 1124 457 1180 qrrem
480 1106 576 1164 deindo
599 1110 793 1183 inaegyptum
816 1107 947 1165 recedens
961 1108 1081 1182 Epipha-

79 1190 127 1249 nne
150 1201 259 1249 sanctus
282 1193 446 1249 monasterio
469 1211 518 1248 suo
541 1195 723 1267 praepositum
747 1193 894 1266 reliquerit.
925 1194 978 1249 Sed
1000 1210 1081 1267 prae·

79 1292 190 1350 ecquam
213 1277 285 1350 quod
308 1295 338 1333 ea
362 1278 514 1351 disputandi
537 1296 612 1334 mura
636 1288 662 1333 et
685 1280 752 1334 ratio
776 1278 885 1335 ridicula
908 1280 1018 1335 omniuo
1041 1278 1082 1334 ri-

79 1366 177 1425 hatur,
207 1372 235 1417 ct
265 1362 298 1418 dc
320 1362 406 1418 altero
429 1364 480 1419 istu
504 1363 652 1436 Epiphanio
676 1364 737 1419 alibi
760 1364 866 1435 legatur
888 1364 967 1431 nihil;
997 1380 1081 1419 unum

79 1446 110 1503 ti'e
130 1447 202 1501 Aetli
224 1446 358 1503 Romanae
381 1447 454 1503 urhis
478 1449 605 1520 praelecti
628 1449 704 1504 celim
728 1466 827 1504 uortrcn
849 1459 985 1510 notatum.
1009 1448 1082 1521 quod

79 1546 99 1587 ι
126 1530 242 1587 cerebro
270 1550 320 1587 suo
349 1543 530 1597 corurucntum
561 1543 698 1588 auctorem
727 1543 801 1607 patet
827 1550 858 1588 ex
880 1534 1081 1589 accersatissimo

79 1630 100 1673 u
122 1615 268 1688 Cutolopo,
291 1634 371 1689 qucm
394 1618 542 1673 ban-lierins
565 1635 579 1672 a
602 1618 728 1673 lhillaudo
751 1627 845 1673 riiistro
869 1628 1008 1691 acceptum
1024 1619 1084 1673 edi-

79 1699 104 1757 lt
126 1700 161 1756 ad
185 1700 319 1756 Canoncm
342 1702 498 1758 paschalem
520 1703 629 1769 l'iclorii
653 1721 675 1757 c.
691 1708 724 1760 13
748 1721 774 1775 ρ.
789 1706 858 1767 236,
881 1703 928 1758 uhi
944 1712 996 1759 “cr
1012 1713 1083 1759 tem-

79 1784 180 1841 nribus
204 1784 340 1848 Gallieni,”
368 1786 401 1841 ab
431 1805 501 1842 anno
525 1790 584 1845 ‘254
614 1805 701 1861 usque
726 1791 785 1845 354
819 1787 966 1852 indicatur,
1002 1789 1082 1862 “quis

79 1880 199 1947 plantum
221 1872 351 1943 temporis
374 1872 570 1943 praefecturam
588 1872 664 1927 Urbis
680 1873 897 1933 ailruinistraril.'‘
920 1873 1083 1946 quaudoque

79 1955 211 2013 neclectis
233 1956 384 2011 successive
407 1965 525 2029 qriatuor
546 1958 615 2012 iutra
639 1961 761 2013 cumdem
784 1975 883 2013 annum
899 1958 1009 2031 positis;
1034 1972 1084 2012 neo

79 2038 124 2097 ela
148 2040 265 2104 nomina,
289 2041 336 2096 sed
360 2050 387 2096 ct
409 2042 582 2115 praenomina
606 2042 801 2115 exprimuntur.
827 2043 937 2098 Interim
953 2042 1084 2115 exipsius

79 2124 226 2183 chetaeos-is
249 2125 361 2190 calculo,
384 2144 516 2182 acriorum
539 2128 732 2202 quinquaginta
754 2144 801 2184 sex
819 2128 1004 2200 episcopatum
1019 2126 1085 2200 Epi-

79 2210 169 2267 rltauio
192 2209 344 2274 tribuentis,
368 2221 425 2266 acta
450 2212 516 2267 haec
539 2222 631 2267 essent
646 2222 676 2267 ut
691 2213 830 2268 minumum
846 2223 908 2268 ωηο
924 2212 1083 2268 decennium

79 2294 265 2353 “linationem
288 2313 486 2369 praegressum,
510 2297 632 2371 adeoque
654 2309 717 2353 ωηο
739 2315 838 2353 aunum
863 2300 933 2356 338.

153 2381 204 2437 49.
236 2381 301 2436 Post
323 2382 388 2437 hacc
411 2381 517 2436 demum
540 2392 672 2445 sanctum,
700 2400 780 2456 qrieru
803 2400 854 2439 nos
876 2383 1018 2438 admodum
1041 2384 1086 2439 iu-

79 2480 163 2523 uem
187 2465 269 2521 luisse
291 2466 451 2539 iuhegypto
474 2467 597 2530 diximus,
620 2466 784 2522 celebritatis
806 2468 903 2522 nimiae
925 2468 1083 2540 lugientem,

79 2550 132 2607 llne
153 2566 247 2605 secum
269 2551 392 2622 navigare
415 2569 445 2606 es
468 2551 551 2623 lappe
572 2551 635 2606 lacit
658 2552 901 2624 pseudo-loannes,
925 2562 988 2625 post
1003 2568 1085 2608 ener-

79 2650 212 2704 ,nameuam
235 2636 262 2689 in
285 2651 396 2707 egressu
420 2635 586 2691 Hierusalem
608 2635 763 2701 liberatam
788 2646 815 2692 et
836 2637 1020 2693 Alexandriam
1035 2654 1087 2710 ap·

79 2718 178 2777 rubum
199 2719 342 2781 ludaenm,
366 2720 487 2794 Aquilam
511 2722 618 2775 nomine
641 2720 802 2793 disputando
818 2730 985 2785 convertere,
1008 2739 1039 2778 ac
1057 2723 1086 2778 S.

79 2804 216 2862 tllrauasio
239 2804 366 2877 episcopo
383 2806 480 2859 sistere
495 2804 700 2878 baptizandum
724 2805 820 2861 deinde
836 2822 896 2861 cum
912 2806 940 2861 S.
957 2806 1088 2880 l‘aphnu⁴

79 2890 116 2955 ie.
139 2888 232 2961 magui
253 2889 362 2944 Antonii
385 2889 526 2962 discipulo,
549 2891 576 2946 in
599 2890 735 2946 Thebaide
757 2891 894 2964 congredi,
919 2908 951 2947 eo
974 2892 1087 2948 consiliu

79 2982 98 3031 η
126 2973 156 3029 in
178 2972 279 3029 Nitriae
307 2991 399 3029 cremo
428 2974 550 3030 habltacc
572 2975 790 3048 permitteretur;
820 2976 868 3032 sed
890 2975 923 3033 ab
946 2977 999 3033 hoe
1020 2994 1088 3051 pro·

79 3058 178 3117 herice
200 3058 314 3122 iussum,
338 3059 452 3115 collecto
475 3060 545 3132 apud
562 3061 655 3116 l'atrcs
677 3060 778 3117 aestivo
800 3061 871 3124 leno.
895 3060 970 3117 abire
992 3062 1017 3117 in
1035 3062 1088 3136 lly-

79 3160 148 3201 mm
178 3152 260 3218 atque
289 3160 352 3199 oves
380 3161 501 3216 pascere.
546 3144 613 3199 'luni
644 3163 729 3218 prope
758 3146 945 3219 Leontopolim
977 3146 1089 3220 lingitur

79 3237 182 3287 nctus
204 3227 333 3284 accedere
355 3228 387 3282 ad
405 3228 523 3283 llicracis
541 3228 746 3286 celeberrimum
762 3231 965 3293 monasterium,
990 3233 1089 3287 istum-

79 3330 123 3387 με
146 3312 256 3386 publice
278 3314 420 3369 docentem
449 3332 556 3369 errores
578 3315 679 3370 multos
701 3324 806 3374 mutum
829 3317 941 3389 imperio
964 3317 1086 3381 reddere,

80 3414 99 3455 ο
127 3399 315 3472 poenitentem
344 3415 454 3463 sanare;
484 3398 599 3472 denique
627 3410 722 3455 curato
748 3400 773 3454 in
796 3402 930 3474 superiori
953 3401 1087 3458 Thebaide

79 3498 266 3555 hegumeno,
289 3484 380 3539 venire
403 3486 435 3539 ad
458 3483 516 3539 loca
539 3501 608 3556 quac
630 3484 757 3540 dicrrntur
779 3485 886 3541 bucolia
911 3485 1001 3558 ibique
1023 3504 1089 3562 sep-

79 3568 165 3627 ennio
189 3567 334 3634 habitasse,
357 3568 403 3623 uhi
425 3568 624 3624 Eudaemonem
648 3569 840 3642 philosophum
863 3571 1026 3627 converterit
1044 3589 1089 3627 sa-

79 3662 135 3711 ιιῑο
157 3654 236 3725 pueri
260 3654 318 3708 eius
334 3653 428 3719 oculo;
452 3671 536 3726 seque
553 3655 584 3709 ad
600 3654 785 3727 episcopatum
801 3656 893 3728 quaeri
909 3671 1088 3728 cognoscens,

79 3737 216 3795 everterit
242 3737 269 3793 in
292 3738 411 3811 Syriam,
440 3739 558 3812 primum
586 3739 761 3812 qrradragima
785 3740 842 3794 dies
864 3750 1039 3796 ccrnvcrsatus
1061 3741 1088 3795 iu

79 3822 238 3881 nonasterio
253 3822 282 3879 S.
299 3822 450 3887 llilariouis,
474 3831 617 3897 postquam
640 3824 683 3879 illc
706 3825 732 3879 in
749 3824 864 3897 Cyprum
887 3840 917 3879 sc
939 3834 1088 3898 receperat,

79 3908 95 3965 l
124 3917 171 3963 cst
198 3916 261 3981 post
288 3924 387 3963 annum
412 3912 489 3972 363,
519 3909 590 3963 iusta
619 3907 825 3981 llicronymuru;
854 3926 916 3965 cum
944 3919 1033 3965 tamen
1062 3910 1088 3964 in

79 3992 178 4051 nhuto
202 3992 286 4065 ipsius
308 3992 481 4057 fabulatoris,
504 3993 549 4048 dru
572 4001 635 4049 aute
656 3993 799 4049 llilarionis
821 3992 964 4049 adventum
987 3995 1013 4050 in
1037 3994 1090 4067 Cp-

79 4093 163 4143 rrum,
186 4076 223 4133 ibi
246 4079 390 4151 episcopus
412 4078 496 4134 luisse
518 4077 684 4151 Epiphanius
705 4077 838 4134 debuerit.
868 4079 897 4134 ln
914 4076 1024 4134 llierace
1039 4093 1090 4133 au-

79 4178 128 4219 en
155 4162 291 4235 insignem
318 4163 565 4236 parachronismum
594 4163 674 4220 etiam
697 4163 799 4218 noterit
819 4163 950 4218 &conius
970 4165 1003 4221 ed
1026 4177 1088 4218 ann.

122 4256 269 4309 Epiphanius.
298 4256 320 4299 V.
921 4255 939 4303 f,
