2586 4822
119 867 206 910 axam
301 896 310 911 ,
445 933 450 944 Ι
526 863 550 911 S.
570 862 719 913 aetenum

119 1016 236 1089 speciem
263 1014 363 1072 habere
392 1016 432 1071 vel
461 1015 608 1071 toterahiiis
630 1013 778 1071 mendacii?
821 1012 949 1069 Arcadius
971 1022 1054 1069 uatus
1077 1020 1136 1068 erat

118 1118 188 1156 anno
203 1103 271 1163 374,
295 1100 425 1156 decennio
446 1100 509 1173 post
526 1100 670 1160 Honorius.
694 1109 840 1172 utromque
863 1099 896 1154 dc
919 1098 1056 1171 baptismo
1070 1115 1136 1153 sus-

118 1185 188 1257 cepit
211 1185 249 1240 vir
272 1186 297 1240 iu
321 1185 420 1241 Palatio
443 1184 564 1240 sublimis
586 1185 694 1239 nominc
710 1185 847 1247 orsenius,
871 1193 898 1239 ct
922 1184 1067 1255 utriusque
1091 1182 1135 1237 in-

118 1270 219 1325 ventuti
242 1271 423 1325 informandae
446 1270 574 1342 prochain
598 1269 676 1324 simui
693 1269 728 1324 iHi
744 1270 842 1324 Hamae
858 1269 968 1323 inerunt
983 1284 1133 1340 uunquam.

118 1354 165 1410 scd
193 1372 243 1410 noc
266 1355 444 1427 Epiphanius,
475 1354 548 1428 qrrod
577 1355 682 1426 quidem
707 1355 816 1417 sciatur,
845 1354 895 1408 nisi
919 1353 1003 1408 semei
1026 1361 1134 1408 tautum

117 1456 188 1494 anno
212 1442 282 1497 382.
312 1440 420 1494 iliorum
444 1456 523 1495 soror
544 1440 620 1494 unica
645 1439 716 1494 Galia
736 1439 850 1495 Placidia
873 1439 933 1504 (scd
955 1455 988 1494 ex
1010 1436 1133 1493 seeundo

118 1524 261 1579 Theodosii
284 1524 452 1596 imperatoris
475 1525 609 1596 eoriiogio,
633 1523 683 1578 suh
706 1541 806 1579 auratam
828 1521 954 1578 duntaxat
980 1524 1039 1579 387
1066 1539 1138 1577 con-0

119 1610 232 1677 tracto),
268 1627 321 1682 qiio
351 1610 457 1681 qiridcm
486 1627 556 1663 anim
586 1610 706 1680 praecise
735 1610 769 1663 sit
801 1619 863 1664 nata
892 1594 1065 1681 ignoratur;'
1086 1607 1134 1661 sed

117 1693 233 1769 quandiu
258 1695 385 1749 Arcadius
408 1694 478 1756 vixit,
502 1694 600 1750 Homac
624 1711 677 1748 uon
701 1695 758 1749 tuit.
789 1693 826 1749 Eo
849 1702 938 1748 aittcm
960 1689 1012 1746 suh
1032 1706 1134 1746 anunm

117 1780 178 1836 408
202 1789 325 1843 mortuo,
354 1778 385 1833 ad
415 1780 523 1833 fratrem
547 1778 694 1833 Honorium
723 1779 750 1833 in
773 1778 872 1833 italiam
902 1777 1040 1851 proiecta,
1070 1776 1134 1831 dum

116 1863 216 1920 Homae
238 1880 334 1919 secure
356 1864 410 1936 agit
432 1863 519 1919 adhuc
541 1864 625 1935 virgo,
648 1881 718 1919 anno
743 1866 801 1920 409
826 1862 959 1925 aiiothis
984 1862 1017 1915 ad
1034 1861 1133 1916 Urhcu

116 1958 179 2005 aute
201 1965 299 2004 annum
322 1958 426 2021 captam
450 1965 480 2003 cx
503 1949 648 2020 improviso
671 1948 812 2021 regressis,
834 1947 914 2002 etiam
935 1947 993 2019 ipsa
1016 1947 1133 2019 capitur,

116 2033 150 2090 ah
174 2050 267 2089 eorum
290 2050 354 2105 rege
376 2032 510 2105 Atauipho
536 2033 562 2087 io
585 2050 696 2089 uxorem
719 2033 850 2096 sumitur,
878 2041 906 2088 et
927 2032 953 2086 in
978 2030 1133 2105 Hispaniam

116 2116 272 2183 abducitur3
300 2118 374 2172 hatri
397 2126 487 2173 atatem
510 2117 611 2173 reddita
635 2128 661 2173 ct
684 2117 841 2173 Constantio
864 2118 1009 2189 desponsa,
1036 2115 1134 2171 Vaiea·

115 2202 245 2259 linianum
268 2202 403 2258 iuniorem
431 2203 538 2276 peperit
562 2220 632 2258 anino
657 2206 733 2266 418,
764 2219 815 2257 neo
836 2201 916 2257 alium
939 2201 1028 2256 scitur
1051 2200 1132 2256 filiani

115 2286 252 2351 hahuisse,
277 2287 327 2342 nisi
350 2288 439 2342 forsan
462 2304 494 2343 es
517 2304 580 2361 rege
602 2287 717 2343 barbaro
741 2287 767 2341 in
790 2285 913 2360 Hispania
930 2284 1132 2341 SS.Thoodul·

115 2371 199 2445 pHum
222 2390 252 2428 ac
275 2372 471 2428 Theodericum
495 2373 614 2445 peperit,
641 2373 674 2428 de
696 2371 795 2445 quihus
818 2371 888 2444 apud
910 2370 1038 2426 Treviros
1060 2385 1133 2426 mor·

115 2456 170 2512 tuis
191 2467 280 2513 actum
303 2474 316 2511 a
340 2457 418 2513 nohis
444 2457 544 2514 1Haii.
575 2457 698 2526 Quamuis
720 2465 811 2512 autem
835 2457 899 2512 hacc
922 2455 1013 2511 omnia
1036 2455 1133 2511 certis·

116 2540 181 2599 sima
210 2542 279 2607 sint,
308 2541 420 2616 tingitur
447 2552 537 2598 tamen
559 2542 725 2615 Epiphanius
754 2540 787 2596 ah
810 2541 923 2597 Arcadio
949 2549 978 2595 et
1000 2538 1130 2603 Honorio,

115 2637 145 2685 ut
166 2626 233 2692 dixi,
256 2637 366 2683 vocatus
389 2627 498 2683 Homam
522 2626 554 2682 ad
578 2644 671 2682 corum
694 2642 800 2698 aegram
823 2642 945 2681 sororem
969 2626 1129 2681 curandam:

114 2710 196 2786 idque
218 2729 273 2768 non
295 2721 399 2769 tantum
423 2711 605 2787 praestitisse.
632 2712 679 2769 sed
702 2717 782 2768 etiam
805 2711 863 2768 eius
885 2710 970 2765 hlium
993 2719 1129 2766 mortona
1155 2704 1162 2718 “

114 2798 277 2862 suscitasse,
301 2798 346 2853 tali
368 2798 443 2870 lege,
472 2807 503 2853 ut
525 2798 703 2870 imperatores
725 2813 787 2852 cum
808 2812 903 2851 sorore
924 2804 1009 2868 atque
1032 2802 1128 2868 nepote

113 2880 194 2940 iidem
210 2883 381 2955 susciperent
397 2883 590 2938 Christianam:
614 2881 688 2957 quod
704 2890 731 2937 et
746 2880 867 2945 iecerint,
891 2880 1021 2952 tarthan
1038 2894 1128 2937 omnes

113 2966 147 3024 ab
180 2967 344 3040 Epiphanio,
378 2967 588 3041 suscipientibus
624 2966 787 3023 “Arcadium
818 2963 946 3039 Polybio.
981 2964 1128 3022 notorium

113 3049 231 3114 isaaco,”
259 3069 354 3106 eorum
383 3060 525 3108 “sororem
553 3051 681 3108 Prociisia
710 3051 838 3114 Patricia,
873 3059 901 3106 et
933 3049 1021 3106 fitium
1054 3049 1129 3106 heina

113 3135 229 3208 quodam
252 3137 404 3201 eunucho,”
427 3154 481 3192 riou
504 3138 562 3193 sine
584 3136 723 3210 prodigiis.
765 3136 798 3192 Et
819 3137 886 3192 haee
908 3134 1020 3207 quidem
1044 3133 1129 3191 orna‘n

113 3220 217 3276 vivente
239 3220 326 3276 adhuc
349 3220 501 3277 Theodosio
524 3221 637 3277 Seniore
651 3225 784 3295 Augusto,
807 3229 889 3295 atque
911 3219 979 3275 adeo
1001 3227 1130 3277 antean-

112 3319 177 3360 uum
201 3307 271 3369 395,
295 3323 349 3377 quo
373 3307 416 3362 hic
438 3324 452 3361 c
475 3307 527 3362 vita
549 3307 679 3379 migravit.

199 3393 247 3445 53.
291 3389 375 3445 Ruina
397 3391 423 3446 in
448 3392 564 3464 Cyprum
587 3408 725 3454 reversus,
757 3399 787 3446 ut
810 3389 937 3461 hugitur,
962 3388 1126 3462 Epiphanius

112 3489 167 3531 uon
189 3474 341 3530 diuturnam
364 3474 401 3530 ihi
424 3477 542 3548 quictem
565 3476 667 3537 habuit,
692 3475 737 3529 scd
758 3484 900 3547 postquam
916 3473 979 3528 fami
994 3472 1125 3546 punitos

111 3560 243 3632 coemptis
259 3560 423 3616 Faustiniani
445 3561 567 3635 irugihus
591 3561 738 3634 prudenter
760 3558 952 3623 consuluisset,
976 3568 1003 3613 et
1021 3559 1126 3615 insidiae

111 3642 179 3698 vitae
202 3662 267 3700 suae
289 3663 303 3700 a
326 3646 423 3701 Huhno
446 3646 558 3702 diacono
581 3663 647 3709 suo,
678 3662 710 3700 cx
731 3644 850 3700 eiusdem
874 3643 1042 3699 Faustiniani
1063 3659 1128 3716 sug⁸

111 3728 251 3801 gestione,
281 3742 387 3803 paratas
416 3731 501 3786 diviua
531 3731 709 3803 praenotione
732 3729 875 3791 erasisset,
904 3737 1037 3784 eruemur
1058 3728 1128 3785 coa·

111 3813 329 3887 atautinopolirn,
358 3816 390 3871 ad
416 3817 582 3888 praedictum
605 3816 795 3889 imperatorem
819 3811 1020 3880 Theodosium
1050 3828 1128 3888 qo·

110 3897 225 3971 pedihus
246 3899 414 3955 lahorautem
436 3901 577 3964 sanaverit,
600 3900 728 3956 laetitiam
751 3899 856 3955 iaciens
873 3915 927 3954 non
944 3906 1055 3954 tautum
1069 3898 1128 3972 apsi.

110 3984 159 4040 sed
190 3992 218 4040 et
246 3983 306 4039 siliis
333 3985 445 4040 arcadio
476 3993 557 4056 atque
580 3983 715 4049 Honorio,
745 4002 795 4058 per
822 3983 933 4039 eosdem
962 3983 1021 4039 dies
1046 3983 1126 4040 Hm

112 4066 374 4142 Constantinopolim
396 4069 519 4125 reversis.
550 4069 628 4126 Prius
650 4079 741 4127 autern
762 4085 844 4144 quam
864 4066 899 4125 ab
920 4067 954 4124 iia
977 4068 1129 4127 diseederd

111 4164 231 4221 nunus,
254 4153 443 4212 Faustinianus
470 4153 566 4211 emen
595 4152 728 4212 ahdiactns
752 4153 781 4211 in
802 4152 917 4211 duculi:
936 4153 1018 4212 nato·
1031 4154 1132 4213 dicitu
