2586 4822
150 730 173 791 8
519 737 540 788 1.
575 738 640 786 σιτ
657 737 700 786 ει
719 737 810 786 υιιι.
881 710 889 726 “

153 887 322 976 ἆγγελικὸν
345 883 594 970 ἇνομέλποντα·
615 886 700 969 χειρὶ
715 889 777 972 μιᾷ
790 885 893 968 μαζὸν
909 891 1097 966 κατέχοντα,
1120 888 1174 951 καὶ

153 987 235 1074 ἄλλῃ
263 985 347 1070 χειρὶ
375 988 514 1070 Χριστῷ
546 988 628 1068 βαΐα
656 984 865 1050 έιτισείοντα·
904 976 923 1069 ἦ
954 978 1178 1067 ἀπειρολόγος

154 1083 314 1166 θεολόγος
334 1087 525 1168 γεγενημένη
550 1081 664 1167 φῦσις·
698 1075 798 1157 εὐθὺς
820 1078 877 1144 τὸν
893 1079 1103 1164 προφητικὸν
1119 1079 1175 1145 λό-

152 1206 208 1267 γον
231 1183 303 1264 θεῷ
324 1182 391 1243 τῶν
414 1174 598 1259 ἀσωμάτων
632 1174 732 1258 ῦμνον
764 1173 807 1254 ὡς
836 1177 927 1257 δοῦρα
949 1175 1177 1260 προσάγοντα,

129 1277 236 1362 οὸμοῦ
258 1303 294 1342 τε
316 1279 368 1341 καί
393 1274 560 1357 κράζοντα,
585 1270 716 1339 ώσαννά
739 1274 772 1340 έν
795 1284 866 1351 τοῖς
889 1268 1056 1355 ὑψίστοις,
1081 1269 1178 1339 εῦλο-

151 1381 290 1495 γημένσς
312 1370 330 1437 6
353 1371 525 1454 ἐρχόμενος
555 1371 588 1437 έν
605 1369 758 1492 ὀνόματι
779 1378 906 1453 κυρίου,
940 1369 1024 1447 θεὸς
1035 1371 1176 1486 κάρτος,

152 1476 206 1538 καὶ
229 1471 394 1592 έπέφανεν
417 1465 504 1552 ῦμῖν.
550 1468 635 1551 πρός
658 1467 679 1533 6
700 1468 769 1589 ε’γώ
787 1466 1005 1582 περιχάριστο
1029 1462 1115 1548 ὁμοῦ
1142 1492 1178 1534 τε

151 1572 205 1635 καὶ
229 1566 386 1653 έφεόρτια
409 1560 626 1648 άντεπερωτιῦ
654 1566 730 1642 τοὶς
759 1564 866 1648 ίεροῦς
887 1564 1024 1679 τούτους
1047 1565 1206 1645 παῖδαςμ

152 1664 336 1750 θαρσήσας,
360 1670 393 1728 τί
407 1664 523 1779 Ηφατὲ,
535 1664 560 1726 τί
584 1664 704 1773 παῖδες
726 1666 819 1738 θεοῦ,
850 1656 1009 1740 παίόες’
991 1661 1177 1747 ανυμνητο-

115 1778 223 1881 ιθρες,·
261 1760 370 1826 πόθεν
400 1755 477 1840 ῦμῖν
508 1755 525 1824 6
555 1759 735 1872 ἰσόρροπος
764 1749 861 1836 οῦτος
888 1761 945 1825 τὸν
969 1763 1176 1846 Χερουβικόν

152 1858 253 1943 ῦμνον
276 1853 528 1940 άνακράζοντες;
552 1860 626 1932 πιῦς
649 1856 714 1920 δὲ
701 1881 756 1921 επι
747 1856 889 1921 πώλου
906 1855 1086 1939 Χριστὸν
1071 1864 1180 1941 σριῦν-

151 1982 205 2034 τες
234 1951 539 2037 ἆνθρωποπρεπιῦς
572 1947 704 2017 ώσαννὰ
732 1953 764 2018 ἐν
793 1965 865 2030 τοῖς
895 1950 1052 2032 ὑψίστοις
1072 1960 1180 2038 βοᾶτε

152 2055 375 2134 θεοπρειτιῦς,·
406 2052 468 2117 ναὶ,
493 2053 575 2132 φασὶ
600 2048 685 2132 πρὸς
708 2044 792 2135 ἡμᾶς
814 2050 846 2114 οἱ
868 2051 1069 2135 θεσρήτορες
1093 2065 1177 2119 παῖ-

154 2150 216 2225 δες,
239 2150 292 2211 καί
316 2147 372 2211 ἐπὶ
397 2143 512 2209 πώλου
536 2146 700 2231 αἰσθητοῦ
717 2147 864 2227 Χριστὸς
879 2149 1065 2227 καθέζεται,
1090 2144 1180 2215 ἀλλὰ

115 2248 210 2311 ιότοῦ
233 2243 359 2308 κόλπου
382 2244 440 2305 τοῦ
464 2246 626 2325 πατρικοῦ
650 2237 797 2325 οῦδομοῦ
817 2246 1005 2326 χωρίζεται·
1040 2253 1096 2311 καὶ
1119 2248 1177 2313 ἐπὶ

152 2341 267 2407 πώλου
292 2339 369 2405 ὄνου
393 2339 583 2417 καθέζεται,
614 2335 698 2405 ἀλλὰ
725 2344 784 2404 τοῦ
807 2342 933 2425 θρόνου
963 2345 1021 2407 τοῦ
1046 2350 1179 2427 Χερου-

151 2442 245 2522 βικοῦ
274 2433 332 2503 οῦκ
361 2431 642 2517 άπολιμπάνεται.
699 2431 767 2500 ἀλλ’
799 2435 897 2516 αῦτός
925 2435 943 2502 6
972 2438 1060 2504 κάτω
1091 2441 1178 2521 μετὰ

152 2535 272 2618 σαρκὸς
293 2542 427 2619 βροτοῖς
450 2528 644 2611 ἀνελλιπιῦς,
674 2529 772 2610 αῦεὸς
795 2531 899 2612 οὕτως
922 2536 976 2601 καὶ
999 2534 1067 2601 ἅνω
1091 2539 1178 2619 μετὰ

151 2632 279 2715 πατρὸς
301 2630 383 2707 θεὸς
406 2624 554 2714 ἀψευδὴς
583 2634 634 2694 καί
666 2626 841 2715 ἀληθινὸς,
873 2627 971 2710 αῦτός
1000 2628 1018 2695 6
1047 2658 1206 2709 παντο-ς

111 2730 278 2811 λοκράτωρ
301 2732 354 2793 καὶ
377 2726 610 2810 κσσμοκράτωρ
638 2726 693 2792 καὶ
716 2727 937 2811 έθνσκράτωρ,
967 2732 1021 2795 καὶ
1045 2725 1179 2816 άληθίης

151 2825 242 2902 θεὸς,
266 2829 318 2889 καί
340 2823 486 2907 χορηγὸς,
511 2830 564 2888 καί
588 2824 780 2908 φυτουργὸς,
805 2829 858 2890 καὶ
882 2821 1008 2911 όδηγὸς,
1033 2827 1089 2891 καὶ
1109 2850 1179 2893 σω-

150 2921 209 3007 τὴρ
233 2919 384 2984 πάντων·
422 2915 521 2996 αὐτὸς
544 2921 590 2997 είς
612 2920 670 3005 τὴν
693 2921 780 2985 κάτω
800 2917 1009 3008 Ἰερουσαλὴμ
1034 2923 1181 3007 εἰσέρχε-

149 3041 216 3093 ται,
246 3019 299 3080 καί
324 3020 380 3099 τῆς
404 3014 471 3079 ἅνω
502 3012 539 3079 οῦ
561 3018 749 3100 χωρίζεται·
784 3008 880 3096 οὗτος
903 3016 920 3082 6
943 3020 1086 3105 ποιητὴς
1110 3025 1178 3086 τιῦν

152 3112 282 3179 αι’ώνων
305 3119 359 3178 καί
382 3112 417 3190 ἐξ
438 3112 566 3177 αἰώνων
589 3117 648 3179 καὶ
673 3114 719 3192 είς
736 3116 879 3235 αίτῦνας·
914 3113 1013 3194 αῦτός
1042 3117 1135 3182 ἐστιν
1159 3114 1179 3182 6

112 3209 293 3287 256666665·
316 3206 372 3274 τόν
397 3204 568 3329 οῦρανόνη
570 3212 674 3288 τόνος·
710 3200 806 3289 οῦτός
829 3213 917 3278 ἐστιν
943 3210 1181 3296 ῦπεριπαττῦν

151 3308 207 3373 έπι
230 3301 453 3428 θαλάσσης(
430 3332 473 3418 ως
496 3307 552 3371 έιτί
576 3307 737 3393 ἐδάφους
770 3300 906 3387 οῦτοςο
890 3305 1004 3396 ὁμίχλη
1028 3336 1088 3395 την
1110 3312 1183 3378 θά-

150 3404 313 3469 λασσαν’
300 3402 570 3519 666667666666·
598 3394 696 3520 66665·
718 3405 760 3470 τά
781 3407 922 3490 κλεῖθρα
944 3418 1015 3483 τοῖς
1039 3401 1181 3491 άνθρω-

149 3525 230 3578 ποις
245 3508 459 3586 περιέθηκεν·
484 3489 579 3578 οὗτος
596 3498 692 3582 ὅρους
708 3513 781 3580 τοῖς
796 3504 1019 3581 θαλάσσαις’
1005 3510 1178 3587 εμέρισεν

150 3588 245 3675 οῦτος
268 3626 298 3663 6
277 3596 428 3711 “τλώσας
446 3608 543 3681 γαῖαν
559 3593 610 3662 ἐπ’
628 3593 734 3664 οῦδενί
753 3600 835 3682 έκρέι
837 3623 943 3666 ιασεν·
968 3590 1063 3715 οὗτος
1081 3625 1178 3668 στοι-

110 3702 244 3778 (ιοχείων
267 3693 326 3770 τάς
348 3694 479 3775 κράσεις
501 3694 686 3781 πανσόφως
705 3696 870 3781 ἐκέρασεν·
900 3688 995 3814 οὗτος
1010 3723 1051 3762 τα
1039 3696 1210 3786 κάλληη

150 3794 215 3856 τών
240 3794 351 3875 φυτιῦν
383 3791 637 3906 κατεκόσμησεν·
674 3783 769 3870 οὗτος
797 3790 935 3875 οιρανόν
965 3791 1009 3871 ὡς
1038 3793 1179 3875 ἱιιάτιον

151 3888 315 3965 ἐξέτεινεν.
371 3911 466 3950 οιτον
501 3884 599 3964 αῦτῦς
629 3913 801 3975 φωστηρσι
835 3895 1002 3973 λαμπροῖς
1038 3893 1180 3958 κατεκό-

153 4004 264 4068 σμησε.
304 3987 419 4047 τοῦτον
443 3991 618 4067 (φρίττουσι
635 3992 804 4070 Χερουβὶμ
826 3993 878 4053 καὶ
894 3995 1053 4071 τρέμουσι
1065 3992 1181 4073 Σερα-
