2586 4822
113 772 162 845 :xi
537 768 563 825 s.
581 772 733 823 erieuiuu
763 836 766 843 Ι

111 931 222 1001 *iterum
245 928 387 1009 Epiphanii
407 928 530 987 meminit
544 927 733 1001 lliemnyrnus,
756 943 808 987 nec
829 927 887 983 siue
909 925 1142 989 commendatione

124 1014 266 1073 monastici
288 1022 375 1073 status
397 1012 430 1071 ab
454 1030 486 1070 eo
510 1013 536 1071 iu
553 1013 641 1087 Cypro
664 1011 815 1087 propagati.
846 1010 913 1069 Cum
936 1012 1008 1085 enim
1023 1011 1142 1081 disisam,

111 1100 197 1177 ¹quod
218 1107 312 1159 sancta
334 1096 378 1155 illa
401 1098 478 1157 uidua
501 1096 714 1172 Hierosolymam
739 1096 882 1172 nauigans,
913 1104 997 1172 “post
1019 1097 1142 1157 llhndun

123 1194 152 1243 ct
172 1184 279 1259 Lyciam
302 1182 410 1242 undem
433 1183 497 1239 vidit
519 1184 646 1259 Cyprum,
670 1181 716 1238 uhi
737 1181 823 1239 sancti
846 1190 874 1237 et
897 1181 1058 1240 uenerabilis
1079 1182 1143 1258 Epi-

112 1264 215 1345 ‘phanii
237 1266 351 1344 pedibus
373 1268 524 1342 provoluta,
548 1269 641 1325 decem
663 1266 697 1322 ab
720 1284 752 1325 eo
775 1265 871 1325 diebus
887 1276 991 1325 retenta
1008 1277 1067 1335 csta
1089 1286 1142 1333 non

121 1356 151 1413 iu
172 1353 364 1417 relectionem,
387 1362 419 1409 ut
439 1353 483 1409 ille
504 1351 701 1417 arbitrabatur,
725 1352 822 1409 sedin
845 1369 914 1426 opus
937 1353 1016 1409 bei’:
1040 1363 1072 1413 ut
1093 1354 1143 1413 hoo

121 1440 214 1517 reipsa
228 1436 397 1512 comprobet.
421 1438 540 1504 “oronia
564 1437 661 1514 inquit,
681 1436 751 1495 illius
766 1437 820 1496 loci
834 1437 998 1495 monasteris
1014 1438 1142 1505 inurant,

46 1583 50 1594 ,
121 1534 205 1601 prout
219 1524 318 1598 potuit,
342 1521 479 1596 refrigeria
494 1533 652 1597 sumptuum
668 1522 796 1581 iratribus
812 1521 966 1599 dereliquit.
981 1540 1055 1597 quos
1068 1540 1143 1583 amor

122 1609 208 1667 sancti
237 1609 284 1667 uiri
306 1608 340 1663 de
363 1616 421 1682 toto
444 1607 508 1665 illuc
530 1607 596 1665 orbe
619 1608 811 1665 conduxerat”.
856 1607 921 1663 Erat
942 1618 1035 1665 autem
1057 1625 1142 1673 annua

123 1696 184 1757 384
207 1693 315 1767 quando
338 1693 389 1751 hoc
412 1692 534 1767 coudgit,
558 1693 599 1749 uti
623 1695 661 1753 26
685 1692 800 1749 lanuarii
821 1691 855 1749 ad
883 1690 972 1749 Vitam
986 1693 1017 1751 S.
1033 1693 1143 1759 Paulae

120 1779 251 1837 elisimus:
276 1777 347 1853 apud
369 1794 450 1853 quoru
472 1778 543 1836 idem
559 1777 587 1835 S.
603 1778 771 1854 Epiphanius
786 1777 886 1835 llotnae
909 1786 968 1836 erat
990 1779 1142 1853 hospitatus

120 1882 193 1923 anno
218 1865 293 1928 382.
323 1863 431 1939 quando
462 1880 540 1926 eum,
568 1880 630 1921 cum
659 1863 759 1921 satietis
781 1862 894 1920 Paulino
915 1863 1090 1921 Antiocheno
1116 1872 1142 1921 ct

118 1950 301 2023 hieronymo,
333 1947 464 2007 “Romarn
493 1949 675 2005 ecelesiastica
703 1948 782 2005 traxit
803 1948 978 2012 necessitas‚''
1002 1950 1042 2005 uti
1064 1949 1142 2007 elion

121 2034 216 2093 scribit
231 2034 412 2108 Hieronymus
436 2033 462 2090 in
485 2033 578 2090 eadem
598 2033 661 2091 Vite
675 2034 705 2092 S.
720 2033 847 2099 Paulum
870 2032 972 2090 addens
988 2033 1142 2107 quodlicet

121 2127 237 2177 “corum
260 2134 372 2177 accensa
395 2118 554 2184 virtutibus,
578 2136 628 2194 per
648 2127 785 2177 momenta
808 2118 920 2192 patriam
943 2118 1075 2177 deserere
1096 2136 1143 2177 co·

120 2204 315 2281 gitaha13uon
338 2201 444 2268 domus,
467 2221 522 2261 arou
544 2202 703 2269 liberorum,
727 2221 782 2261 non
805 2204 928 2271 familiae,
951 2221 1009 2262 non
1030 2222 1144 2278 posses·

120 2291 238 2353 sionum,
261 2305 316 2346 nou
339 2287 452 2345 alieuius
474 2288 598 2363 reiquae
613 2289 799 2347 adsaeculum
815 2290 936 2364 pertinet
948 2305 1073 2357 mennon
1098 2307 1144 2359 so-

119 2374 199 2449 laque
221 2374 245 2431 si
266 2373 319 2431 dici
340 2382 431 2447 potest
453 2383 482 2431 et
503 2374 668 2441 incomitata,
691 2375 724 2431 ad
747 2391 869 2431 eremum
891 2373 1039 2431 Paulorum
1062 2384 1146 2449 atquo

118 2450 299 2517 Antoniorum
320 2475 436 2533 pergere
457 2458 605 2533 gestiebat:
631 2460 793 2536 tandemque
816 2468 908 2516 exacta
924 2458 1024 2523 hieme,
1047 2469 1147 2534 aperto

118 2545 195 2611 mari,
218 2541 396 2603 redeuntibus
418 2543 451 2600 ad
473 2544 601 2603 ecclesias
624 2562 686 2602 suas
710 2544 855 2620 episcopis,
878 2554 906 2602 et
928 2544 987 2618 ipsa
1002 2554 1068 2602 uoto
1084 2561 1147 2605 cun

119 2630 157 2687 cis
180 2646 211 2687 ac
234 2629 368 2687 desiderio
392 2629 550 2703 itavigauit''.
581 2631 646 2687 Tam
668 2630 763 2687 eillcar
785 2631 856 2705 apud
879 2647 939 2687 eam
952 2628 1013 2707 ,luit
1028 2630 1148 2705 hospitis

118 2714 280 2773 saaactissimi
303 2714 346 2789 pia
368 2714 548 2773 conversatio.

544 2950 652 3007 caeti
674 2951 718 3008 lll.

118 3069 290 3126 &deraditur
310 3069 469 3142 Epiphania·
496 3088 565 3142 erpo
589 3087 750 3143 pauperes:
778 3080 893 3127 :mune
920 3071 997 3127 iuter
1026 3088 1092 3127 uni
1119 3078 1148 3129 d

328 3155 464 3211 loomin
486 3156 774 3227 Hierosolymitmauaa
795 3156 935 3228 querelae.

206 3310 252 3365 15.
282 3307 310 3365 Si
332 3325 385 3381 apua
408 3307 474 3365 sides
498 3318 571 3366 esset
593 3307 836 3383 pseudepigraphis
851 3307 880 3364 S.
896 3306 1041 3382 Epiplianii
1057 3308 1164 3375 Actis..

115 3392 259 3450 dicendum
282 3393 362 3457 locet,
386 3392 538 3450 ordinatum
561 3393 645 3450 luisse
668 3394 836 3467 episcopum,
860 3402 973 3467 propter
994 3391 1145 3453 revehun-

115 3496 178 3545 nem
201 3477 234 3535 de
257 3480 409 3535 solantem
432 3478 460 3535 S.
476 3478 585 3553 Pappo.
609 3478 738 3554 episcopo
762 3476 883 3551 Gptriae,
906 3478 1002 3552 quinto
1026 3495 1042 3535 a
1065 3477 1144 3537 Sali-

115 3564 187 3629 anina
217 3563 357 3631 milliario,
394 3580 528 3621 annerum
562 3563 757 3637 quinquaginta
786 3563 944 3639 episcopatu
973 3572 1003 3619 et
1030 3562 1144 3621 conius·
1166 3602 1182 3615 .

115 3648 199 3705 sionis
227 3665 289 3707 euni
313 3649 419 3706 Gelasio
442 3648 647 3706 Salaminiorum
678 3649 808 3722 episcopo
836 3646 928 3705 obitas
949 3647 1037 3722 glorie
1059 3664 1142 3723 pruo-

115 3732 238 3797 celleuti,
267 3734 310 3791 cui
339 3734 530 3808 metropolitae
558 3736 618 3790 nuri
646 3733 862 3808 designationem
890 3732 1012 3807 episcopi
1039 3730 1141 3791 meteri

114 3817 292 3891 provinciales
320 3818 521 3876 commiserant.
566 3818 604 3875 be
626 3819 656 3875 S.
671 3818 765 3893 Pappo
795 3817 903 3894 quidem
931 3817 998 3875 saus
1021 3825 1139 3883 constat.

113 3920 175 3969 eum
198 3903 280 3960 hodie
302 3919 412 3977 quoque
435 3904 507 3978 apud
529 3902 642 3978 Cyprios
663 3903 716 3960 coli
739 3921 789 3976 pro
812 3911 922 3967 sancto.
948 3901 1001 3959 sub
1025 3902 1139 3979 eiusque

111 3989 222 4055 nomine
244 3987 334 4045 adliuc
344 3988 467 4045 'manere
489 3988 618 4064 oppidum
637 3988 710 4063 quod
726 3989 785 4046 cius
801 3987 865 4046 olim
880 3988 931 4045 luit
946 3988 1137 4065 episcopatus:

111 4071 182 4131 diem
211 4073 293 4131 anniti
321 4071 411 4129 cultus
440 4073 528 4131 adhue
557 4073 714 4148 ignoramus
744 4082 772 4132 et
800 4083 927 4149 optamus
952 4072 1074 4131 discere:
1105 4071 1140 4139 do
