2586 4822
154 752 194 812 uo
608 764 720 814 eeruvu

152 920 276 994 gelorum
305 908 458 990 ὀνομασία
484 917 517 972 ad
545 916 684 991 llugrrruru
717 913 874 990 praestigias
908 915 1172 988 superstitiososque

152 1005 242 1062 cultus
264 1003 360 1059 relcrri
381 1001 472 1058 debet.
510 1001 542 1057 Ut
565 1012 592 1058 et
615 1003 679 1058 illud
702 1000 776 1056 Pauli
798 1000 831 1055 ad
855 999 959 1055 Coloss.
983 1003 1045 1056 c.2
1068 996 1172 1074 μηδεὶς

153 1083 236 1163 ὑμᾶς
250 1081 507 1163 καταβραβευέτω
523 1081 625 1142 θέλων
639 1083 670 1142 ἓν
681 1078 946 1161 ταπεινοφροσύνῃ
957 1080 1009 1139 καὶ
1021 1081 1169 1165 θρησκείρ

153 1178 214 1232 τῶν
237 1167 379 1249 ἀγγέλων.
410 1172 446 1226 Ex
468 1189 523 1243 quo
546 1172 610 1227 illud
626 1180 746 1243 apparet,
770 1187 849 1245 quam
867 1171 958 1241 inepte
974 1169 1008 1224 ab
1025 1170 1168 1225 Haereticis

154 1261 187 1315 ad
216 1257 379 1314 stolidissimi
407 1257 507 1312 erroris
530 1257 707 1329 patrocinium
730 1266 847 1328 uterque
869 1254 913 1310 ille
936 1255 1014 1310 loeus
1037 1255 1168 1311 oderetur.

155 1344 250 1399 Mirum
275 1350 315 1397 est
339 1358 400 1396 roro
424 1340 495 1412 quod
519 1341 544 1395 iu
569 1341 762 1396 Ecclesiasticus
777 1338 924 1396 Annalibus
947 1339 1060 1412 legitur,
1084 1341 1117 1396 de
1131 1340 1166 1396 illa

155 1429 318 1501 Angelorum
341 1424 493 1504 θρησκείᾳ
515 1425 616 1481 nullam
639 1425 671 1481 ab
688 1426 837 1498 Epiphanio
860 1425 1027 1480 mentionem
1052 1443 1113 1481 esse
1133 1426 1168 1481 la·

155 1524 235 1569 ctam.
267 1511 335 1579 Quid
358 1512 427 1567 euim
451 1511 549 1566 clarius
571 1528 650 1583 quam
675 1511 746 1584 quod
769 1510 935 1588 Epiphanius
956 1510 1010 1566 hoc
1032 1510 1095 1566 loco
1111 1527 1165 1566 nar-

156 1606 212 1661 rat,
242 1597 378 1651 Simonem
401 1596 566 1669 Angelorum
591 1596 682 1652 nescio
705 1613 772 1670 quas
795 1594 990 1668 appellationes
1015 1613 1078 1651 esse
1100 1612 1166 1651 eom·

156 1691 286 1744 mentum,
311 1697 360 1736 uec
382 1681 460 1737 aliter
483 1680 599 1736 obtineri
623 1698 703 1754 posse
726 1677 1034 1737 salutem'asseverasse
1058 1679 1165 1753 quamsi

157 1769 217 1841 quis
246 1783 351 1821 summo
374 1766 482 1822 Pareuti
510 1783 559 1839 per
588 1767 695 1822 easdem
724 1766 782 1821 illas
811 1765 964 1820 Potestates
992 1782 1025 1820 ae
1048 1765 1166 1821 llomiua·

156 1853 245 1909 tiones
273 1851 433 1907 sacrificium
462 1849 591 1908 offerret?
634 1854 674 1907 An
703 1867 757 1906 nou
786 1851 853 1906 liaeo
875 1859 918 1905 est
938 1845 1096 1925 θρησκεία
1116 1851 1167 1907 uti

158 1930 312 2012 dyye'lmu?

117 2019 145 2068 Al
243 2023 276 2075 At
298 2021 368 2075 euim
391 2020 517 2092 Angelos,
545 2036 613 2093 quos
637 2019 727 2074 muudi
752 2019 906 2075 conditores
927 2018 1001 2082 lecit,
1027 2021 1166 2077 detestatus

159 2115 201 2161 est
222 2105 330 2168 Simon,
354 2105 464 2178 suisque
488 2105 571 2161 vetuit
592 2099 749 2180 προσέχειν
769 2097 904 2173 τούτοις,
927 2113 957 2159 ut
979 2104 1019 2161 ait
1041 2105 1167 2162 Tlieodor.

159 2199 186 2245 et
208 2191 344 2245 lrenaeus.
375 2189 424 2256 oui
448 2189 531 2261 igitur
552 2190 677 2245 convenit
700 2198 730 2246 ut
751 2184 921 2263 θρησκείαν
935 2189 987 2245 illis
1004 2185 1168 2247 adbibuerit?

157 2276 210 2331 Sed
238 2275 364 2329 nimirum
391 2282 529 2348 utrunque
551 2291 643 2330 verum
667 2284 718 2330 est.
762 2274 880 2348 Angelos
903 2275 997 2329 iuuudi
1021 2276 1169 2332 conditones

157 2360 370 2415 contemnendos
393 2375 454 2414 esse
476 2359 568 2415 docuit
591 2369 712 2422 eatenus,
736 2369 767 2414 ut
789 2375 869 2431 supra
891 2359 951 2414 illos
967 2360 1170 2417 attollendoset

158 2462 218 2501 esse
241 2444 383 2500 crederent
406 2445 488 2499 etad
511 2460 644 2500 summum
668 2443 742 2499 illum
765 2444 872 2499 Patrem
888 2460 1057 2501 emersuros.
1085 2449 1122 2502 Ac
1136 2445 1172 2501 ui·

158 2531 302 2587 bilominus
326 2537 424 2593 tamen,
448 2528 566 2603 quaudiu
589 2531 616 2585 iu
638 2530 689 2586 hac
711 2529 762 2584 vita
785 2530 924 2602 degerent,
950 2531 1112 2587 execrandis
1127 2528 1175 2587 dtis

158 2615 293 2689 mysteriis
316 2632 346 2670 ac
367 2613 464 2670 ritibus
486 2614 640 2687 placandos,
664 2631 698 2669 ne
714 2614 850 2670 evolantes
867 2631 881 2668 e
897 2614 1061 2686 corporibus
1078 2616 1176 2671 auius

159 2718 209 2774 pro
231 2717 281 2756 suo
305 2699 363 2755 iure
385 2700 544 2757 retinerent.
574 2699 652 2768 Quod
668 2699 788 2754 Gnostici
803 2698 976 2771 postmodum
991 2702 1183 2773 arripuerunt·

159 2787 281 2854 Quorum
303 2785 368 2840 illud
385 2794 458 2850 erat,
480 2778 519 2841 τὰ
541 2777 672 2862 σαρκικὰ
693 2785 757 2849 τοῖς
777 2785 934 2859 σαρκικοῖς
956 2776 1137 2842 ἀποδοτέον.

247 2872 284 2926 59
301 2887 325 2924 a.
355 2863 453 2942 ἢτίνι
476 2870 521 2950 τῷ
543 2862 624 2949 λόγῳ
645 2859 680 2925 τὸ
702 2863 859 2942 ἐπίθετον]
901 2868 970 2937 Quid
994 2870 1107 2926 taudem
1129 2862 1188 2925 sibi

160 2953 215 3009 vrrlt
230 2951 416 3026 Epiphanius?
445 2954 530 3027 Negat
552 2955 622 3010 euim
639 2954 775 3009 Simonem
797 2953 878 3009 ullam
899 2953 949 3009 sibi
967 2955 1189 3028 appellationem

160 3038 298 3094 indidisse.
342 3039 421 3109 Atqui
450 3038 472 3093 is
501 3039 581 3094 trium
610 3038 661 3094 sibi
689 3055 866 3111 personarum
890 3039 997 3094 uomina
1021 3038 1196 3096 vendicabat

160 3131 188 3177 et
210 3116 340 3194 δύναμιν
360 3123 432 3178 iuter
452 3133 542 3179 cetera
564 3122 643 3180 θεοῦ
664 3141 725 3179 sese
741 3123 911 3180 nominabat:
935 3124 988 3179 boc
1002 3134 1056 3188 est,
1082 3134 1114 3180 ut
1129 3138 1192 3197 ege·

160 3206 334 3279 interpretor,
359 3206 405 3261 Dei
427 3207 519 3263 silium.
551 3208 614 3263 Vide
638 3209 706 3263 lreu.

246 3285 277 3345 ἐν
296 3285 375 3368 μέσῃ
397 3293 434 3367 τῇ
456 3294 518 3349 τῶν
535 3285 695 3365 Ῥωμαίων
715 3285 810 3364 πόλει]
841 3291 916 3348 Hanc
934 3291 1081 3349 Historiam
1104 3300 1188 3349 veteae

153 3383 233 3440 ,teres
256 3392 350 3431 ornares
372 3376 466 3432 Patres
488 3388 551 3451 post
572 3378 703 3434 lustinum
726 3377 862 3442 relerunt;
890 3375 1040 3443 Eusebius,
1065 3377 1179 3452 cydnus

101 3514 105 3525 ,
162 3457 264 3517 etalii.
294 3460 347 3516 Sed
370 3461 402 3516 de.
425 3469 514 3518 statua
529 3463 631 3520 Simoni
654 3479 716 3519 curu
739 3463 788 3518 hac
810 3461 986 3535 inscriptione
1007 3463 1100 3535 posita
1117 3461 1182 3519 '‘Si-

163 3544 234 3600 moni
257 3545 312 3601 beo
330 3546 445 3602 Saucto''
468 3547 506 3602 vir
529 3547 636 3620 quidam
660 3547 781 3603 eruditus
804 3547 952 3611 addubitat,
976 3547 1024 3619 qui
1047 3548 1174 3604 tustinum

162 3629 292 3685 Graecum
315 3632 450 3687 bominem
474 3649 566 3688 errore
589 3632 840 3709 deceptuugputat,
864 3649 924 3687 cum
946 3633 1085 3705 vulgarem
1109 3632 1179 3689 itin

160 3731 192 3770 ac
215 3716 312 3787 passim
336 3725 470 3773 extantem
492 3711 664 3796 ἐπιγραφὴν
685 3717 797 3790 legisset
819 3717 948 3773 “Semoni
972 3716 1029 3773 lleo
1053 3716 1175 3778 Saucto''.

81 3856 89 3867 ,
161 3800 299 3856 Simonem
328 3819 379 3874 pro
400 3802 518 3858 Semouc
545 3803 691 3876 accepisse.
737 3802 810 3869 Quae
839 3803 904 3858 milri
934 3802 1092 3860 coniectura
1114 3817 1176 3859 saue

161 3883 308 3960 probabilis
332 3895 374 3942 est
394 3888 458 3943 visa.
