2586 4822
475 822 766 874 tntninrrestonrs.
1075 808 1134 871 109

112 979 175 1035 naei
198 978 299 1034 Graeca
321 977 487 1051 praeierunt.
517 979 588 1034 Sunt
610 997 640 1034 ea
662 997 726 1036 rere
749 981 846 1054 partim
870 979 1013 1042 eGraeeo,
1036 980 1132 1052 partim

111 1082 131 1119 e
147 1063 250 1119 Veteris
272 1062 430 1136 interpretis
445 1063 539 1120 Latino
562 1065 730 1121 concinnata.
772 1065 850 1134 Quod
873 1074 1013 1138 uteunque
1030 1072 1133 1121 tentare

113 1148 201 1203 multo
225 1148 385 1221 prudentius
408 1165 438 1202 ae
460 1149 610 1204 modestius
634 1158 675 1205 est
697 1166 777 1222 quam
802 1159 905 1205 temere
919 1156 1025 1204 veteres
1040 1148 1133 1204 Patres

113 1234 238 1289 inscitiae
260 1242 342 1305 atque
365 1234 465 1287 erroris
489 1251 612 1307 arguere.
656 1235 721 1302 Quis
744 1236 831 1291 neseit
853 1233 983 1290 hebraica
1005 1231 1134 1289 voeabula

112 1319 217 1374 Graece
245 1318 307 1373 oiim
337 1319 452 1390 scripta,
482 1336 552 1393 qnae
581 1336 611 1374 ex
641 1319 764 1392 Origenis
790 1319 931 1392 hexaplis,
962 1318 1133 1392 Oetapiisque

111 1405 187 1473 apud
210 1402 431 1475 Chrysostoumrn
455 1403 576 1477 aliosque
599 1404 692 1459 Patres
715 1405 853 1478 leguntur,
877 1413 930 1458 tam
953 1403 986 1457 ah
1006 1403 1133 1459 Hebraeis

112 1488 215 1541 absona
240 1505 299 1543 esse
323 1499 352 1543 ut
375 1487 434 1550 ilia.
469 1489 519 1543 nisi
544 1490 610 1544 haee
633 1488 811 1553 haberemus.
841 1489 914 1544 nulla
936 1488 1042 1560 assequi
1066 1489 1134 1543 divi-

112 1574 189 1627 natio
218 1574 345 1646 potuerit.
377 1573 475 1628 Caussa
499 1574 579 1628 huius
602 1575 736 1630 varietatis
760 1584 800 1630 est
824 1574 1016 1629 hebraicarum
1037 1591 1132 1627 rorum

111 1659 228 1721 diversa,
251 1675 301 1712 nee
323 1657 355 1711 ati
378 1659 488 1712 aliarum
510 1659 663 1731 linguarum
679 1677 757 1714 usum
774 1661 838 1714 satis
855 1658 990 1715 modulata
1007 1657 1131 1730 prolatio.

112 1744 175 1811 Quo
204 1743 292 1797 minus
321 1743 445 1797 atlntirari
474 1744 599 1798 convenit
628 1747 653 1798 in
682 1746 774 1816 paueis
796 1745 848 1799 illis
872 1744 1052 1799 Mareosianae
1076 1743 1134 1797 ior-

112 1828 202 1883 muiae
225 1827 334 1882 voeihus
358 1845 427 1898 pene
450 1845 530 1883 omne
552 1828 656 1883 illarum
681 1830 791 1900 originis
815 1829 955 1900 vestigium
975 1827 1131 1883 extinctum.

202 1915 260 1969 256
277 1930 301 1967 a.
331 1909 459 1967 Μεσσιά
482 1904 629 1989 οὐφαρέγ]
668 1913 739 1969 Nova
762 1914 859 1968 iterum
883 1930 977 1968 roemn
1001 1912 1131 1986 prodigia.

113 1999 143 2053 lu
168 1997 266 2070 quibus
290 1997 437 2052 roussietari
461 2016 549 2069 neque
572 1998 673 2058 otium.
703 2015 791 2072 neque
820 2015 918 2070 operae
942 1999 1058 2070 pretium
1081 2007 1132 2051 est..

113 2083 193 2155 hputi
215 2083 284 2137 heu.
309 2083 487 2154 interpretem
517 2100 571 2137 uon
602 2083 696 2140 eodem
720 2093 801 2155 atque
825 2083 869 2138 hie
891 2083 971 2138 motio
994 2082 1131 2154 leguntur.

113 2168 152 2222 Ex
175 2185 229 2239 uuo
253 2168 400 2240 supplenda
424 2168 494 2240 aponi
517 2167 695 2241 Epiphaniam
719 2169 810 2223 vocula
835 2179 877 2223 est
900 2169 925 2222 in
949 2168 1048 2222 Graeca
1072 2184 1134 2221 ver-

112 2253 212 2307 borum
241 2253 473 2325 interpretatione.
519 2252 613 2309 Scribe
643 2254 725 2326 igitur
755 2245 801 2309 Οὐ
826 2249 935 2327 διαιρῶ
960 2244 992 2308 τὸ
1015 2253 1134 2324 πνεῦμα

112 2334 264 2413 Χριστοῦ.

201 2440 261 2495 256
279 2455 301 2493 c.
332 2433 491 2512 μυρίζουσι
516 2432 619 2492 δὲ’καὶ
645 2431 732 2493 αὐτοὶ
757 2439 800 2516 τῷ
821 2428 989 2515 βαλσάμῳ]
1028 2437 1064 2492 Ex
1081 2436 1133 2491 Ee-

113 2525 212 2579 rlesiae
236 2522 388 2578 Catholicae
414 2524 482 2584 ritu,
513 2540 593 2594 quem
617 2523 686 2578 simii
709 2523 753 2577 isti
776 2522 937 2577 retinebant.
984 2522 1048 2576 Nam
1071 2530 1133 2594 post

113 2608 277 2681 haptisnrum
301 2608 392 2680 inungi
417 2607 540 2662 solebant
563 2607 704 2681 Neophpti.

266 2862 309 2916 hb
333 2861 497 2917 phantom*
520 2861 619 2918 xxxvl
643 2859 979 2916 Hauautttorttrtutttt.
1009 2822 1012 2828 ·

202 2983 302 3040 26312.
333 2972 550 3055 λυτρούμενος]
582 2974 751 3056 Λύτρωσις
772 2980 816 3035 illa
839 2980 990 3053 Baptismus
1013 2988 1070 3034 erat
1093 2973 1135 3044 εἷς

113 3060 265 3143 λύτρωσιν
288 3058 454 3140 ἁμαρτιῶν.

202 3171 263 3226 265
280 3169 305 3223 d.
336 3160 482 3242 ἓνεπάγην
504 3163 545 3233 εἰς
559 3157 647 3242 ὕλην]
673 3167 773 3223 Vitieso
790 3165 881 3222 codiee
897 3183 963 3221 usus
980 3175 1021 3221 est
1036 3163 1132 3238 Epiph.

114 3254 180 3310 h'atn
202 3242 279 3327 ὕλην
301 3247 370 3309 hat'rd
395 3252 475 3309 dubie
501 3262 659 3326 corruptum
683 3271 732 3326 pro
755 3243 829 3309 ἰλύν.

203 3357 262 3412 tot
280 3355 307 3409 b.
338 3347 404 3427 σὴψ
426 3347 484 3430 γὰρ
507 3338 598 3421 οὗτος
620 3348 662 3416 ἂν,
680 3349 809 3429 λέγοιτο]
834 3353 902 3425 Seps
926 3351 992 3406 alius
1011 3368 1132 3424 serpens,

114 3441 183 3496 alius
206 3440 315 3496 lacerta.
347 3440 486 3495 Posterior
502 3439 615 3503 Chalcis,
639 3439 679 3495 vel
697 3437 854 3503 Chalcidica,
879 3437 951 3509 quod
974 3436 1133 3509 quibusdam

114 3526 193 3581 lineis
224 3526 293 3580 aeris
322 3527 439 3597 speeiem
470 3524 627 3597 gerentibus
656 3524 846 3596 distinguatur.
891 3522 928 3576 [te
959 3521 1011 3576 hoe
1033 3537 1134 3594 genere

114 3611 238 3683 loquitur
252 3610 432 3682 Epiphanius:
457 3609 528 3664 unde
545 3603 672 3663 Χαλκία
693 3626 742 3663 ror
765 3618 811 3663 aut
833 3607 866 3662 ab
889 3606 994 3662 erudito
1017 3606 1133 3680 quodam

112 3696 148 3751 ad
172 3712 246 3750 oram
271 3694 374 3750 Codicis
398 3695 538 3758 adnotata,
562 3703 608 3749 aut
631 3712 680 3748 suo
703 3694 763 3749 ioco
787 3701 868 3748 mota.
900 3691 1002 3747 Seriem
1026 3691 1134 3763 quidem

112 3781 201 3853 ipsam
225 3780 355 3836 orationis
378 3779 559 3851 interrmnpit.
590 3779 643 3833 lam
662 3779 733 3851 quod
749 3776 914 3850 Epiphanius
930 3776 1036 3839 asserit,
1059 3793 1134 3831 mor-

112 3882 176 3919 sum
206 3864 277 3920 haud
307 3865 373 3918 adito
402 3864 534 3919 exitialem
558 3881 634 3930 esse,
665 3863 712 3918 sed
734 3872 815 3937 sputo
839 3861 987 3925 continere,
1018 3877 1078 3916 rum
1102 3861 1133 3914 iis

112 3967 237 4024 pugnare
267 3949 385 4011 videtur,
417 3966 485 4022 quae
507 3949 618 4004 Aristot.
648 3948 756 4011 seribit.
787 3964 879 4003 morsu
902 3964 952 4001 suo
975 3946 1016 4001 vel
1038 3945 1134 4000 interi-

110 4051 189 4091 mere
213 4051 308 4108 sepas,
334 4035 377 4088 vel
399 4035 559 4090 acerrimum
582 4033 703 4090 dolorem
726 4033 857 4106 infligere.
902 4031 940 4087 be
963 4039 1043 4104 sputo
1067 4028 1133 4084 nihil

110 4120 185 4192 apud
208 4119 289 4175 aliurn
311 4119 373 4192 legi.
