2586 4822
194 802 257 865 tta
647 816 761 868 amatu

191 976 246 1049 τῆς
266 964 418 1044 μεσούσης
439 970 522 1042 accipi
546 979 645 1042 potest.
691 970 832 1025 Caeterum
856 968 1026 1034 hominicae,
1051 971 1111 1026 sire
1134 971 1212 1027 leriae
1289 1022 1292 1027 .

190 1059 291 1134 primae
315 1059 366 1112 hoe
388 1056 448 1111 {irco
471 1072 524 1109 uon
548 1056 677 1118 ureurinit,
700 1055 773 1127 quod
795 1053 828 1108 ah
851 1071 881 1108 ea
904 1071 1044 1128 nunquam
1071 1056 1211 1130 Xeropha-

192 1144 251 1219 gias
281 1141 428 1197 hebdomas
458 1140 524 1194 inire
553 1141 654 1213 possit,
685 1156 746 1195 curn
770 1139 907 1194 [lominica
937 1138 979 1194 die
1011 1140 1136 1197 ieiunare
1159 1160 1210 1197 non

191 1223 279 1285 liceat.
324 1227 356 1281 Et
379 1234 466 1280 tamen
490 1224 513 1278 si
536 1224 561 1279 in
584 1242 641 1279 eam
669 1229 703 1281 14
728 1225 819 1280 Lunae
841 1224 897 1279 dies
920 1224 1056 1290 inbiderit,
1082 1227 1209 1299 postridie

143 1312 385 1385 ‘ttltllierophagiaru
418 1308 591 1365 inchoabant.
636 1310 665 1364 lu
699 1309 1057 1365 'dessareseaedeeatitarum
1093 1311 1208 1373 haeresi,

191 1414 260 1473 quae
283 1404 325 1450 est
347 1394 578 1468 ‹prinquagesiura
602 1396 696 1467 cap.2
719 1394 752 1449 de
775 1393 870 1450 diebus
890 1394 953 1467 agit,
978 1411 1051 1467 quos
1075 1406 1146 1453 ante·
1162 1396 1210 1453 ra-

192 1481 291 1539 schatis
325 1479 437 1534 solenne
466 1489 519 1534 tarn
542 1479 630 1534 ludaei
659 1496 737 1551 quam
761 1478 904 1535 Christiani
927 1478 1118 1537 celebrabant.
1159 1482 1210 1536 tte-

191 1565 335 1641 prehendit
357 1565 427 1619 renim
444 1562 607 1627 haereticos,
632 1563 677 1637 qni
700 1565 732 1618 ad
755 1580 838 1618 unum
860 1563 931 1619 diem
952 1574 1116 1637 respectum
1130 1565 1209 1621 habe-

192 1659 261 1713 rent,
285 1666 345 1705 cum
369 1666 383 1702 a
406 1648 510 1703 deciuro
533 1647 575 1703 die
598 1666 695 1722 arguam
719 1648 798 1721 deligi
821 1649 1008 1720 assentarique
1024 1649 1082 1705 Len
1104 1668 1207 1724 praecu-

191 1735 270 1811 perit.
317 1733 391 1788 Unde
419 1733 539 1806 quinque
567 1732 599 1788 ah
627 1732 678 1788 ittis
707 1733 765 1788 dies
798 1731 934 1798 observari
965 1731 1130 1791 debuerant
1171 1735 1203 1789 de

191 1820 296 1879 ludaeis
319 1820 388 1874 cuim
412 1835 443 1874 ac
464 1817 662 1873 luilaizaatihus
685 1817 930 1886 Quartadecimanis
952 1817 1092 1891 loquitur.
1125 1819 1201 1875 eorm

191 1905 280 1963 ludaei
310 1921 371 1959 cum
399 1903 617 1974 decimaquarta
640 1902 683 1958 die
706 1902 739 1959 ad
760 1919 897 1975 vesperam
921 1902 1027 1958 Pascha
1051 1912 1203 1978 peragerent
1288 1956 1291 1977 Ι

192 1998 220 2047 ct
241 1990 343 2044 decima
366 1989 408 2043 die
431 2005 528 2059 agnum
545 1997 682 2059 caperent,
709 1991 726 2045 5
741 1988 842 2044 solidos
857 1987 915 2043 dies
930 1986 1059 2060 religioni
1076 1990 1204 2046 Paschatis

192 2072 387 2130 attribuebant.
431 2073 487 2126 laio
516 2089 578 2127 vero
608 2089 669 2128 cum
699 2082 813 2129 exeunte
844 2075 881 2131 14
904 2089 1006 2145 agnum
1029 2073 1202 2134 immolarent.

192 2159 303 2215 ineunte
325 2173 437 2229 vespera
452 2158 497 2219 ta,
522 2156 601 2211 huius
625 2158 677 2212 hoe
693 2167 735 2213 est
753 2161 797 2219 15,
812 2165 916 2230 partem
931 2155 1068 2219 libabant.
1092 2159 1201 2232 adeoque

193 2245 211 2301 6
234 2241 291 2297 dies
313 2240 505 2305 observabant,
534 2259 589 2296 non
613 2259 692 2298 uuam
715 2243 851 2298 duntaxat.
896 2242 986 2310 Quare
1010 2259 1065 2298 nos
1088 2261 1122 2300 eo
1143 2246 1199 2303 loco.

191 2327 283 2385 idest
305 2344 331 2399 p.
350 2328 404 2383 att
432 2344 456 2380 r.
475 2328 491 2382 2
514 2317 533 2400 ἦ
557 2317 633 2400 αὐτὴ
656 2319 905 2401 πεντεκαιδεκάτη
923 2320 1148 2405 ἓσιφτάσκουσα
1161 2344 1199 2402 pro

190 2404 503 2487 τεσσαρεσκαιδεκάτη
526 2411 729 2467 rescribendum
752 2422 886 2486 pathmus.
931 2411 1019 2480 Quam
1042 2414 1200 2470 emendatio·

192 2515 254 2554 aa·
277 2498 410 2552 sententia
433 2497 489 2568 ipsa
511 2497 642 2569 postulat.

279 2585 337 2640 821
355 2582 381 2636 d.
413 2573 481 2637 odire
503 2575 561 2656 peip
583 2577 615 2648 ἐξ
631 2571 856 2655 ἑκκαιδεκάτης]
881 2580 995 2636 hurum
1011 2582 1164 2657 implicatus
1176 2599 1201 2637 ae

193 2667 348 2725 salebrosos
371 2666 413 2723 hie
436 2667 512 2722 loeus
535 2675 585 2730 est,
613 2666 759 2741 quinetiam
782 2665 915 2739 superiori
937 2664 1085 2724 doctrinae
1108 2668 1202 2724 minine

193 2762 392 2810 consentaneus
421 2751 539 2815 ridetur,
568 2768 621 2825 qua
643 2750 783 2806 delinitum
806 2760 862 2817 est,
892 2750 914 2806 si
936 2750 963 2806 in
986 2751 1111 2825 aliquam
1133 2767 1201 2809 eser

192 2837 376 2895 hebdomadae
399 2837 470 2892 tertis
498 2840 532 2892 ta
557 2837 631 2891 huna
653 2836 788 2897 ceciderit.
812 2836 1008 2893 hebdomadem
1025 2837 1200 2913 xerophagiis

191 2924 260 2980 inire
282 2923 314 2978 ah
338 2921 455 2977 secunda
477 2921 551 2976 feria.
588 2921 731 2994 Fingamus
754 2921 844 2994 itaque
867 2922 968 2976 Lunam
995 2925 1032 2980 14
1059 2924 1090 2980 in
1113 2921 1203 2980 Sabba-

192 3017 250 3065 tum
280 3008 432 3064 incurrere:
461 3005 571 3078 incipiet
593 3006 793 3079 xerophagiae,
821 3007 876 3062 sive
897 3005 1039 3063 Paschatis
1066 3008 1202 3066 hebdomas

176 3076 227 3148 'ab
256 3094 392 3148 anteriore
421 3091 486 3146 seria
510 3093 537 3155 2,
568 3100 598 3145 ut
620 3091 721 3147 dietum
745 3100 795 3146 est.
839 3091 920 3164 Atqui
947 3092 1017 3148 baec
1040 3093 1105 3166 ipsa
1127 3097 1145 3152 9
1170 3100 1204 3147 est
1272 3122 1275 3137 =

191 3176 275 3240 Luna,
300 3194 353 3231 non
382 3180 426 3232 10.
480 3175 595 3243 Quodsi,
619 3184 649 3230 ut
671 3175 817 3248 Scaligero,
841 3175 961 3239 Calvisio,
987 3177 1109 3254 aliisque
1131 3179 1203 3234 deam

192 3268 249 3324 est,
273 3259 474 3314 ditl'uadendum
498 3261 532 3315 sit
554 3260 739 3333 Xerophagias
761 3261 865 3317 initium
888 3261 915 3316 in
938 3258 1032 3317 leriam
1061 3264 1080 3320 ‘2
1104 3263 1203 3320 alterius

191 3342 376 3406 hebdomadis,
399 3343 545 3415 itidemque
567 3345 669 3400 Pascha
692 3346 796 3400 aLuna
822 3349 858 3403 15
873 3345 899 3401 iu
917 3346 955 3402 22
979 3348 1203 3408 transferendum.

189 3428 358 3501 xerophagia
387 3444 401 3482 a
426 3429 463 3484 16
487 3428 558 3482 Luna
583 3429 732 3486 inchoanda
754 3430 848 3495 luerit,
877 3429 950 3505 quod
973 3430 1131 3506 legitimum
1152 3447 1205 3488 esse

189 3523 271 3586 negat
293 3512 467 3586 Epiphanius.
513 3514 600 3580 Quare
629 3515 669 3569 vix
697 3525 738 3571 est
765 3524 797 3570 ut
825 3514 949 3589 expedire
972 3533 1026 3572 nos
1050 3534 1086 3574 en
1107 3519 1151 3575 his
1170 3517 1205 3572 la·

189 3599 266 3672 queis
290 3599 433 3670 possimus.
469 3597 529 3652 Sive
551 3599 621 3653 eninr
645 3600 830 3673 xerophagiae
852 3600 937 3673 prima
958 3600 1018 3656 dies
1040 3603 1072 3658 in
1097 3603 1141 3659 illa
1160 3604 1205 3673 hy·

190 3683 297 3755 pothesi
320 3685 354 3737 sit
377 3683 440 3737 iuria
464 3683 591 3745 secunda,
615 3682 648 3738 ah
671 3685 779 3741 Lunail
803 3683 999 3741 hebdomadem
1022 3696 1203 3744 sanctaua-

190 3766 363 3839 spicahimur,
387 3767 491 3822 sivein
515 3779 674 3839 sequentem
698 3769 789 3825 leriam
813 3762 958 3826 secundam
981 3770 1129 3829 (differatur
1143 3772 1203 3828 iliius

190 3850 305 3915 initium,
328 3852 355 3906 iu
378 3852 480 3907 Lunam
506 3854 542 3908 16
564 3852 673 3909 incidet.
704 3854 845 3911 Haesimus
867 3854 912 3910 hie
933 3853 1104 3928 aliquandiu,
1127 3857 1203 3914 donec

190 3943 290 3993 cerunt
318 3936 384 3991 riam
413 3953 443 3992 ac
465 3937 597 3993 rationem
619 3938 782 4003 invenimus,
812 3957 865 4014 qua
887 3940 1026 3997 conciliari
1050 3943 1122 4000 haec
1142 3944 1204 3998 inter

190 4038 220 4078 ea
242 4020 422 4094 erquicarique
443 4032 564 4094 possent.
599 4022 656 4080 lloe
677 4024 761 4098 igitur
782 4027 813 4081 ad
838 4041 900 4082 cum
931 4026 1035 4083 nodum
1059 4028 1204 4085 dissolven-

190 4106 253 4162 duan
281 4107 408 4163 occurrit.
452 4106 619 4182 idpiphaniun
640 4108 743 4167 Lunam
769 4102 916 4189 ἡμερικτὶκ
932 4102 1007 4170 dut
1036 4113 1204 4193 νυκτερινῆς
