2586 4822
221 826 269 881 W.
303 828 368 879 αττ
385 830 460 877 τετυ
476 829 671 879 Λυκαονία
688 830 761 878 τον
778 829 944 880 κάκτον.
1049 818 1086 877 41

10 976 130 1055 εοτὸν
156 977 264 1063 σοφὸν
286 980 486 1062 Σολομώνντα
502 979 593 1062 λόγοι
610 982 724 1066 σοηών
744 976 777 1044 ἐν
793 972 978 1045 ἀναπαύσει
993 973 1090 1044 ἀκοί-

55 1100 178 1144 ονται.
217 1076 331 1161 πρώτη
354 1083 465 1142 τοίνυν
495 1076 588 1163 ἑορτή
624 1072 640 1162 ή
672 1072 789 1162 φρικτή
824 1075 878 1141 καὶ
911 1074 1088 1165 θαυμαστή

53 1172 157 1244 κατὰ
182 1173 286 1255 σάρκα
307 1177 365 1238 τοῦ
380 1176 528 1257 Χριστοῦ
544 1179 699 1259 γέννησις.
733 1176 806 1250 πώς
827 1172 887 1256 γάρ
904 1167 940 1237 αὖ
957 1180 1090 1254 θαυμα-

53 1269 130 1358 στή
159 1265 176 1358 ή
202 1270 237 1348 ἐξ
258 1264 404 1353 οὐρανῶν
419 1276 477 1337 τοῦ
494 1275 575 1338 θεοῦ
592 1271 677 1354 πρὸς
691 1267 777 1356 ήμᾶς
794 1271 982 1352 κατάβασις,
1006 1273 1091 1353 μάλ-

51 1374 127 1438 λον
155 1369 191 1432 δὲ
215 1368 472 1453 συγκαταβασις;
508 1366 560 1433 ότι
583 1364 600 1433 5
624 1370 757 1434 πάντων
781 1365 943 1452 δεσπότης
958 1368 1015 1453 τήν
1031 1370 1113 1437 τοῦτ

52 1464 195 1535 δούλου
224 1464 354 1551 μορφήν
384 1466 505 1531 ἓνώσαι
534 1466 638 1550 ἑαυτῷ
668 1467 847 1551 κατηξίωσε
876 1469 927 1530 καί
958 1464 1090 1550 πτωχήν

46 1567 198 1653 μητέρα
222 1563 311 1644 ἐσχεν
336 1557 353 1626 5
376 1563 485 1628 πάντα
508 1569 676 1647 περιέχων.
715 1565 849 1644 δευτέρα
872 1562 965 1648 ἑορτή
990 1558 1007 1649 5
1024 1566 1090 1628 τών

48 1668 268 1745 θεοφανίων
302 1660 417 1744 πολλῷ
455 1663 513 1745 τής
552 1661 685 1746 πρώτης
720 1660 777 1747 τήν
811 1667 956 1743 θεωρίαν
989 1662 1089 1742 μείζω

48 1761 209 1841 ἔχουσα·
248 1758 280 1824 ἐν
303 1758 444 1841 μὲνγὰρ
477 1761 517 1843 τῇ
547 1757 661 1842 πρώτη
691 1759 785 1843 ἑορτή
818 1753 1004 1822 ὑπεδείκνυε
1032 1759 1088 1823 τὸν

50 1860 232 1934 τεχθέντα
255 1855 337 1921 θεὸν
360 1855 455 1938 λόγον
485 1851 602 1942 ἀστήρ,
636 1856 668 1919 ἐν
699 1857 734 1920 δὲ
761 1858 799 1938 τῇ
830 1856 964 1940 δευτέρᾳ
993 1855 1088 1941 ἑορτή
1101 1869 1128 1920 10

33 1947 221 2037 ΒἸωάννης
245 1952 323 2034 ἐβόα
347 1955 417 2018 “ίδε
434 1948 451 2017 5
469 1948 571 2036 ἀμνὸς
585 1955 642 2017 τοῦ
661 1955 742 2017 θεοῦ
761 1947 777 2014 5
795 1952 896 2035 αίρων
911 1950 968 2038 τήν
985 1948 1090 2034 ἀμαρ-

59 2056 149 2112 τίαν
170 2052 228 2114 τοῦ
251 2050 401 2133 κόσμου’.
441 2052 591 2134 ἐβεβαίου
616 2053 650 2115 δὲ
673 2049 731 2136 τήν
746 2055 926 2130 μαρτυρίαν
948 2051 1006 2113 τοῦ
1028 2056 1090 2130 βα·

66 2147 273 2227 πτιζομίνου
298 2144 479 2230 οάρανόθεν
508 2143 525 2210 5
555 2147 663 2231 πατήρ
686 2149 774 2230 βοών
808 2134 924 2222 “οὗτός
953 2145 1041 2210 ἐστιν
1071 2140 1088 2210 5

69 2242 148 2320 υἱός
167 2269 230 2326 μου
254 2241 271 2309 5
295 2241 472 2331 ἀγαπητός,
498 2245 530 2310 ἐν
554 2236 580 2331 ᾦ
603 2242 793 2330 ηέδόκησα.”
829 2237 896 2307 ἀλλ’
916 2238 1089 2309 οάδὲτότε

74 2334 249 2427 ὁλόκληρος
271 2339 289 2428 5
306 2347 363 2431 τῆς
378 2340 579 2429 εὐφροσύνης
601 2338 795 2419 ἀπόλαυσις,
820 2341 933 2428 ἐπειδή
950 2342 1088 2427 μηδέπω
1100 2355 1127 2405 15

79 2433 119 2497 τὸ
140 2440 257 2525 θνητὸν
287 2444 382 2522 σῶμα
410 2439 466 2506 διά
493 2443 551 2527 τής
574 2435 784 2517 ἀναστάσεως
811 2439 869 2525 τήν
900 2433 1088 2503 ἀθανασίαν

86 2529 215 2614 ἐδέξατο.
253 2546 345 2622 τρίτη
369 2535 462 2625 ἑορτή
486 2541 544 2602 τοῦ
569 2538 797 2619 σωτηριώδσος
819 2537 954 2613 πάθους
972 2532 991 2620 5
1009 2531 1089 2601 ἀνά-

89 2650 188 2712 στασις
212 2636 371 2715 ζωοποιεῖ
392 2634 468 2711 τοὺς
492 2635 547 2700 διὰ
568 2638 627 2698 τοῦ
648 2640 879 2716 βαπτίσματος
907 2637 965 2697 τοῦ
988 2633 1089 2714 αἳμα-

10 2746 13 2757 “
93 2748 137 2804 τος
156 2727 251 2797 αίτοῖν
273 2731 486 2816 μαρμαρυγὰς
510 2726 811 2814 ἀπαστράπτοντας
832 2731 886 2794 καί
909 2725 1089 2813 ἀναγεννω-

95 2831 190 2907 μένους
213 2824 253 2894 δι’
279 2826 398 2906 όδατος
425 2829 481 2894 καὶ
503 2826 690 2911 πνεύματος
719 2823 821 2910 άγίου.
865 2827 917 2892 διό
945 2830 996 2892 καί
1027 2837 1128 2893 τῖε-Ἃ

72 2921 175 2990 ίσόνια
196 2928 318 3010 κόσμον
342 2925 499 3014 ἀνέστησε
521 2926 646 2992 καὶτὸν
663 2925 770 2991 πάλαι
788 2924 968 2991 ἐκπεσόντα
980 2919 1088 3006 Ἀδὰμ

95 3016 159 3108 ζωῆς
189 3025 324 3090 αἰωνίου
357 3021 485 3113 ήξίωσε.
536 3024 592 3090 διά
626 3025 722 3103 ξόλου
755 3018 772 3088 5
799 3018 905 3105 Ἀδάμ
939 3020 1087 3086 θάνατον

93 3116 235 3208 ἐτρύγησε,
261 3123 317 3189 διά
340 3125 435 3202 ξύλου
459 3124 601 3205 σταυροῦ
624 3123 706 3205 ζωήν
722 3125 768 3205 τῷ
784 3120 895 3206 κόσμῳ
910 3119 1087 3201 χαρίζεται.

88 3220 133 3280 καί
162 3217 237 3305 αότη
272 3223 331 3300 μὲν
364 3223 429 3285 τών
462 3222 702 3303 προλαβοοσών
740 3220 860 3302 ἑορτῶν
896 3217 1088 3299 ἐνδοξοτέρα

89 3307 293 3396 ἐπεδείκνυτο,
329 3316 442 3402 ἐπειδή
473 3317 505 3383 ἐν
535 3312 616 3402 αὐτῇ
645 3312 662 3379 5
687 3315 831 3391 θάνατος
860 3313 916 3380 διὰ
938 3312 1126 3383 θανάτουτσ

84 3413 136 3477 τόν
156 3414 297 3481 θάνατον
322 3415 520 3492 θανατώσας
553 3414 607 3479 καὶ
631 3412 713 3497 ζωήν
737 3408 906 3477 ἀθάνατον
928 3423 1000 3489 τοῖς
1022 3418 1089 3475 θα-

84 3515 185 3577 νοῦσιν
208 3513 376 3598 ἐπήγαγεν.
426 3507 509 3578 ἀλλά
538 3515 590 3577 καὶ
623 3505 701 3595 αότή
733 3504 788 3576 οάκ
817 3504 880 3590 ελγε
908 3513 965 3593 τῆς
986 3511 1088 3591 χαράς

79 3609 136 3694 ’τήν
156 3612 341 3696 πληρότητα
364 3610 419 3675 ἐπὶ
443 3614 500 3695 γής
522 3609 578 3674 τόν
602 3604 787 3675 ἀναστάντα
808 3613 995 3687 κατέχουσα.
1033 3607 1086 3670 καὶ

79 3704 98 3825 ή
121 3709 173 3791 τής
195 3710 415 3793 πεντηκοστῆς
438 3708 473 3772 δὲ
495 3705 578 3789 χαρά
599 3704 721 3789 μεγάλη
745 3706 798 3768 καὶ
822 3700 904 3786 ὑπὲρ
924 3704 1028 3786 λόγον,
1053 3701 1086 3766 ἐν

40 3823 93 3893 Βη
118 3816 186 3883 τοῖς
208 3803 412 3881 ἀποστόλοις
435 3803 563 3869 ἐδίδοτο
592 3805 722 3885 πνεῦμα
751 3798 853 3885 άγιον,
889 3800 1028 3886 σήμερον
1052 3799 1124 3872 δὲευ

75 3906 107 3971 ἐν
131 3907 168 3988 τῇ
190 3906 246 3988 τῆς
269 3897 466 3986 ἀναλήψεως
488 3901 583 3986 ἑορτή
606 3899 716 3965 πάντα
740 3899 794 3964 διὰ
817 3899 950 3965 πάντων
968 3893 1087 3982 εόηρο-

73 4006 171 4087 σι’·νης
194 3997 426 4085 πεπλήρωται·
468 3994 626 4083 οὐρανοὺς
652 3997 728 4074 τοὺς
758 3998 973 4083 ιγεγγοτόκους
995 3990 1087 4059 ἀνοί-

10 4106 128 4185 γετξας
152 4098 284 4164 καὶτὸν
307 4099 609 4181 λεπτομερέστατον
633 4089 712 4179 ἀέρα
739 4094 924 4178 γίαθμώσας
950 4090 1004 4154 καὶ
1029 4088 1085 4155 τὸν
