<?xml version="1.0" encoding="UTF-8"?>
<!DOCTYPE html PUBLIC "-//W3C//DTD XHTML 1.0 Transitional//EN"
    "http://www.w3.org/TR/xhtml1/DTD/xhtml1-transitional.dtd">
<html xmlns="http://www.w3.org/1999/xhtml" xml:lang="en" lang="en">
 <head>
  <title>
</title>
<meta http-equiv="Content-Type" content="text/html;charset=utf-8" />
  <meta name='ocr-system' content='tesseract 3.04.00' />
  <meta name='ocr-capabilities' content='ocr_page ocr_carea ocr_par ocr_line ocrx_word'/>
</head>
<body>
  <div class='ocr_page' id='page_1' title='image "./opera02dindgoog_0163.png"; bbox 0 0 2586 4822; ppageno 0'>
   <div class='ocr_carea' id='block_1_1' title="bbox 168 112 878 167">
    <p class='ocr_par' dir='ltr' id='par_1_1' title="bbox 168 112 878 167">
     <span class='ocr_line' id='line_1_1' title="bbox 168 112 878 167; baseline -0.004 0"><span class='ocrx_word' id='word_1_1' title='bbox 168 112 224 167; x_wconf 73' lang='lat' dir='ltr'>int</span> <span class='ocrx_word' id='word_1_2' title='bbox 468 121 576 166; x_wconf 75' lang='grc' dir='ltr'>ιιιίιιι</span> <span class='ocrx_word' id='word_1_3' title='bbox 600 120 878 166; x_wconf 46' lang='grc' dir='ltr'>,ιιειιιιιιιιειιιιιςι</span> 
     </span>
    </p>
   </div>
   <div class='ocr_carea' id='block_1_2' title="bbox 108 268 1181 3323">
    <p class='ocr_par' dir='ltr' id='par_1_2' title="bbox 156 268 1181 1882">
     <span class='ocr_line' id='line_1_2' title="bbox 156 268 1180 350; baseline -0.002 -15"><span class='ocrx_word' id='word_1_4' title='bbox 156 282 196 335; x_wconf 79' lang='lat' dir='ltr'>Ac</span> <span class='ocrx_word' id='word_1_5' title='bbox 220 287 276 333; x_wconf 87' lang='lat' dir='ltr'>turn</span> <span class='ocrx_word' id='word_1_6' title='bbox 299 268 532 349; x_wconf 75' lang='lat' dir='ltr'>lollis&#39;lipipbanii</span> <span class='ocrx_word' id='word_1_7' title='bbox 555 276 690 349; x_wconf 77' lang='lat' dir='ltr'>quadrans</span> <span class='ocrx_word' id='word_1_8' title='bbox 714 276 766 332; x_wconf 84' lang='lat' dir='ltr'>erit</span> <span class='ocrx_word' id='word_1_9' title='bbox 781 275 915 350; x_wconf 83' lang='lat' dir='ltr'>llesyebii,</span> <span class='ocrx_word' id='word_1_10' title='bbox 938 275 1001 333; x_wconf 88' lang='lat' dir='ltr'>licet</span> <span class='ocrx_word' id='word_1_11' title='bbox 1024 277 1106 333; x_wconf 85' lang='lat' dir='ltr'>buius</span> <span class='ocrx_word' id='word_1_12' title='bbox 1129 278 1180 334; x_wconf 85' lang='lat' dir='ltr'>tol·</span> 
     </span>
     <span class='ocr_line' id='line_1_3' title="bbox 160 356 1178 437; baseline -0.003 -17"><span class='ocrx_word' id='word_1_13' title='bbox 160 363 193 422; x_wconf 77' lang='lat' dir='ltr'>lic</span> <span class='ocrx_word' id='word_1_14' title='bbox 220 379 300 437; x_wconf 79' lang='lat' dir='ltr'>quom</span> <span class='ocrx_word' id='word_1_15' title='bbox 328 360 400 417; x_wconf 85' lang='lat' dir='ltr'>illius</span> <span class='ocrx_word' id='word_1_16' title='bbox 431 360 466 416; x_wconf 86' lang='lat' dir='ltr'>sit</span> <span class='ocrx_word' id='word_1_17' title='bbox 495 360 596 425; x_wconf 87' lang='lat' dir='ltr'>maior,</span> <span class='ocrx_word' id='word_1_18' title='bbox 625 358 688 433; x_wconf 82' lang='lat' dir='ltr'>quia</span> <span class='ocrx_word' id='word_1_19' title='bbox 710 359 780 416; x_wconf 75' lang='lat' dir='ltr'>lollio</span> <span class='ocrx_word' id='word_1_20' title='bbox 803 358 873 435; x_wconf 91' lang='lat' dir='ltr'>apud</span> <span class='ocrx_word' id='word_1_21' title='bbox 897 358 1060 435; x_wconf 76' lang='lat' dir='ltr'>llenycbiurn</span> <span class='ocrx_word' id='word_1_22' title='bbox 1084 356 1178 420; x_wconf 77' lang='grc' dir='ltr'><strong><em>λεπτὰ</em></strong></span> 
     </span>
     <span class='ocr_line' id='line_1_4' title="bbox 159 443 1180 505; baseline -0.001 0"><span class='ocrx_word' id='word_1_23' title='bbox 159 446 308 505; x_wconf 74' lang='lat' dir='ltr'>continebit</span> <span class='ocrx_word' id='word_1_24' title='bbox 330 454 394 501; x_wconf 86' lang='lat' dir='ltr'>octo</span> <span class='ocrx_word' id='word_1_25' title='bbox 415 453 444 503; x_wconf 84' lang='lat' dir='ltr'>et</span> <span class='ocrx_word' id='word_1_26' title='bbox 466 443 537 501; x_wconf 85' lang='lat' dir='ltr'>idem</span> <span class='ocrx_word' id='word_1_27' title='bbox 559 444 611 501; x_wconf 87' lang='lat' dir='ltr'>erit</span> <span class='ocrx_word' id='word_1_28' title='bbox 632 443 748 501; x_wconf 72' lang='lat' dir='ltr'>iortnscc</span> <span class='ocrx_word' id='word_1_29' title='bbox 769 462 832 501; x_wconf 90' lang='lat' dir='ltr'>eum</span> <span class='ocrx_word' id='word_1_30' title='bbox 848 444 940 501; x_wconf 89' lang='lat' dir='ltr'>obolo.</span> <span class='ocrx_word' id='word_1_31' title='bbox 972 444 1071 503; x_wconf 82' lang='lat' dir='ltr'>Verum</span> <span class='ocrx_word' id='word_1_32' title='bbox 1086 447 1180 505; x_wconf 77' lang='lat' dir='ltr'>cuiui-</span> 
     </span>
     <span class='ocr_line' id='line_1_5' title="bbox 159 522 1179 609; baseline -0.001 -20"><span class='ocrx_word' id='word_1_33' title='bbox 159 532 232 589; x_wconf 84' lang='lat' dir='ltr'>modi</span> <span class='ocrx_word' id='word_1_34' title='bbox 253 534 309 587; x_wconf 79' lang='lat' dir='ltr'>sint</span> <span class='ocrx_word' id='word_1_35' title='bbox 331 529 478 605; x_wconf 75' lang='lat' dir='ltr'>utrobique</span> <span class='ocrx_word' id='word_1_36' title='bbox 499 528 588 595; x_wconf 74' lang='lat' dir='ltr'>tolles,</span> <span class='ocrx_word' id='word_1_37' title='bbox 610 537 658 586; x_wconf 87' lang='lat' dir='ltr'>aut</span> <span class='ocrx_word' id='word_1_38' title='bbox 679 522 785 601; x_wconf 75' lang='grc' dir='ltr'><strong><em>λεπτὰ,</em></strong></span> <span class='ocrx_word' id='word_1_39' title='bbox 807 538 861 586; x_wconf 79' lang='lat' dir='ltr'>tour</span> <span class='ocrx_word' id='word_1_40' title='bbox 882 528 991 587; x_wconf 84' lang='lat' dir='ltr'>ditlleiln</span> <span class='ocrx_word' id='word_1_41' title='bbox 1009 539 1053 589; x_wconf 77' lang='lat' dir='ltr'>eet</span> <span class='ocrx_word' id='word_1_42' title='bbox 1069 532 1179 609; x_wconf 80' lang='lat' dir='ltr'>assequi</span> 
     </span>
     <span class='ocr_line' id='line_1_6' title="bbox 159 614 1178 693; baseline 0.001 -19"><span class='ocrx_word' id='word_1_43' title='bbox 159 634 239 693; x_wconf 78' lang='lat' dir='ltr'>quum</span> <span class='ocrx_word' id='word_1_44' title='bbox 263 614 358 673; x_wconf 83' lang='lat' dir='ltr'>inutile</span> <span class='ocrx_word' id='word_1_45' title='bbox 378 614 466 679; x_wconf 74' lang='lat' dir='ltr'>scire,</span> <span class='ocrx_word' id='word_1_46' title='bbox 489 614 670 687; x_wconf 71' lang='lat' dir='ltr'>pronunciare</span> <span class='ocrx_word' id='word_1_47' title='bbox 691 630 755 671; x_wconf 84' lang='lat' dir='ltr'>vcro</span> <span class='ocrx_word' id='word_1_48' title='bbox 777 614 950 672; x_wconf 75' lang='lat' dir='ltr'>temerarium</span> <span class='ocrx_word' id='word_1_49' title='bbox 972 631 1004 673; x_wconf 76' lang='lat' dir='ltr'>nc</span> <span class='ocrx_word' id='word_1_50' title='bbox 1025 616 1178 675; x_wconf 80' lang='lat' dir='ltr'>ridiculum.</span> 
     </span>
     <span class='ocr_line' id='line_1_7' title="bbox 156 698 1179 773; baseline 0.001 -14"><span class='ocrx_word' id='word_1_51' title='bbox 156 703 214 759; x_wconf 81' lang='lat' dir='ltr'>Sed</span> <span class='ocrx_word' id='word_1_52' title='bbox 242 702 373 758; x_wconf 74' lang='lat' dir='ltr'>talentum</span> <span class='ocrx_word' id='word_1_53' title='bbox 398 698 472 773; x_wconf 72' lang='lat' dir='ltr'>opud</span> <span class='ocrx_word' id='word_1_54' title='bbox 493 698 656 773; x_wconf 77' lang='lat' dir='ltr'>llespebium</span> <span class='ocrx_word' id='word_1_55' title='bbox 684 716 746 755; x_wconf 79' lang='lat' dir='ltr'>cmc</span> <span class='ocrx_word' id='word_1_56' title='bbox 773 699 888 756; x_wconf 78' lang='lat' dir='ltr'>solidum</span> <span class='ocrx_word' id='word_1_57' title='bbox 918 716 973 756; x_wconf 89' lang='lat' dir='ltr'>eoo</span> <span class='ocrx_word' id='word_1_58' title='bbox 1000 700 1090 759; x_wconf 84' lang='lat' dir='ltr'>solum</span> <span class='ocrx_word' id='word_1_59' title='bbox 1118 700 1179 759; x_wconf 84' lang='lat' dir='ltr'>ideo</span> 
     </span>
     <span class='ocr_line' id='line_1_8' title="bbox 160 774 1178 861; baseline 0.002 -18"><span class='ocrx_word' id='word_1_60' title='bbox 160 786 301 861; x_wconf 72' lang='lat' dir='ltr'>probabile</span> <span class='ocrx_word' id='word_1_61' title='bbox 322 794 374 851; x_wconf 83' lang='lat' dir='ltr'>est,</span> <span class='ocrx_word' id='word_1_62' title='bbox 397 784 459 858; x_wconf 89' lang='lat' dir='ltr'>quia</span> <span class='ocrx_word' id='word_1_63' title='bbox 481 784 598 858; x_wconf 87' lang='lat' dir='ltr'>idipsum</span> <span class='ocrx_word' id='word_1_64' title='bbox 621 785 658 840; x_wconf 87' lang='lat' dir='ltr'>ait</span> <span class='ocrx_word' id='word_1_65' title='bbox 681 801 740 841; x_wconf 85' lang='lat' dir='ltr'>csse</span> <span class='ocrx_word' id='word_1_66' title='bbox 763 774 899 857; x_wconf 79' lang='grc' dir='ltr'>νόμισμα</span> <span class='ocrx_word' id='word_1_67' title='bbox 912 774 956 855; x_wconf 76' lang='lat' dir='ltr'>b,</span> <span class='ocrx_word' id='word_1_68' title='bbox 978 802 1071 843; x_wconf 85' lang='lat' dir='ltr'>rerum</span> <span class='ocrx_word' id='word_1_69' title='bbox 1088 788 1178 853; x_wconf 71' lang='lat' dir='ltr'>euin.</span> 
     </span>
     <span class='ocr_line' id='line_1_9' title="bbox 159 868 1178 946; baseline 0.002 -17"><span class='ocrx_word' id='word_1_70' title='bbox 159 871 233 946; x_wconf 85' lang='lat' dir='ltr'>quud</span> <span class='ocrx_word' id='word_1_71' title='bbox 255 888 287 927; x_wconf 85' lang='lat' dir='ltr'>ex</span> <span class='ocrx_word' id='word_1_72' title='bbox 309 868 471 928; x_wconf 79' lang='lat' dir='ltr'>Cnseicdore</span> <span class='ocrx_word' id='word_1_73' title='bbox 498 868 571 926; x_wconf 90' lang='lat' dir='ltr'>idem</span> <span class='ocrx_word' id='word_1_74' title='bbox 593 878 684 944; x_wconf 75' lang='lat' dir='ltr'>potest</span> <span class='ocrx_word' id='word_1_75' title='bbox 706 869 805 943; x_wconf 77' lang='lat' dir='ltr'>colligi.</span> <span class='ocrx_word' id='word_1_76' title='bbox 850 870 933 927; x_wconf 77' lang='lat' dir='ltr'>Cuius</span> <span class='ocrx_word' id='word_1_77' title='bbox 956 869 982 926; x_wconf 90' lang='lat' dir='ltr'>in</span> <span class='ocrx_word' id='word_1_78' title='bbox 1005 870 1093 945; x_wconf 72' lang='lat' dir='ltr'>Epist.</span> <span class='ocrx_word' id='word_1_79' title='bbox 1106 874 1178 937; x_wconf 69' lang='lat' dir='ltr'>blo</span> 
     </span>
     <span class='ocr_line' id='line_1_10' title="bbox 159 954 1179 1031; baseline -0.002 -16"><span class='ocrx_word' id='word_1_80' title='bbox 159 954 328 1031; x_wconf 68' lang='lat' dir='ltr'>necopina</span> <span class='ocrx_word' id='word_1_81' title='bbox 357 964 437 1010; x_wconf 77' lang='lat' dir='ltr'>scint:</span> <span class='ocrx_word' id='word_1_82' title='bbox 464 954 522 1011; x_wconf 74' lang='lat' dir='ltr'>sen</span> <span class='ocrx_word' id='word_1_83' title='bbox 543 956 634 1011; x_wconf 74' lang='lat' dir='ltr'>millio</span> <span class='ocrx_word' id='word_1_84' title='bbox 656 956 839 1009; x_wconf 81' lang='lat' dir='ltr'>denariorum</span> <span class='ocrx_word' id='word_1_85' title='bbox 859 956 980 1011; x_wconf 70' lang='lat' dir='ltr'>solidum</span> <span class='ocrx_word' id='word_1_86' title='bbox 1000 972 1060 1011; x_wconf 77' lang='lat' dir='ltr'>eece</span> <span class='ocrx_word' id='word_1_87' title='bbox 1082 958 1179 1013; x_wconf 53' lang='lat' dir='ltr'>colum</span> 
     </span>
     <span class='ocr_line' id='line_1_11' title="bbox 159 1039 1178 1115; baseline 0.003 -19"><span class='ocrx_word' id='word_1_88' title='bbox 159 1050 233 1097; x_wconf 84' lang='lat' dir='ltr'>runt.</span> <span class='ocrx_word' id='word_1_89' title='bbox 275 1040 323 1097; x_wconf 82' lang='lat' dir='ltr'>i&#39;bi</span> <span class='ocrx_word' id='word_1_90' title='bbox 345 1039 514 1096; x_wconf 80' lang='lat' dir='ltr'>Hotomanus</span> <span class='ocrx_word' id='word_1_91' title='bbox 537 1040 650 1101; x_wconf 83' lang='lat' dir='ltr'>bostro,</span> <span class='ocrx_word' id='word_1_92' title='bbox 672 1056 724 1094; x_wconf 75' lang='lat' dir='ltr'>cen</span> <span class='ocrx_word' id='word_1_93' title='bbox 744 1040 984 1105; x_wconf 74' lang='lat' dir='ltr'>nuillicrict‘orcm,</span> <span class='ocrx_word' id='word_1_94' title='bbox 1013 1059 1063 1115; x_wconf 91' lang='lat' dir='ltr'>pro</span> <span class='ocrx_word' id='word_1_95' title='bbox 1085 1042 1178 1099; x_wconf 73' lang='lat' dir='ltr'>millio</span> 
     </span>
     <span class='ocr_line' id='line_1_12' title="bbox 157 1124 1178 1197; baseline 0.001 -15"><span class='ocrx_word' id='word_1_96' title='bbox 157 1128 354 1189; x_wconf 82' lang='lat' dir='ltr'>denariorum,</span> <span class='ocrx_word' id='word_1_97' title='bbox 376 1125 521 1197; x_wconf 90' lang='lat' dir='ltr'>legendum</span> <span class='ocrx_word' id='word_1_98' title='bbox 544 1125 660 1181; x_wconf 88' lang='lat' dir='ltr'>eoniieit.</span> <span class='ocrx_word' id='word_1_99' title='bbox 706 1124 770 1180; x_wconf 85' lang='lat' dir='ltr'>b&#39;om</span> <span class='ocrx_word' id='word_1_100' title='bbox 792 1124 924 1181; x_wconf 77' lang='lat' dir='ltr'>‹innodenis</span> <span class='ocrx_word' id='word_1_101' title='bbox 946 1126 1101 1189; x_wconf 83' lang='lat' dir='ltr'>miliarisiis,</span> <span class='ocrx_word' id='word_1_102' title='bbox 1123 1144 1178 1183; x_wconf 87' lang='lat' dir='ltr'>noo</span> 
     </span>
     <span class='ocr_line' id='line_1_13' title="bbox 159 1210 1178 1284; baseline 0.001 -17"><span class='ocrx_word' id='word_1_103' title='bbox 159 1230 215 1274; x_wconf 79' lang='lat' dir='ltr'>sex,</span> <span class='ocrx_word' id='word_1_104' title='bbox 239 1212 319 1284; x_wconf 73' lang='lat' dir='ltr'>vulgo</span> <span class='ocrx_word' id='word_1_105' title='bbox 337 1210 439 1266; x_wconf 87' lang='lat' dir='ltr'>solidus</span> <span class='ocrx_word' id='word_1_106' title='bbox 461 1210 627 1266; x_wconf 81' lang='lat' dir='ltr'>aestimatur.</span> <span class='ocrx_word' id='word_1_107' title='bbox 660 1210 806 1265; x_wconf 86' lang='lat' dir='ltr'>lictinendo</span> <span class='ocrx_word' id='word_1_108' title='bbox 829 1210 942 1283; x_wconf 80' lang='lat' dir='ltr'>proinde</span> <span class='ocrx_word' id='word_1_109' title='bbox 964 1211 1069 1284; x_wconf 87' lang='lat' dir='ltr'>vulgata</span> <span class='ocrx_word' id='word_1_110' title='bbox 1087 1212 1178 1268; x_wconf 87' lang='lat' dir='ltr'>lectio.</span> 
     </span>
     <span class='ocr_line' id='line_1_14' title="bbox 159 1293 1178 1369; baseline 0.001 -18"><span class='ocrx_word' id='word_1_111' title='bbox 159 1297 197 1351; x_wconf 82' lang='lat' dir='ltr'>Ex</span> <span class='ocrx_word' id='word_1_112' title='bbox 226 1313 278 1369; x_wconf 76' lang='lat' dir='ltr'>qnia</span> <span class='ocrx_word' id='word_1_113' title='bbox 304 1312 351 1349; x_wconf 82' lang='lat' dir='ltr'>sen</span> <span class='ocrx_word' id='word_1_114' title='bbox 372 1295 454 1350; x_wconf 90' lang='lat' dir='ltr'>millia</span> <span class='ocrx_word' id='word_1_115' title='bbox 476 1294 676 1351; x_wconf 83' lang='lat' dir='ltr'>denariolorum</span> <span class='ocrx_word' id='word_1_116' title='bbox 698 1294 725 1349; x_wconf 93' lang='lat' dir='ltr'>in</span> <span class='ocrx_word' id='word_1_117' title='bbox 748 1293 864 1349; x_wconf 89' lang='lat' dir='ltr'>solidum</span> <span class='ocrx_word' id='word_1_118' title='bbox 886 1296 1015 1369; x_wconf 81' lang='lat' dir='ltr'>imputato</span> <span class='ocrx_word' id='word_1_119' title='bbox 1038 1296 1178 1363; x_wconf 75' lang='lat' dir='ltr'>discimus,</span> 
     </span>
     <span class='ocr_line' id='line_1_15' title="bbox 159 1372 1181 1453; baseline 0.006 -20"><span class='ocrx_word' id='word_1_120' title='bbox 159 1398 229 1453; x_wconf 74' lang='lat' dir='ltr'>«puae</span> <span class='ocrx_word' id='word_1_121' title='bbox 251 1380 285 1435; x_wconf 89' lang='lat' dir='ltr'>ab</span> <span class='ocrx_word' id='word_1_122' title='bbox 309 1379 442 1452; x_wconf 73' lang='lat' dir='ltr'>llcsycbio</span> <span class='ocrx_word' id='word_1_123' title='bbox 465 1372 559 1435; x_wconf 77' lang='grc' dir='ltr'><em>λεπτὰ</em></span> <span class='ocrx_word' id='word_1_124' title='bbox 582 1390 721 1435; x_wconf 83' lang='lat' dir='ltr'>vocantur.</span> <span class='ocrx_word' id='word_1_125' title='bbox 752 1378 808 1435; x_wconf 90' lang='lat' dir='ltr'>llec</span> <span class='ocrx_word' id='word_1_126' title='bbox 830 1381 910 1436; x_wconf 89' lang='lat' dir='ltr'>mode</span> <span class='ocrx_word' id='word_1_127' title='bbox 933 1381 956 1435; x_wconf 81' lang='lat' dir='ltr'>si</span> <span class='ocrx_word' id='word_1_128' title='bbox 971 1380 1115 1438; x_wconf 89' lang='lat' dir='ltr'>duodecim</span> <span class='ocrx_word' id='word_1_129' title='bbox 1130 1400 1181 1439; x_wconf 77' lang='lat' dir='ltr'>eo-</span> 
     </span>
     <span class='ocr_line' id='line_1_16' title="bbox 159 1462 1180 1541; baseline 0 -20"><span class='ocrx_word' id='word_1_130' title='bbox 159 1463 213 1521; x_wconf 89' lang='lat' dir='ltr'>lido</span> <span class='ocrx_word' id='word_1_131' title='bbox 236 1464 413 1520; x_wconf 85' lang='lat' dir='ltr'>milliarenses</span> <span class='ocrx_word' id='word_1_132' title='bbox 435 1463 626 1527; x_wconf 89' lang='lat' dir='ltr'>attribuantur,</span> <span class='ocrx_word' id='word_1_133' title='bbox 650 1464 749 1537; x_wconf 78' lang='lat' dir='ltr'>singuli</span> <span class='ocrx_word' id='word_1_134' title='bbox 766 1465 913 1541; x_wconf 70' lang='lat' dir='ltr'>quingente</span> <span class='ocrx_word' id='word_1_135' title='bbox 929 1466 1041 1531; x_wconf 89' lang='lat' dir='ltr'>minuta,</span> <span class='ocrx_word' id='word_1_136' title='bbox 1064 1466 1106 1523; x_wconf 87' lang='lat' dir='ltr'>vol</span> <span class='ocrx_word' id='word_1_137' title='bbox 1120 1462 1180 1541; x_wconf 76' lang='lat' dir='ltr'>dp·</span> 
     </span>
     <span class='ocr_line' id='line_1_17' title="bbox 161 1539 1179 1625; baseline 0.005 -21"><span class='ocrx_word' id='word_1_138' title='bbox 161 1539 250 1625; x_wconf 75' lang='lat' dir='ltr'>vc&#39;pic</span> <span class='ocrx_word' id='word_1_139' title='bbox 273 1549 409 1624; x_wconf 80' lang='lat' dir='ltr'>colligent.</span> <span class='ocrx_word' id='word_1_140' title='bbox 440 1549 517 1619; x_wconf 79' lang='lat' dir='ltr'>Quod</span> <span class='ocrx_word' id='word_1_141' title='bbox 540 1566 589 1604; x_wconf 81' lang='lat' dir='ltr'>nur</span> <span class='ocrx_word' id='word_1_142' title='bbox 611 1545 707 1604; x_wconf 76' lang='lat' dir='ltr'>mirum</span> <span class='ocrx_word' id='word_1_143' title='bbox 723 1548 874 1607; x_wconf 81' lang='lat' dir='ltr'>ilotoinano</span> <span class='ocrx_word' id='word_1_144' title='bbox 897 1550 1041 1616; x_wconf 84' lang='lat' dir='ltr'>videretur,</span> <span class='ocrx_word' id='word_1_145' title='bbox 1064 1568 1179 1609; x_wconf 76' lang='lat' dir='ltr'>caussae</span> 
     </span>
     <span class='ocr_line' id='line_1_18' title="bbox 160 1634 1179 1710; baseline 0.002 -19"><span class='ocrx_word' id='word_1_146' title='bbox 160 1635 225 1691; x_wconf 85' lang='lat' dir='ltr'>nibil</span> <span class='ocrx_word' id='word_1_147' title='bbox 248 1645 321 1698; x_wconf 81' lang='lat' dir='ltr'>erut,</span> <span class='ocrx_word' id='word_1_148' title='bbox 344 1650 405 1691; x_wconf 86' lang='lat' dir='ltr'>eum</span> <span class='ocrx_word' id='word_1_149' title='bbox 427 1634 453 1690; x_wconf 90' lang='lat' dir='ltr'>in</span> <span class='ocrx_word' id='word_1_150' title='bbox 477 1643 625 1690; x_wconf 85' lang='lat' dir='ltr'>nostratem</span> <span class='ocrx_word' id='word_1_151' title='bbox 648 1651 774 1697; x_wconf 86' lang='lat' dir='ltr'>aureum,</span> <span class='ocrx_word' id='word_1_152' title='bbox 804 1634 849 1709; x_wconf 82' lang='lat' dir='ltr'>qui</span> <span class='ocrx_word' id='word_1_153' title='bbox 873 1634 992 1691; x_wconf 81' lang='lat' dir='ltr'>Romane</span> <span class='ocrx_word' id='word_1_154' title='bbox 1014 1636 1098 1710; x_wconf 89' lang='lat' dir='ltr'>duplo</span> <span class='ocrx_word' id='word_1_155' title='bbox 1120 1636 1179 1693; x_wconf 81' lang='lat' dir='ltr'>iere</span> 
     </span>
     <span class='ocr_line' id='line_1_19' title="bbox 159 1719 1179 1793; baseline 0.001 -17"><span class='ocrx_word' id='word_1_156' title='bbox 159 1722 327 1785; x_wconf 70' lang='lat' dir='ltr'>minerbae,</span> <span class='ocrx_word' id='word_1_157' title='bbox 353 1719 445 1793; x_wconf 81' lang='lat' dir='ltr'>plures</span> <span class='ocrx_word' id='word_1_158' title='bbox 468 1720 548 1775; x_wconf 86' lang='lat' dir='ltr'>ctinm</span> <span class='ocrx_word' id='word_1_159' title='bbox 571 1720 699 1775; x_wconf 81' lang='lat' dir='ltr'>minutiae</span> <span class='ocrx_word' id='word_1_160' title='bbox 720 1719 827 1792; x_wconf 79' lang='lat' dir='ltr'>possint</span> <span class='ocrx_word' id='word_1_161' title='bbox 849 1720 1003 1785; x_wconf 83' lang='lat' dir='ltr'>incurrere,</span> <span class='ocrx_word' id='word_1_162' title='bbox 1032 1722 1054 1776; x_wconf 75' lang='lat' dir='ltr'>si</span> <span class='ocrx_word' id='word_1_163' title='bbox 1078 1722 1110 1777; x_wconf 78' lang='lat' dir='ltr'>nil</span> <span class='ocrx_word' id='word_1_164' title='bbox 1134 1723 1179 1777; x_wconf 89' lang='lat' dir='ltr'>in-</span> 
     </span>
     <span class='ocr_line' id='line_1_20' title="bbox 160 1796 1178 1882; baseline -0.001 -19"><span class='ocrx_word' id='word_1_165' title='bbox 160 1806 235 1863; x_wconf 84' lang='lat' dir='ltr'>timos</span> <span class='ocrx_word' id='word_1_166' title='bbox 265 1822 437 1863; x_wconf 81' lang='lat' dir='ltr'>rrtrrnmoruru</span> <span class='ocrx_word' id='word_1_167' title='bbox 465 1804 561 1861; x_wconf 83' lang='lat' dir='ltr'>sordes</span> <span class='ocrx_word' id='word_1_168' title='bbox 590 1798 668 1861; x_wconf 82' lang='grc' dir='ltr'><em>κατὰ</em></span> <span class='ocrx_word' id='word_1_169' title='bbox 698 1796 887 1880; x_wconf 72' lang='grc' dir='ltr'>δἠναρισμὸν</span> <span class='ocrx_word' id='word_1_170' title='bbox 908 1805 1079 1877; x_wconf 81' lang='lat' dir='ltr'>redigantur,</span> <span class='ocrx_word' id='word_1_171' title='bbox 1109 1822 1178 1882; x_wconf 80' lang='lat' dir='ltr'>quos</span> 
     </span>
    </p>

    <p class='ocr_par' dir='ltr' id='par_1_3' title="bbox 108 1888 1179 2134">
     <span class='ocr_line' id='line_1_21' title="bbox 108 1888 1179 1965; baseline -0.002 -15"><span class='ocrx_word' id='word_1_172' title='bbox 108 1892 240 1965; x_wconf 77' lang='lat' dir='ltr'>lttlrnlgn</span> <span class='ocrx_word' id='word_1_173' title='bbox 263 1889 390 1953; x_wconf 80' lang='lat' dir='ltr'>iriacnlau,</span> <span class='ocrx_word' id='word_1_174' title='bbox 414 1889 524 1955; x_wconf 83' lang='lat' dir='ltr'>obolos,</span> <span class='ocrx_word' id='word_1_175' title='bbox 548 1890 627 1963; x_wconf 84' lang='lat' dir='ltr'>pilas,</span> <span class='ocrx_word' id='word_1_176' title='bbox 651 1899 697 1945; x_wconf 91' lang='lat' dir='ltr'>aut</span> <span class='ocrx_word' id='word_1_177' title='bbox 718 1889 777 1945; x_wconf 87' lang='lat' dir='ltr'>aliis</span> <span class='ocrx_word' id='word_1_178' title='bbox 799 1888 826 1944; x_wconf 90' lang='lat' dir='ltr'>id</span> <span class='ocrx_word' id='word_1_179' title='bbox 847 1905 934 1961; x_wconf 81' lang='lat' dir='ltr'>genoe</span> <span class='ocrx_word' id='word_1_180' title='bbox 957 1890 1103 1953; x_wconf 72' lang='lat' dir='ltr'>vocabulis,</span> <span class='ocrx_word' id='word_1_181' title='bbox 1126 1910 1179 1965; x_wconf 86' lang='lat' dir='ltr'>arp-</span> 
     </span>
     <span class='ocr_line' id='line_1_22' title="bbox 160 1974 1178 2050; baseline 0.001 -18"><span class='ocrx_word' id='word_1_182' title='bbox 160 1977 269 2050; x_wconf 83' lang='lat' dir='ltr'>petlaet.</span> <span class='ocrx_word' id='word_1_183' title='bbox 300 1977 337 2031; x_wconf 80' lang='lat' dir='ltr'>Ex</span> <span class='ocrx_word' id='word_1_184' title='bbox 358 1992 392 2031; x_wconf 90' lang='lat' dir='ltr'>eo</span> <span class='ocrx_word' id='word_1_185' title='bbox 415 1992 477 2031; x_wconf 83' lang='lat' dir='ltr'>reru</span> <span class='ocrx_word' id='word_1_186' title='bbox 499 1976 568 2031; x_wconf 89' lang='lat' dir='ltr'>ratio</span> <span class='ocrx_word' id='word_1_187' title='bbox 591 1976 703 2047; x_wconf 83' lang='lat' dir='ltr'>insuper</span> <span class='ocrx_word' id='word_1_188' title='bbox 725 1974 833 2029; x_wconf 76' lang='lat' dir='ltr'>evidens</span> <span class='ocrx_word' id='word_1_189' title='bbox 855 1984 906 2037; x_wconf 89' lang='lat' dir='ltr'>est,</span> <span class='ocrx_word' id='word_1_190' title='bbox 928 1974 965 2030; x_wconf 88' lang='lat' dir='ltr'>ob</span> <span class='ocrx_word' id='word_1_191' title='bbox 987 1990 1067 2047; x_wconf 87' lang='lat' dir='ltr'>quam</span> <span class='ocrx_word' id='word_1_192' title='bbox 1083 1977 1178 2033; x_wconf 79' lang='lat' dir='ltr'>talenti</span> 
     </span>
     <span class='ocr_line' id='line_1_23' title="bbox 159 2059 1178 2134; baseline 0.001 -18"><span class='ocrx_word' id='word_1_193' title='bbox 159 2079 259 2118; x_wconf 84' lang='lat' dir='ltr'>uoiricn</span> <span class='ocrx_word' id='word_1_194' title='bbox 280 2060 367 2116; x_wconf 83' lang='lat' dir='ltr'>solido</span> <span class='ocrx_word' id='word_1_195' title='bbox 389 2060 425 2114; x_wconf 82' lang='lat' dir='ltr'>sit</span> <span class='ocrx_word' id='word_1_196' title='bbox 446 2060 612 2132; x_wconf 80' lang='lat' dir='ltr'>impositum.</span> <span class='ocrx_word' id='word_1_197' title='bbox 642 2060 751 2132; x_wconf 79' lang='lat' dir='ltr'>Nempe,</span> <span class='ocrx_word' id='word_1_198' title='bbox 776 2059 849 2134; x_wconf 90' lang='lat' dir='ltr'>quod</span> <span class='ocrx_word' id='word_1_199' title='bbox 872 2059 984 2115; x_wconf 85' lang='lat' dir='ltr'>totidem</span> <span class='ocrx_word' id='word_1_200' title='bbox 1003 2061 1178 2117; x_wconf 81' lang='lat' dir='ltr'>minutiarum</span> 
     </span>
    </p>

    <p class='ocr_par' dir='ltr' id='par_1_4' title="bbox 110 2143 1179 2643">
     <span class='ocr_line' id='line_1_24' title="bbox 110 2143 1179 2218; baseline 0.004 -19"><span class='ocrx_word' id='word_1_201' title='bbox 110 2198 113 2203; x_wconf 75' lang='grc'>,</span> <span class='ocrx_word' id='word_1_202' title='bbox 160 2163 191 2201; x_wconf 90' lang='lat' dir='ltr'>ac</span> <span class='ocrx_word' id='word_1_203' title='bbox 214 2144 413 2201; x_wconf 80' lang='lat' dir='ltr'>ilenarioloruur</span> <span class='ocrx_word' id='word_1_204' title='bbox 436 2143 516 2198; x_wconf 88' lang='lat' dir='ltr'>millia</span> <span class='ocrx_word' id='word_1_205' title='bbox 538 2144 791 2218; x_wconf 77' lang='lat' dir='ltr'>comprehenderet,</span> <span class='ocrx_word' id='word_1_206' title='bbox 815 2151 882 2217; x_wconf 86' lang='lat' dir='ltr'>quot</span> <span class='ocrx_word' id='word_1_207' title='bbox 903 2143 1092 2201; x_wconf 85' lang='lat' dir='ltr'>drachmarum</span> <span class='ocrx_word' id='word_1_208' title='bbox 1107 2148 1179 2203; x_wconf 81' lang='lat' dir='ltr'>btti-</span> 
     </span>
     <span class='ocr_line' id='line_1_25' title="bbox 161 2228 1179 2304; baseline 0.004 -21"><span class='ocrx_word' id='word_1_209' title='bbox 161 2246 221 2284; x_wconf 84' lang='lat' dir='ltr'>eoin</span> <span class='ocrx_word' id='word_1_210' title='bbox 244 2246 275 2283; x_wconf 87' lang='lat' dir='ltr'>nc</span> <span class='ocrx_word' id='word_1_211' title='bbox 297 2228 406 2301; x_wconf 78' lang='lat' dir='ltr'>vulgare</span> <span class='ocrx_word' id='word_1_212' title='bbox 428 2228 568 2284; x_wconf 75' lang='lat' dir='ltr'>talentum.</span> <span class='ocrx_word' id='word_1_213' title='bbox 614 2228 734 2302; x_wconf 80' lang='lat' dir='ltr'>Reliqua,</span> <span class='ocrx_word' id='word_1_214' title='bbox 758 2246 827 2301; x_wconf 77' lang='lat' dir='ltr'>quae</span> <span class='ocrx_word' id='word_1_215' title='bbox 849 2228 921 2302; x_wconf 86' lang='lat' dir='ltr'>apud</span> <span class='ocrx_word' id='word_1_216' title='bbox 943 2229 1106 2304; x_wconf 75' lang='lat' dir='ltr'>Hesychium</span> <span class='ocrx_word' id='word_1_217' title='bbox 1131 2250 1179 2287; x_wconf 85' lang='lat' dir='ltr'>sc-</span> 
     </span>
     <span class='ocr_line' id='line_1_26' title="bbox 159 2312 1177 2388; baseline 0.004 -20"><span class='ocrx_word' id='word_1_218' title='bbox 159 2323 290 2388; x_wconf 83' lang='lat' dir='ltr'>qumnnr,</span> <span class='ocrx_word' id='word_1_219' title='bbox 314 2312 455 2385; x_wconf 82' lang='lat' dir='ltr'>peregrina</span> <span class='ocrx_word' id='word_1_220' title='bbox 478 2322 542 2369; x_wconf 83' lang='lat' dir='ltr'>sunt</span> <span class='ocrx_word' id='word_1_221' title='bbox 564 2322 592 2369; x_wconf 89' lang='lat' dir='ltr'>et</span> <span class='ocrx_word' id='word_1_222' title='bbox 614 2313 779 2369; x_wconf 76' lang='lat' dir='ltr'>accumulate</span> <span class='ocrx_word' id='word_1_223' title='bbox 802 2323 914 2377; x_wconf 88' lang='lat' dir='ltr'>temere,</span> <span class='ocrx_word' id='word_1_224' title='bbox 937 2324 966 2370; x_wconf 92' lang='lat' dir='ltr'>ut</span> <span class='ocrx_word' id='word_1_225' title='bbox 990 2316 1016 2370; x_wconf 90' lang='lat' dir='ltr'>in</span> <span class='ocrx_word' id='word_1_226' title='bbox 1034 2315 1177 2372; x_wconf 81' lang='lat' dir='ltr'>thsmriis</span> 
     </span>
     <span class='ocr_line' id='line_1_27' title="bbox 158 2397 1178 2472; baseline 0.004 -18"><span class='ocrx_word' id='word_1_227' title='bbox 158 2398 268 2460; x_wconf 81' lang='lat' dir='ltr'>nnsolet,</span> <span class='ocrx_word' id='word_1_228' title='bbox 292 2399 318 2452; x_wconf 92' lang='lat' dir='ltr'>in</span> <span class='ocrx_word' id='word_1_229' title='bbox 341 2414 410 2471; x_wconf 75' lang='lat' dir='ltr'>quine</span> <span class='ocrx_word' id='word_1_230' title='bbox 432 2397 519 2453; x_wconf 82' lang='lat' dir='ltr'>variae</span> <span class='ocrx_word' id='word_1_231' title='bbox 541 2416 571 2453; x_wconf 93' lang='lat' dir='ltr'>ae</span> <span class='ocrx_word' id='word_1_232' title='bbox 594 2400 745 2455; x_wconf 77' lang='lat' dir='ltr'>contrariae</span> <span class='ocrx_word' id='word_1_233' title='bbox 767 2397 928 2472; x_wconf 87' lang='lat' dir='ltr'>plerumque</span> <span class='ocrx_word' id='word_1_234' title='bbox 950 2416 1043 2455; x_wconf 78' lang='lat' dir='ltr'>cocum</span> <span class='ocrx_word' id='word_1_235' title='bbox 1068 2418 1178 2457; x_wconf 89' lang='lat' dir='ltr'>earum·</span> 
     </span>
     <span class='ocr_line' id='line_1_28' title="bbox 159 2482 1176 2543; baseline 0.004 -4"><span class='ocrx_word' id='word_1_236' title='bbox 159 2484 219 2539; x_wconf 88' lang='lat' dir='ltr'>dum</span> <span class='ocrx_word' id='word_1_237' title='bbox 243 2484 368 2539; x_wconf 86' lang='lat' dir='ltr'>notiones</span> <span class='ocrx_word' id='word_1_238' title='bbox 391 2500 423 2538; x_wconf 86' lang='lat' dir='ltr'>ex</span> <span class='ocrx_word' id='word_1_239' title='bbox 444 2483 555 2539; x_wconf 72' lang='lat' dir='ltr'>«liversis</span> <span class='ocrx_word' id='word_1_240' title='bbox 571 2483 738 2539; x_wconf 56' lang='lat' dir='ltr'>stutboribus</span> <span class='ocrx_word' id='word_1_241' title='bbox 760 2482 890 2539; x_wconf 74' lang='lat' dir='ltr'>collectae</span> <span class='ocrx_word' id='word_1_242' title='bbox 911 2483 963 2540; x_wconf 76' lang='lat' dir='ltr'>sub</span> <span class='ocrx_word' id='word_1_243' title='bbox 979 2502 1034 2541; x_wconf 89' lang='lat' dir='ltr'>uno</span> <span class='ocrx_word' id='word_1_244' title='bbox 1050 2484 1176 2543; x_wconf 83' lang='lat' dir='ltr'>lemmate</span> 
     </span>
     <span class='ocr_line' id='line_1_29' title="bbox 159 2567 460 2643; baseline -0.003 -18"><span class='ocrx_word' id='word_1_245' title='bbox 159 2569 258 2643; x_wconf 77' lang='lat' dir='ltr'>passim</span> <span class='ocrx_word' id='word_1_246' title='bbox 281 2567 460 2624; x_wconf 84' lang='lat' dir='ltr'>inculcantur.</span> 
     </span>
    </p>

    <p class='ocr_par' dir='ltr' id='par_1_5' title="bbox 159 2652 1179 3323">
     <span class='ocr_line' id='line_1_30' title="bbox 245 2652 1177 2726; baseline 0.004 -19"><span class='ocrx_word' id='word_1_247' title='bbox 245 2653 332 2710; x_wconf 82' lang='lat' dir='ltr'>Nibilo</span> <span class='ocrx_word' id='word_1_248' title='bbox 359 2654 450 2726; x_wconf 84' lang='lat' dir='ltr'>itaque</span> <span class='ocrx_word' id='word_1_249' title='bbox 480 2653 648 2709; x_wconf 80' lang='lat' dir='ltr'>ratiocinatio</span> <span class='ocrx_word' id='word_1_250' title='bbox 679 2653 729 2708; x_wconf 86' lang='lat' dir='ltr'>ista</span> <span class='ocrx_word' id='word_1_251' title='bbox 752 2652 888 2708; x_wconf 79' lang='lat' dir='ltr'>doctiores</span> <span class='ocrx_word' id='word_1_252' title='bbox 911 2654 981 2709; x_wconf 81' lang='lat' dir='ltr'>viros</span> <span class='ocrx_word' id='word_1_253' title='bbox 1005 2655 1177 2713; x_wconf 79' lang='lat' dir='ltr'>doctissimos</span> 
     </span>
     <span class='ocr_line' id='line_1_31' title="bbox 160 2732 1176 2815; baseline 0 -20"><span class='ocrx_word' id='word_1_254' title='bbox 160 2738 250 2803; x_wconf 71' lang='lat' dir='ltr'>eflicit,</span> <span class='ocrx_word' id='word_1_255' title='bbox 275 2749 303 2794; x_wconf 88' lang='lat' dir='ltr'>nt</span> <span class='ocrx_word' id='word_1_256' title='bbox 326 2732 421 2793; x_wconf 70' lang='grc' dir='ltr'><em>λεπτὰ</em></span> <span class='ocrx_word' id='word_1_257' title='bbox 442 2748 587 2811; x_wconf 85' lang='lat' dir='ltr'>argenteos</span> <span class='ocrx_word' id='word_1_258' title='bbox 609 2737 734 2793; x_wconf 85' lang='lat' dir='ltr'>denarios</span> <span class='ocrx_word' id='word_1_259' title='bbox 757 2754 827 2801; x_wconf 83' lang='lat' dir='ltr'>esse,</span> <span class='ocrx_word' id='word_1_260' title='bbox 850 2737 906 2795; x_wconf 80' lang='lat' dir='ltr'>sive</span> <span class='ocrx_word' id='word_1_261' title='bbox 928 2738 1080 2805; x_wconf 84' lang='lat' dir='ltr'>dracbmas,</span> <span class='ocrx_word' id='word_1_262' title='bbox 1103 2742 1176 2815; x_wconf 80' lang='lat' dir='ltr'>quod</span> 
     </span>
     <span class='ocr_line' id='line_1_32' title="bbox 160 2821 1177 2899; baseline 0 -18"><span class='ocrx_word' id='word_1_263' title='bbox 160 2825 291 2881; x_wconf 83' lang='lat' dir='ltr'>hactenus</span> <span class='ocrx_word' id='word_1_264' title='bbox 314 2822 483 2896; x_wconf 86' lang='lat' dir='ltr'>ignorabant,</span> <span class='ocrx_word' id='word_1_265' title='bbox 506 2823 634 2895; x_wconf 86' lang='lat' dir='ltr'>deinceps</span> <span class='ocrx_word' id='word_1_266' title='bbox 656 2822 816 2895; x_wconf 88' lang='lat' dir='ltr'>intelligunt.</span> <span class='ocrx_word' id='word_1_267' title='bbox 846 2821 904 2877; x_wconf 78' lang='lat' dir='ltr'>lion</span> <span class='ocrx_word' id='word_1_268' title='bbox 927 2822 993 2880; x_wconf 82' lang='lat' dir='ltr'>illud</span> <span class='ocrx_word' id='word_1_269' title='bbox 1008 2825 1119 2899; x_wconf 78' lang='lat' dir='ltr'>quidem</span> <span class='ocrx_word' id='word_1_270' title='bbox 1135 2826 1177 2883; x_wconf 90' lang='lat' dir='ltr'>in-</span> 
     </span>
     <span class='ocr_line' id='line_1_33' title="bbox 160 2898 1176 2983; baseline 0 -18"><span class='ocrx_word' id='word_1_271' title='bbox 160 2910 295 2969; x_wconf 85' lang='lat' dir='ltr'>licianrnr,</span> <span class='ocrx_word' id='word_1_272' title='bbox 325 2898 454 2983; x_wconf 75' lang='grc' dir='ltr'>ἀργύρια</span> <span class='ocrx_word' id='word_1_273' title='bbox 479 2900 574 2964; x_wconf 76' lang='grc' dir='ltr'><em>λεπτὰ</em></span> <span class='ocrx_word' id='word_1_274' title='bbox 596 2924 645 2981; x_wconf 89' lang='lat' dir='ltr'>pro</span> <span class='ocrx_word' id='word_1_275' title='bbox 667 2906 804 2979; x_wconf 79' lang='lat' dir='ltr'>argenteis</span> <span class='ocrx_word' id='word_1_276' title='bbox 827 2909 943 2963; x_wconf 78' lang='lat' dir='ltr'>nummis</span> <span class='ocrx_word' id='word_1_277' title='bbox 965 2910 1065 2983; x_wconf 84' lang='lat' dir='ltr'>arcipi:</span> <span class='ocrx_word' id='word_1_278' title='bbox 1097 2922 1127 2967; x_wconf 90' lang='lat' dir='ltr'>nt</span> <span class='ocrx_word' id='word_1_279' title='bbox 1150 2911 1176 2965; x_wconf 92' lang='lat' dir='ltr'>in</span> 
     </span>
     <span class='ocr_line' id='line_1_34' title="bbox 160 2984 1177 3071; baseline -0.002 -20"><span class='ocrx_word' id='word_1_280' title='bbox 160 2995 263 3051; x_wconf 52' lang='lat' dir='ltr'>obss-n</span> <span class='ocrx_word' id='word_1_281' title='bbox 292 2993 342 3048; x_wconf 73' lang='lat' dir='ltr'>illis</span> <span class='ocrx_word' id='word_1_282' title='bbox 366 2992 554 3056; x_wconf 77' lang='lat' dir='ltr'>llunilicnrum,</span> <span class='ocrx_word' id='word_1_283' title='bbox 584 3010 654 3065; x_wconf 71' lang='lat' dir='ltr'>«puae</span> <span class='ocrx_word' id='word_1_284' title='bbox 681 2991 774 3047; x_wconf 79' lang='lat' dir='ltr'>solidis</span> <span class='ocrx_word' id='word_1_285' title='bbox 802 3009 897 3048; x_wconf 87' lang='lat' dir='ltr'>novem</span> <span class='ocrx_word' id='word_1_286' title='bbox 928 2984 1059 3071; x_wconf 76' lang='grc' dir='ltr'>ἀργύρια</span> <span class='ocrx_word' id='word_1_287' title='bbox 1083 2990 1177 3053; x_wconf 75' lang='grc' dir='ltr'><em>λεπτὰ</em></span> 
     </span>
     <span class='ocr_line' id='line_1_35' title="bbox 159 3070 1177 3152; baseline -0.002 -17"><span class='ocrx_word' id='word_1_288' title='bbox 159 3078 283 3135; x_wconf 88' lang='lat' dir='ltr'>tribuunt</span> <span class='ocrx_word' id='word_1_289' title='bbox 310 3078 377 3135; x_wconf 77' lang='lat'>125.</span> <span class='ocrx_word' id='word_1_290' title='bbox 408 3078 460 3132; x_wconf 82' lang='lat' dir='ltr'>Sed</span> <span class='ocrx_word' id='word_1_291' title='bbox 484 3076 579 3133; x_wconf 87' lang='lat' dir='ltr'>eedem</span> <span class='ocrx_word' id='word_1_292' title='bbox 602 3077 683 3133; x_wconf 80' lang='lat' dir='ltr'>inodo</span> <span class='ocrx_word' id='word_1_293' title='bbox 698 3070 792 3133; x_wconf 81' lang='grc' dir='ltr'>λεπτὰ</span> <span class='ocrx_word' id='word_1_294' title='bbox 806 3077 941 3137; x_wconf 87' lang='lat' dir='ltr'>dicuntur.</span> <span class='ocrx_word' id='word_1_295' title='bbox 964 3094 1020 3152; x_wconf 87' lang='lat' dir='ltr'>quc</span> <span class='ocrx_word' id='word_1_296' title='bbox 1036 3079 1177 3136; x_wconf 79' lang='lat' dir='ltr'>draebmae</span> 
     </span>
     <span class='ocr_line' id='line_1_36' title="bbox 159 3156 1177 3236; baseline 0.001 -16"><span class='ocrx_word' id='word_1_297' title='bbox 159 3164 224 3221; x_wconf 75' lang='lat' dir='ltr'>alias</span> <span class='ocrx_word' id='word_1_298' title='bbox 247 3179 308 3218; x_wconf 78' lang='lat' dir='ltr'>enne</span> <span class='ocrx_word' id='word_1_299' title='bbox 330 3156 450 3230; x_wconf 75' lang='grc' dir='ltr'>λεπτὰς,</span> <span class='ocrx_word' id='word_1_300' title='bbox 472 3161 537 3217; x_wconf 81' lang='lat' dir='ltr'>alins</span> <span class='ocrx_word' id='word_1_301' title='bbox 558 3158 686 3235; x_wconf 74' lang='grc' dir='ltr'><strong><em>παχείας</em></strong></span> <span class='ocrx_word' id='word_1_302' title='bbox 707 3164 806 3218; x_wconf 86' lang='lat' dir='ltr'>author</span> <span class='ocrx_word' id='word_1_303' title='bbox 828 3172 870 3218; x_wconf 83' lang='lat' dir='ltr'>est</span> <span class='ocrx_word' id='word_1_304' title='bbox 886 3161 1045 3236; x_wconf 78' lang='lat' dir='ltr'>lleeyebiun,</span> <span class='ocrx_word' id='word_1_305' title='bbox 1069 3166 1096 3221; x_wconf 92' lang='lat' dir='ltr'>in</span> <span class='ocrx_word' id='word_1_306' title='bbox 1112 3182 1177 3221; x_wconf 85' lang='lat' dir='ltr'>rnee</span> 
     </span>
     <span class='ocr_line' id='line_1_37' title="bbox 159 3238 1179 3323; baseline 0.001 -17"><span class='ocrx_word' id='word_1_307' title='bbox 159 3241 352 3306; x_wconf 75' lang='lat' dir='ltr'>Acutule&#39;or.</span> <span class='ocrx_word' id='word_1_308' title='bbox 383 3238 436 3313; x_wconf 82' lang='grc' dir='ltr'>τὰς</span> <span class='ocrx_word' id='word_1_309' title='bbox 456 3241 607 3323; x_wconf 74' lang='grc' dir='ltr'>δραχμὰς,</span> <span class='ocrx_word' id='word_1_310' title='bbox 630 3238 741 3313; x_wconf 78' lang='grc' dir='ltr'><em>λεπτὰς</em></span> <span class='ocrx_word' id='word_1_311' title='bbox 760 3242 818 3320; x_wconf 71' lang='grc' dir='ltr'>μὲν</span> <span class='ocrx_word' id='word_1_312' title='bbox 838 3239 895 3313; x_wconf 81' lang='grc' dir='ltr'>τὰς</span> <span class='ocrx_word' id='word_1_313' title='bbox 911 3238 1094 3320; x_wconf 67' lang='grc' dir='ltr'>ἑξωβόλοιις,</span> <span class='ocrx_word' id='word_1_314' title='bbox 1117 3269 1179 3307; x_wconf 81' lang='grc' dir='ltr'>πα·</span> 
     </span>
    </p>
   </div>
   <div class='ocr_carea' id='block_1_3' title="bbox 155 3322 1179 3493">
    <p class='ocr_par' dir='ltr' id='par_1_6' title="bbox 155 3322 1179 3493">
     <span class='ocr_line' id='line_1_38' title="bbox 155 3322 1177 3408; baseline 0.003 -20"><span class='ocrx_word' id='word_1_315' title='bbox 155 3330 242 3408; x_wconf 62' lang='lat' dir='ltr'>peine</span> <span class='ocrx_word' id='word_1_316' title='bbox 263 3328 296 3391; x_wconf 77' lang='lat' dir='ltr'>di</span> <span class='ocrx_word' id='word_1_317' title='bbox 319 3324 374 3399; x_wconf 80' lang='grc' dir='ltr'>τὰς</span> <span class='ocrx_word' id='word_1_318' title='bbox 392 3324 485 3389; x_wconf 76' lang='grc' dir='ltr'><em>πλέον</em></span> <span class='ocrx_word' id='word_1_319' title='bbox 505 3322 641 3405; x_wconf 73' lang='grc' dir='ltr'><strong><em>ἐχούσας.</em></strong></span> <span class='ocrx_word' id='word_1_320' title='bbox 671 3331 724 3387; x_wconf 82' lang='lat' dir='ltr'>Sed</span> <span class='ocrx_word' id='word_1_321' title='bbox 747 3348 802 3388; x_wconf 87' lang='lat' dir='ltr'>nou</span> <span class='ocrx_word' id='word_1_322' title='bbox 824 3333 914 3388; x_wconf 80' lang='lat' dir='ltr'>statim</span> <span class='ocrx_word' id='word_1_323' title='bbox 936 3350 1109 3408; x_wconf 78' lang='lat' dir='ltr'>consequens</span> <span class='ocrx_word' id='word_1_324' title='bbox 1126 3344 1177 3399; x_wconf 84' lang='lat' dir='ltr'>est,</span> 
     </span>
     <span class='ocr_line' id='line_1_39' title="bbox 159 3414 1179 3493; baseline 0.005 -20"><span class='ocrx_word' id='word_1_325' title='bbox 159 3414 254 3477; x_wconf 77' lang='grc' dir='ltr'><em>λεπτὰ</em></span> <span class='ocrx_word' id='word_1_326' title='bbox 267 3436 317 3493; x_wconf 74' lang='lat' dir='ltr'>[nn</span> <span class='ocrx_word' id='word_1_327' title='bbox 331 3416 465 3473; x_wconf 82' lang='lat' dir='ltr'>drncbmis</span> <span class='ocrx_word' id='word_1_328' title='bbox 477 3416 637 3489; x_wconf 84' lang='lat' dir='ltr'>simpliciter</span> <span class='ocrx_word' id='word_1_329' title='bbox 651 3434 682 3473; x_wconf 88' lang='lat' dir='ltr'>ac</span> <span class='ocrx_word' id='word_1_330' title='bbox 697 3417 755 3473; x_wconf 79' lang='lat' dir='ltr'>sinc</span> <span class='ocrx_word' id='word_1_331' title='bbox 770 3416 922 3474; x_wconf 85' lang='lat' dir='ltr'>adiectione</span> <span class='ocrx_word' id='word_1_332' title='bbox 937 3420 1016 3483; x_wconf 80' lang='lat' dir='ltr'>sutrii.</span> <span class='ocrx_word' id='word_1_333' title='bbox 1040 3420 1179 3489; x_wconf 78' lang='lat' dir='ltr'>Quemad-</span> 
     </span>
    </p>
   </div>
   <div class='ocr_carea' id='block_1_4' title="bbox 0 0 1298 4822">
    <p class='ocr_par' dir='ltr' id='par_1_7' title="bbox 0 0 1298 4822">
     <span class='ocr_line' id='line_1_40' title="bbox 0 0 1298 4822; baseline 0 0"><span class='ocrx_word' id='word_1_334' title='bbox 0 0 1298 4822; x_wconf 95' lang='lat' dir='ltr'> </span> 
     </span>
    </p>
   </div>
  </div>
 </body>
</html>
