2586 4822
338 831 377 882 ne
394 831 545 895 uuusnms
565 833 601 883 er
619 833 813 885 rounetunns.
1044 819 1084 881 79

66 987 200 1045 siodorus
229 985 367 1043 exbibent.
412 986 532 1043 Alterum
560 1004 608 1060 par
629 987 734 1043 videtur
755 996 816 1043 esse
837 987 918 1043 Probi
941 989 1037 1061 lmper,
1060 999 1088 1045 ct

68 1071 231 1146 Scorpiani,
261 1089 341 1144 quem
370 1071 544 1128 Consulatum
573 1072 605 1127 ab
628 1073 741 1128 caeteris
763 1072 885 1146 plerique
907 1073 1086 1146 distinguunt.
1181 1101 1185 1108 ·

68 1158 125 1215 Sed
156 1156 267 1212 ubinam
296 1155 476 1212 insercicndus
499 1157 548 1220 sit,
578 1156 656 1212 nimis
678 1157 753 1212 anxie
776 1157 829 1213 boc
851 1157 911 1213 loco
933 1157 1083 1231 disquiren-

67 1242 134 1298 dum
166 1259 222 1297 non
250 1258 359 1297 censeo.
406 1240 460 1296 lloc
488 1258 570 1296 unuin
593 1241 758 1305 admonebo,
788 1258 956 1315 nequaquam
980 1241 1087 1316 probari

69 1327 149 1391 mibi,
175 1326 248 1398 quod
271 1327 297 1381 in
316 1325 464 1381 Annalibus
486 1324 655 1400 quibusdam,
679 1326 796 1382 Taciti2
820 1336 847 1382 ct
862 1326 998 1383 Aemiliani
1015 1326 1083 1383 Con·

69 1412 192 1469 sulatum
214 1420 277 1483 post
300 1410 367 1465 dnos
390 1408 471 1465 Probi
494 1411 664 1484 lmperatoris
690 1410 815 1467 collocari
837 1411 922 1466 video.
967 1412 1086 1475 Rectius,

69 1498 181 1571 opinor,
203 1496 221 1551 it
254 1495 340 1550 Fastis
363 1494 459 1551 Siculis
482 1503 509 1551 et
531 1495 682 1551 0nulrianis
706 1495 785 1551 Probi
808 1495 970 1551 Consulatus
992 1512 1087 1551 omnes

69 1580 218 1638 antecedit.
263 1579 355 1651 Neque
378 1580 448 1635 enim
472 1580 598 1635 credibile
621 1589 671 1643 est,
698 1579 739 1634 bis
762 1589 824 1635 ante
847 1580 966 1636 Tacitum
989 1581 1087 1654 lmpcr.

71 1665 251 1724 Consulatum
274 1664 391 1737 gessisse
407 1663 535 1728 Probum,
558 1664 604 1739 qni
625 1665 747 1720 aTacito
770 1665 894 1738 primum,
918 1673 949 1720 ut
966 1673 1086 1737 apparet,

70 1749 251 1808 Consulatum
274 1748 401 1813 obtinuit,
428 1750 651 1822 quemadmodum
675 1749 782 1804 Tacitus
804 1750 918 1821 ipsemet
939 1750 1010 1822 apud
1032 1750 1088 1806 Vo-

69 1837 178 1911 piscum
201 1835 229 1890 in
252 1833 365 1910 quadam
388 1834 420 1889 ad
436 1833 553 1889 Probum
568 1833 687 1905 Epistola
709 1833 850 1905 siguificat,
874 1851 952 1906 quam
970 1835 1003 1889 ita
1020 1851 1088 1890 con-

68 1921 173 1978 cludit:
200 1920 238 1974 Te
260 1920 333 1974 euim
353 1926 446 1973 monet
464 1936 519 1990 pro
541 1919 688 1974 uirtutibus
704 1920 758 1974 tuis
775 1917 935 1990 Capitolino
946 1921 1087 1991 palmato.

68 2006 108 2062 Ex
133 2022 188 2078 quo
210 2004 319 2059 minime
341 2013 420 2059 antea
435 2002 540 2059 Probus
557 2004 660 2059 ridetur
676 2003 850 2060 Consulatum
866 2003 989 2077 adeptus.
1012 2004 1089 2072 Quo·

68 2093 143 2148 circa
166 2098 229 2164 post
241 2089 361 2145 Tacitum
376 2097 404 2143 et
414 2088 599 2151 Aemilianum,
623 2086 781 2145 subiiciendi
803 2098 866 2143 sunt
879 2087 993 2149 Probus.
1016 2088 1088 2144 Pau-

68 2177 145 2232 linus
167 2191 200 2230 ac
220 2173 349 2246 deinceps
371 2173 480 2230 caeteri.
511 2173 698 2230 Coniecturatn
720 2182 841 2229 nostram
863 2173 968 2229 adiuvat
990 2173 1087 2229 Leonis

68 2262 116 2316 illc
146 2259 239 2322 locus,
267 2275 348 2333 quem
378 2258 410 2313 ad
432 2258 545 2313 llanicb.
569 2258 691 2314 haeresin
718 2257 871 2320 attulimus,
901 2256 946 2312 ubi
968 2257 1086 2313 Probum

69 2350 143 2417 Aug.
165 2353 195 2400 et
214 2343 355 2399 Paulinum
379 2342 455 2398 Coss.
477 2343 606 2400 nominat.
637 2343 726 2400 liedco
749 2343 800 2398 iam
822 2342 855 2397 ad
870 2341 952 2398 Probi
968 2343 1088 2414 impera-

70 2431 142 2487 toris
163 2428 278 2499 initium.
310 2427 394 2496 Quem
417 2444 477 2483 cum
493 2445 592 2483 annium
607 2428 749 2483 inchoasse
764 2429 907 2500 septimum
924 2429 1009 2482 maior
1024 2444 1086 2499 pars

70 2525 197 2570 veterum
220 2513 389 2586 Scriptorum
418 2512 565 2575 existimet,
595 2531 645 2568 nos
675 2512 798 2585 coepisse
825 2510 900 2567 illum
926 2510 1088 2568 arbitramur

68 2615 147 2654 anno
176 2597 275 2654 Christi
299 2599 376 2661 276,
406 2596 496 2653 Tacito
525 2606 565 2658 et..
580 2597 726 2653 Aemiliano
756 2596 831 2652 Coss.
860 2612 952 2652 mense
981 2595 1088 2653 circiter

71 2683 168 2757 Aprili,
192 2691 255 2755 post
277 2681 360 2738 Taciti
381 2690 504 2746 mortem,
528 2681 574 2755 qui
597 2682 629 2736 iis
652 2681 728 2736 Coss.
750 2680 831 2743 obiit,
858 2697 919 2736 oum
942 2697 987 2735 ser
1010 2696 1088 2736 meu-

71 2769 152 2825 sibus
185 2767 355 2839 imperasset.
398 2765 470 2822 Obiit
502 2783 564 2823 vero
592 2766 698 2821 Probus
728 2766 853 2821 inchoato
882 2765 933 2822 iam
961 2765 1138 2838 septimutto

73 2852 177 2910 Cbrusti
200 2870 272 2909 anno
295 2853 366 2910 282.
410 2850 515 2907 Primus
539 2851 596 2906 eius
620 2851 797 2913 Consulatus,
828 2850 851 2905 si
872 2850 991 2924 quinque
1013 2850 1087 2905 solos

70 2938 169 3012 gessit,
194 2936 320 2993 convenit
341 2953 411 2992 anno
428 2938 498 3000 277,
521 2952 575 3009 quo
591 2936 730 2992 Paulinum
753 2935 882 3007 collegam
906 2933 1009 2990 babuit.
1040 2934 1087 2989 Sin

74 3027 91 3081 o
109 3022 213 3080 Consul
235 3021 295 3085 luit,
317 3029 348 3077 ut
369 3019 426 3076 aliis
447 3020 532 3075 visum
555 3030 605 3085 est,
629 3021 731 3094 primus
754 3019 904 3075 ordinarius
926 3037 981 3075 non
996 3019 1086 3082 luerit,

72 3109 123 3164 sed
146 3107 278 3163 sullectus
300 3107 394 3161 eodem
416 3106 476 3178 lpso
499 3105 590 3169 anno,
603 3123 657 3178 quo
672 3106 780 3162 Tacitus
802 3104 895 3177 gessit,
919 3104 944 3159 in
961 3120 1015 3176 quo
1030 3105 1089 3159 lor-

73 3204 138 3249 tcau
159 3190 338 3264 Scorpiauum
366 3189 497 3262 collegam
524 3199 619 3246 nactus
648 3199 703 3252 est,
733 3191 778 3263 qui
807 3189 902 3245 codem
930 3189 989 3262 ipso
1017 3205 1088 3244 antro

75 3276 300 3334 osasntexitttt.
343 3275 407 3331 llam
430 3274 560 3348 Vopiscus
580 3275 606 3330 in
629 3274 718 3330 Probo
741 3273 849 3336 scribit,
876 3272 984 3329 Aetium
1004 3272 1088 3330 Scor*-

72 3364 193 3433 piarnna
217 3360 292 3416 Coss.
315 3361 349 3416 de
370 3359 457 3415 Probi
478 3359 579 3432 lmper.
608 3360 697 3416 literis
725 3362 764 3415 od
787 3359 920 3415 Senatum
950 3360 1087 3414 retulisse.

77 3446 131 3503 Sed
157 3464 191 3503 ex
220 3445 315 3501 eodem
344 3444 396 3500 isto
419 3445 524 3517 Vopisci
553 3445 613 3500 loco
641 3445 727 3517 gravis
755 3462 786 3500 ac
814 3443 976 3517 perdifficilis
1002 3444 1090 3499 oritur
1123 3505 1133 3529 u

76 3533 213 3604 quaestio.
243 3529 347 3585 Etenim
363 3527 469 3585 Probus
491 3529 650 3585 militaribus
672 3529 805 3602 suffragiis
821 3529 960 3600 imperium
976 3527 1089 3600 adeptus

77 3616 168 3673 literas
197 3614 231 3672 ad
261 3614 389 3671 Senatum
418 3613 505 3677 dedit,
535 3631 648 3688 uriarum
678 3616 729 3670 boc
751 3623 793 3669 est
815 3613 966 3669 exordium:
999 3613 1088 3675 llecte,

76 3711 160 3775 ame
183 3701 299 3763 ordine,
328 3699 359 3754 P.
385 3698 414 3754 C.
433 3700 563 3772 prooimo
585 3700 731 3770 superiore
753 3715 828 3753 nuno
849 3699 1031 3768 factumest,
1059 3703 1090 3750 ut

75 3796 171 3843 cestre
192 3786 341 3842 clarentio
363 3786 425 3840 orbi
447 3792 586 3839 terrorum
603 3784 761 3856 prinoipem
783 3785 862 3857 daret
878 3792 930 3838 etc.
961 3781 1026 3837 Turn
1039 3782 1088 3836 SC.

75 3872 234 3929 subiicitur:
258 3869 312 3925 Die
327 3868 374 3924 lll
385 3885 478 3924 uorsus
493 3868 666 3924 Tebrtiorius
684 3870 715 3923 io
729 3871 798 3923 ocde
816 3861 995 3929 Concordiae,
1017 3867 1091 3920 iotae

76 3967 198 4021 wetere,
221 3957 317 4012 Aelius
339 3953 514 4026 Scorpianus
538 3952 614 4008 Coss.
637 3954 716 4016 disti,
739 3953 862 4009 Audistis
885 3953 916 4007 P.
941 3951 969 4005 C.
993 3952 1090 4006 literae

77 4043 181 4100 aurelii
204 4041 310 4099 Valerii
324 4039 419 4102 Pr‘obi,
443 4040 476 4094 de
497 4038 541 4094 liis
564 4035 631 4111 quid
651 4039 782 4094 videtur?
806 4042 871 4093 Acta
894 4037 960 4092 baec
982 4045 1092 4108 oportet

78 4145 133 4185 esse
154 4127 280 4202 proximo
303 4142 375 4181 anuo
397 4123 431 4180 ab
453 4141 496 4187 eo,
519 4140 573 4196 quo
596 4123 702 4181 Tacitus
724 4142 739 4179 a
763 4124 863 4178 Senatu
879 4121 1027 4192 lmpcrator
1048 4129 1091 4176 est
