2586 4822
153 809 213 872 196
501 820 579 870 crem
599 819 637 869 ou
656 819 697 869 xn
716 819 828 869 annuis

236 979 339 1034 Rursus
368 976 518 1033 invenimus
549 976 658 1033 eosdem
687 975 790 1048 lapides
814 976 840 1030 in
864 973 969 1030 duabus
992 974 1214 1046 superhumels

150 1063 212 1119 ralis
235 1063 357 1137 partibus
379 1063 500 1135 positos,
530 1062 558 1116 in
586 1060 685 1134 quibus
716 1061 769 1116 dno
799 1060 902 1133 lapides
932 1057 1063 1115 catenulis
1086 1061 1178 1116 aureis

153 1147 312 1204 videbantur
333 1147 428 1204 inserti
451 1147 524 1202 iuxta
547 1154 694 1219 utrumque
722 1144 793 1200 latus
817 1145 1008 1208 humerorum,
1040 1143 1091 1199 iam
1123 1161 1178 1201 non

152 1249 183 1288 er
206 1233 317 1288 diversis
339 1231 483 1306 lapidibus,
514 1230 562 1286 scd
585 1248 616 1286 er
639 1229 781 1302 smaragdo
812 1230 1009 1293 tantummodo,
1044 1238 1178 1302 erantque

127 1327 248 1376 drursus
277 1317 386 1373 nomina
414 1315 531 1371 filiorum
562 1315 643 1370 lsrael
677 1315 827 1370 secundum
864 1322 1038 1387 praeceptum
1071 1313 1179 1370 Domini

151 1402 261 1474 scripta,
286 1411 367 1475 atque
390 1401 540 1474 scalptam
564 1398 670 1456 duobus
694 1400 752 1456 istis
768 1398 917 1472 lapidibus;
941 1416 996 1455 non
1013 1408 1104 1454 tamen
1121 1400 1179 1455 evi·

150 1486 247 1542 denter
270 1485 431 1549 ostenditur,
455 1484 528 1558 qtiod
551 1502 650 1540 nomen
674 1486 699 1540 in
722 1493 799 1558 parte
822 1485 932 1540 dextera
953 1483 1054 1558 prasini
1080 1483 1177 1557 lapidis

151 1569 262 1625 inscribi
285 1569 390 1634 debeat,
421 1569 460 1624 vel
484 1569 557 1642 qnod
579 1569 606 1623 in
630 1570 737 1624 sinistra
761 1579 847 1642 parte,
877 1569 948 1625 sicut
976 1570 1035 1642 ipsc
1058 1569 1178 1624 decrevit

152 1653 277 1710 simililer
298 1654 435 1720 adnotari;
460 1654 510 1709 nisi
534 1653 606 1726 quod
627 1671 738 1726 prorsus
755 1654 959 1727 intelligendum
976 1662 1026 1716 est,
1051 1654 1114 1727 quia
1131 1670 1177 1709 sex

113 1746 144 1797 1⁰
154 1739 263 1795 nomina
285 1741 384 1813 scripta
407 1747 483 1794 erant
505 1738 532 1792 in
556 1738 664 1793 sinistra
686 1747 772 1812 parte,
804 1749 831 1794 ct
853 1755 900 1795 sex
921 1739 948 1794 in
972 1737 1081 1793 dextera
1105 1737 1179 1794 silia-

152 1841 213 1879 rum
242 1824 333 1880 lsrael.
388 1823 444 1880 Nec
466 1823 537 1878 enim
566 1831 674 1896 poterat
704 1840 774 1879 unus
804 1823 872 1896 lapis
901 1823 1009 1878 nomina
1032 1822 1176 1879 duodecim

152 1907 271 1964 tribuum
295 1925 391 1982 capere
414 1917 527 1981 propter
549 1907 742 1963 rotunditatem
766 1925 851 1963 snam.
888 1908 941 1963 Sed
964 1924 1014 1963 nec
1037 1907 1176 1981 praecepit

152 1991 295 2056 Dominus,
331 2002 363 2047 ut
391 1992 534 2065 dupliciter
562 1992 745 2048 inscribantur
772 1993 915 2049 duodecim
938 1991 1025 2047 tribus
1048 1992 1076 2047 in
1099 2001 1177 2065 parte

152 2076 277 2140 dextera,
307 2085 334 2131 et
357 2076 383 2130 in
406 2076 515 2131 sinistra
538 2077 695 2141 duodecim:
731 2077 778 2133 sed
806 2078 965 2151 simpliciter
987 2077 1022 2132 ait
1045 2077 1072 2131 in
1095 2094 1177 2150 pres-

113 2167 142 2217 la
154 2160 231 2215 sione
254 2160 384 2233 signaculi
407 2160 524 2215 liliorum
547 2162 645 2223 lsrael,
681 2162 750 2217 sicut
782 2161 865 2219 lrabet
892 2164 948 2236 ipsa
972 2162 1176 2218 circumstantia

151 2243 284 2308 lectionis,
315 2261 394 2317 quam
417 2261 491 2300 nunc
513 2244 546 2299 ad
568 2245 681 2302 verbum
704 2247 854 2302 curavimus
877 2247 1036 2320 exprimere,
1071 2247 1100 2301 in
1123 2263 1176 2320 qua

150 2329 238 2401 ipsum
261 2345 371 2402 quoqne
394 2329 566 2403 pontificatus
589 2330 707 2386 officinm
730 2342 905 2405 praeceptum
923 2341 964 2387 est
979 2331 1112 2387 ordinari:
1136 2331 1175 2387 sic

150 2412 230 2484 aivi:
253 2413 290 2468 Et
310 2408 468 2486 feneranti)
491 2415 721 2487 superhumerale
744 2433 779 2471 ea
801 2434 881 2481 auro,
912 2425 938 2471 el
959 2416 1121 2486 lyacrnmo,
1149 2423 1174 2470 et

146 2513 288 2570 purpura,
313 2507 338 2552 et
360 2515 441 2554 coeco
464 2516 525 2553 cum
548 2502 628 2570 bysso
649 2508 765 2564 retorta,
791 2512 842 2557 etc.
884 2500 960 2573 Opus
983 2501 1079 2556 textile
1101 2501 1211 2570 scae-33

111 2588 219 2639 norunt
240 2584 326 2648 illua,
349 2583 594 2656 superhumeralia
616 2587 869 2641 continentiorem
892 2602 928 2640 ea·
941 2587 1067 2656 utrisque
1078 2586 1173 2656 parti·

150 2667 212 2738 dus,
236 2685 305 2740 opus
329 2670 424 2724 textile
447 2671 564 2724 linirem
587 2671 799 2742 complectentia
820 2688 850 2725 sc
869 2687 924 2742 per
942 2671 1099 2725 circuitum.
1127 2668 1174 2725 Ea

148 2752 211 2823 ipso
232 2751 359 2823 secernunt
380 2755 462 2809 iuxta
485 2755 544 2809 eius
565 2754 716 2826 facturam,
741 2772 776 2809 ea
799 2773 880 2818 auro,
915 2764 940 2809 et
962 2754 1124 2824 hyacintho,
1148 2761 1174 2809 et

147 2852 288 2907 purpura,
311 2846 337 2891 el
360 2847 515 2902 cacconeto,
539 2848 565 2894 el
588 2841 669 2910 bysso
691 2847 807 2905 retorta,
829 2842 900 2895 sicut
915 2840 1061 2912 praecepit
1076 2838 1173 2894 Dami-

149 2935 202 2972 nuo
225 2919 308 2974 Masi.
352 2921 490 2975 Fecerunt
511 2930 644 2995 atrosque
666 2925 776 2996 lapides
798 2925 951 2997 smarapda',
978 2925 1171 2996 confibulalon

110 3008 177 3060 loct
200 3006 345 3058 conclusos
368 3022 454 3068 auro,
489 3008 612 3079 scalptos
640 3010 837 3081 inpressione
865 3009 1006 3080 sipnaauli
1028 3010 1173 3064 nominum

148 3087 272 3158 filiorum
294 3086 395 3143 lsrael.
439 3089 474 3144 lo
496 3092 689 3163 imposuerunt
718 3110 764 3148 eoa
785 3095 816 3149 in
838 3094 967 3148 humeros
990 3092 1172 3165 superhume-

149 3171 220 3226 ralis
243 3172 352 3244 lapides
375 3178 544 3231 monumenti
563 3178 686 3250 filiorum
709 3177 809 3242 lsrael,
832 3179 905 3234 sicut
924 3179 1072 3251 praecepit
1091 3177 1172 3248 Moy·

148 3257 234 3326 seo0).
282 3255 353 3314 llaec
380 3258 434 3315 duo
462 3259 522 3316 loca
545 3263 728 3318 sunthorum
757 3263 890 3337 lapidum,
920 3270 947 3317 et
974 3261 1171 3335 appellationes

148 3354 252 3402 eorum
277 3358 345 3414 quae
368 3343 517 3400 secundum
541 3345 640 3401 tribum
664 3356 825 3421 praeceptae
848 3355 911 3404 sunt
927 3347 1059 3402 adnotari.
1097 3347 1172 3403 Unus

231 3630 253 3684 a)
275 3624 331 3673 Vide
350 3625 421 3675 Enod.
441 3642 493 3691 cap.
507 3628 601 3688 xxxvr,
627 3628 778 3679 inversione
798 3630 861 3691 lxx,
886 3631 909 3680 io
928 3630 1025 3691 l'nlgala
1044 3645 1099 3680 aero
1119 3646 1171 3695 cap.

145 3689 240 3752 xxxix,
260 3699 283 3740 et
301 3693 353 3741 vide
372 3695 442 3744 etiam
459 3695 532 3743 Erod.
548 3695 674 3745 clllllllll.
710 3697 784 3746 Notes
802 3706 882 3747 autem
900 3698 968 3747 velim
987 3698 1089 3761 lapidea,
1109 3713 1171 3763 quos

146 3756 201 3806 Lllll
220 3760 357 3819 smaragdos
377 3762 493 3824 dixerunt,
520 3762 640 3824 l'ulgulnm
664 3763 774 3828 aliasque
793 3766 936 3829 inlerpreleo
954 3780 1053 3816 vocasse
1072 3768 1171 3831 onychi·

144 3838 204 3887 noa;
223 3828 363 3890 loaeplmm,
381 3831 552 3894 sardonyches.

230 3894 254 3945 ol
272 3896 311 3944 Sic
331 3896 387 3947 Lllll
411 3900 435 3946 in
460 3913 506 3948 rna.
524 3898 588 3948 dien.
605 3889 760 3958 'Ennianum
808 3900 931 3950 Editiooes
951 3901 1068 3965 plurimae
1088 3908 1168 3951 tamen

144 3952 379 4022 facundiamque,
410 3969 461 4015 ecit.
802 3974 811 3991 ⁰

229 4029 251 4087 a)
271 4030 342 4082 LXX:
363 4031 464 4098 Kapros
481 4033 521 4096 τῷ
539 4032 643 4100 Menapi
662 4035 773 4085 llaminns
793 4036 874 4098 Mauri.
