2586 4822
492 794 514 845 ν.
549 760 677 844 τιν’τε
694 794 788 843 τιτι.
1127 780 1148 841 9

126 939 202 1026 dp,
224 946 344 1010 τοῦτον
366 939 462 1026 ῦμνεῖ
476 939 578 1030 ήλιος,
602 946 720 1009 τοῦτον
736 944 906 1028 δοξολογεῑ
920 940 1046 1028 σελήνη,
1070 945 1148 1009 τοῦ·

133 1060 186 1104 τον
213 1041 346 1108 οἰκοῦσι
373 1039 415 1107 τὰ
436 1039 556 1122 όίστρα,
591 1042 699 1125 τούτῳ
729 1039 940 1106 δουλεύουσιν
969 1040 1003 1105 αί
1032 1043 1146 1125 πηγαὶ,

139 1139 244 1203 τοῦτον
267 1143 460 1224 φρίττουσιν
485 1135 637 1251 ἄβυσσοι,
660 1141 777 1202 τοῦτον
794 1138 963 1203 δεδοίκασι
978 1135 1146 1220 τάρταρον,

100 1232 234 1321 κετοότρ
260 1230 390 1302 ὑπείκει
419 1233 461 1300 τὰ
487 1234 582 1347 κήτη,
622 1237 738 1299 τοῦτον
769 1240 927 1317 τρέμουσι
964 1234 1146 1346 δράκοντες,

150 1329 235 1418 τούτῳ
256 1332 467 1398 δουλεύουσιν
491 1328 627 1415 ὄμβροι,
661 1334 778 1397 τοῦτον
809 1326 1024 1415 εὐλαβοῦνται
1047 1332 1147 1396 ττνεό-
1157 1356 1173 1402 5

154 1451 229 1506 ματα,
250 1417 346 1507 οῦτος
366 1424 532 1516 ὑπέστησε
555 1428 681 1545 φύσεις,
706 1417 801 1505 οὗτος
817 1433 1000 1546 κατέστησε
1014 1436 1146 1507 κτίσεις,

157 1512 229 1602 οὗτος
247 1528 400 1605 κατέταξε
421 1527 539 1606 τάξεις,
563 1515 659 1603 οὗτος
682 1521 700 1589 5
722 1529 788 1590 τῶν
810 1523 879 1591 ἅνω
901 1526 955 1590 καί
978 1529 1044 1589 τῶν
1060 1525 1147 1590 κότου

157 1628 265 1689 κτίσεων
287 1622 428 1708 ποιητής
450 1623 532 1701 θεὸς
554 1623 664 1707 κόριος
688 1618 794 1707 ήμῶν,
829 1626 881 1688 καί
911 1618 1000 1706 αὐτῷ
1024 1618 1042 1709 ή
1068 1622 1148 1701 δόξα

157 1718 246 1784 καὶτὸ
265 1719 383 1807 κρότος
406 1721 453 1799 είς
473 1720 551 1797 τοὺς
573 1720 696 1798 αἰῶνας
718 1724 784 1785 τῶν
807 1720 946 1799 αίιόνιον,
971 1715 1065 1804 όιμήν.

622 2308 660 2367 11.

113 2458 158 2510 τοι
392 2444 691 2516 ΕΠΙΦΑΝΙΟΥ
711 2444 895 2516 ΛΟΓΟΣ
1163 2460 1192 2510 ιο

163 2571 202 2649 δέ
220 2573 277 2670 τήν
292 2574 492 2668 θεόσαιμον
516 2576 643 2673 ταφὴν
666 2584 734 2650 τοῦ
759 2577 891 2671 κυρίου
909 2575 971 2649 καὶ
989 2584 1153 2670 σωτῆρος

162 2679 246 2773 ήμιῦν
267 2691 390 2785 Ἰησοῦ
423 2696 611 2784 Χριστοῦ,
644 2690 708 2763 καὶ
742 2695 792 2771 είς
824 2690 892 2763 τὸν
921 2689 1059 2785 Ἰωσήφ
1086 2689 1153 2761 τόν

164 2794 469 2897 δκῦἏριμοιθαίας
482 2803 545 2876 καὶ
557 2800 774 2897 Νικόδημον
789 2804 852 2876 καὶ
874 2808 924 2885 είς
938 2803 1006 2898 τήν
1023 2809 1072 2883 είς
1085 2802 1153 2874 τόν

157 2903 257 3010 ’Ἀιδην
280 2926 348 2992 τοῦ
374 2917 507 3011 κυρίου
533 2914 746 3012 κατάβασιν
779 2916 873 3011 μετὰ
899 2916 942 2989 τῦ
970 2913 1152 3010 σωτήριον

318 3029 445 3114 πόθος
470 3028 691 3126 παραδόξως
716 3031 973 3130 γεγενημένον.
1165 3045 1194 3093 1⁵

229 3373 263 3431 ’ίί
277 3373 395 3448 τοῦτος
419 3367 559 3453 σήμερον
583 3366 656 3451 σιγή
679 3365 786 3451 πολλή
804 3366 890 3431 ἐν
852 3390 891 3481 τη
906 3367 955 3449 γῇ.
990 3371 1023 3429 τί
1037 3387 1153 3442 τοιτος

161 3457 218 3542 ⁰¹5)
236 3469 283 3530 και
307 3460 427 3581 ήρεμία
449 3463 571 3551 πολλή,
606 3462 679 3581 σιγή
709 3463 832 3548 πολλή,
872 3458 924 3526 ότι
954 3457 971 3525 5
1000 3460 1155 3544 βασιλεῦς

161 3544 253 3665 ἑποοῒ,
287 3566 327 3648 γή
351 3561 532 3679 ἐφοβήθη
532 3555 626 3626 καὶ
611 3559 784 3647 ησόχασεν,
821 3556 873 3625 ότι
904 3553 921 3621 5
950 3557 1031 3634 θεὸς
1060 3560 1153 3638 σαρκὶ

160 3642 282 3736 ἵπνωσε,
320 3662 374 3725 καὶ
404 3658 481 3736 τοῦς
514 3652 577 3723 ἀπ’
609 3658 731 3736 σιῶυος
760 3655 946 3732 ὑπνοῦντας
979 3650 1154 3737 ἀνέστησεν

116 3739 174 3808 mv
193 3753 318 3833 διὸς,’
303 3781 338 3822 εν
362 3757 455 3839 σαρκὶ
479 3761 632 3840 τέθνηκε,
666 3759 719 3820 καὶ
744 3751 1102 3838 ‹5‘21157222'29651152›
1137 3745 1198 3824 ῦορ

156 3843 223 3925 θεὸς
240 3852 324 3936 πρὸς
344 3853 448 3937 βραχὺ
470 3848 606 3918 όττνωσε
620 3854 674 3916 καί
690 3853 767 3929 τοῦς
783 3852 816 3917 ίν
832 3847 986 3936 τιηῦ“Ἀιδη
1004 3848 1154 3931 ἐξήγειρε.

223 3953 293 4015 Ποῦ
317 3973 401 4016 ποτε
423 3952 481 4015 νῦν
510 3949 593 4015 εἰσιν
624 3948 659 4012 αί
682 3947 748 4030 πρό
776 3953 913 4031 βραχέος
941 3947 1078 4027 ταραχαὶ
1103 3941 1158 4007 καί

152 4047 245 4128 φωναί
267 4051 321 4112 καί
346 4047 489 4131 θόρυβοι
511 4045 594 4113 κατὰ
609 4048 769 4126 Χριστοῦ,
794 4035 820 4109 τῦ
843 4044 1051 4128 παράνομοις
1090 4043 1157 4103 ντοῦ
