2586 4822
158 730 215 793 m
524 764 544 795 .·
607 732 720 795 erratu

107 955 113 964 ,
152 901 303 959 sententia:
325 911 431 957 veteres
452 901 546 958 Patres
568 909 630 957 ante
653 900 805 964 Christum,
834 901 881 973 qai
904 900 980 957 salva
1002 900 1060 959 lide
1083 917 1181 976 peon·

152 995 259 1050 verant,
283 994 426 1060 propterea
449 986 522 1060 apud
543 985 644 1043 interos
665 986 791 1043 detentos
813 1003 891 1050 esse,
914 985 1005 1042 donee
1030 1005 1047 1042 a
1071 987 1179 1044 cursu

152 1070 343 1129 liberarentur.

111 1162 142 1213 84
238 1151 285 1213 oto
308 1152 359 1213 καὶ
381 1149 545 1227 θαυμάσαι
567 1150 632 1212 ἐστὶ
647 1147 700 1211 τὸν
714 1146 829 1227 εἰδότα]
854 1155 954 1210 Tritam
972 1155 1007 1211 de
1024 1157 1178 1230 adportas

152 1243 207 1298 siue
236 1242 369 1297 Calvariae
396 1240 578 1314 appellatione
610 1241 772 1296 sententiam
800 1241 940 1313 sequitur,
971 1250 1003 1297 ut
1027 1242 1063 1298 nh
1086 1243 1179 1299 helani

79 1392 83 1399 .
152 1327 260 1400 sepulto
282 1326 410 1382 cadavere
433 1343 463 1381 ao
486 1326 577 1381 eranio
600 1325 715 1381 deducta
737 1326 782 1381 sit.
822 1330 856 1381 ht
878 1324 997 1398 cyrillus
1015 1326 1178 1386 (lateam

152 1411 315 1484 Prophetiee
337 1411 375 1465 sie
390 1429 404 1466 a
422 1411 528 1466 Christo
545 1412 711 1466 nominatum
728 1410 861 1466 existimet
876 1411 950 1466 hune
965 1411 1071 1476 losum,
1096 1412 1176 1486 quod,

152 1508 182 1552 ut
204 1496 242 1552 ait
262 1497 419 1569 Apostolus,
443 1505 523 1569 ceput
546 1496 592 1550 viri
616 1497 651 1552 sit
674 1495 807 1560 Christus,
832 1495 931 1552 Christi
953 1506 1052 1555 autem
1075 1498 1155 1555 oeus

345 1715 388 1771 lu
411 1714 578 1772 hernosto
600 1716 687 1771 xtvtt
710 1714 981 1772 ENCRthThllUll.

239 1838 298 1894 399
316 1835 342 1892 h.
374 1831 404 1893 ἰν
425 1838 463 1913 τῇ
477 1830 599 1914 Φρυγίᾳ
622 1835 659 1911 τῇ
680 1829 863 1912 κεκαυμένῃ]
889 1835 925 1890 Ea
948 1846 993 1891 est
1008 1837 1174 1909 apudStra·

151 1920 251 1977 houeur
275 1922 342 1978 tto
368 1921 500 1993 Lydorum
529 1920 722 1993 llysorumquo
753 1921 828 1993 ragio
856 1921 1101 1978 adllaeaudrum.
1141 1925 1173 1979 at

151 2006 308 2078 Stephanus
336 1999 602 2077 κατακεκαυμένην
626 1996 733 2080 χώραν
760 2007 798 2061 ait
820 2023 880 2062 esse
902 2008 957 2079 τῆς
979 2000 1126 2082 Ἐφεσίας
1143 2024 1172 2064 aa

151 2090 293 2147 Strabonis
315 2090 333 2146 l.
352 2093 398 2147 13.
444 2091 549 2145 (laeteri
577 2090 720 2163 Phrygiam
749 2108 810 2146 esse
837 2100 961 2146 censent.
1010 2093 1121 2148 lureaio
1147 2099 1171 2148 tt

152 2175 309 2231 Laodiceam
332 2184 514 2248 cognomento
537 2169 803 2250 κατακεκαυμένην
824 2176 850 2231 in
873 2177 1018 2249 Lycaonia,
1042 2178 1102 2233 sire
1122 2177 1170 2233 [ia-

151 2260 224 2324 latia,
247 2260 318 2315 haud
341 2259 493 2333 proculab
516 2260 626 2315 lsauria.

237 2348 295 2402 tot
314 2344 342 2401 h.
373 2336 411 2401 δι’
428 2336 584 2418 ἑψίματος
598 2345 711 2420 πυροῦ]
736 2345 831 2401 Mirum
847 2355 889 2402 est
910 2346 976 2418 quid
992 2346 1045 2402 sihi
1062 2347 1166 2403 voluerit

152 2430 333 2503 Epiphanius,
362 2441 409 2486 aut
437 2431 502 2505 quid
524 2432 550 2486 iu
573 2431 662 2486 annuo
686 2430 825 2495 hahuerit,
855 2448 916 2486 cum
940 2432 1009 2486 haee
1032 2432 1165 2493 scriberet,

151 2505 308 2588 ἱψίματος
336 2518 434 2591 πυροῦ
461 2516 531 2571 hlom
566 2534 626 2572 esse
655 2517 841 2586 anseromia
863 2525 910 2571 ortt
932 2526 1062 2572 reooetoe
1084 2517 1165 2573 torli-

152 2601 246 2657 οὐκέκ.
276 2601 341 2657 Natu
364 2602 438 2675 quod
461 2603 559 2678 πυροῦ
582 2601 791 2656 lruruoutoceam
814 2601 900 2674 primo
923 2601 985 2656 loeo
1009 2603 1164 2674 interpreta-
1195 2646 1199 2655 .

153 2694 207 2749 tur,
232 2696 274 2742 est
296 2686 339 2743 illa
362 2688 470 2759 quidem
494 2685 668 2750 tolerabilior,
692 2686 739 2741 sed
762 2694 856 2742 eontra
878 2685 1066 2742 llehraeorum
1090 2688 1164 2743 Grae·

152 2787 303 2845 noruntque
325 2772 449 2828 eodieum
472 2771 552 2827 fldem
575 2780 702 2843 usurpata
718 2771 809 2826 lectio.
840 2771 943 2826 Etenim
960 2772 1026 2827 LXX
1042 2790 1104 2828 eun
1118 2771 1164 2828 ha·

151 2855 234 2912 hraeo
257 2857 460 2914 eonsentientes
482 2848 617 2932 πυρροῦ,
648 2858 700 2912 hoe
723 2865 765 2911 est
786 2857 876 2927 ruffo,
901 2857 1088 2929 seripserunt,
1117 2870 1164 2912 aaa

151 2943 260 3018 πυροῦ.
291 2942 428 3009 Quaenam
452 2959 514 2997 vero
538 2941 714 2997 Grammatico
737 2943 805 2996 ratio
828 2942 927 3015 πυροῦ
943 2959 993 3013 pro
1010 2935 1165 3016 πυρωθέν-

151 3043 204 3090 τυς
225 3025 275 3081 diei
299 3027 424 3099 patiatur,
448 3028 524 3099 quasi
546 3026 680 3099 genitivus
695 3026 730 3080 sit
745 3043 759 3080 a
776 3026 885 3082 nomine
900 3017 1025 3103 πυρόεις
1039 3027 1167 3105 nonnae?

151 3112 224 3180 quod
247 3110 356 3167 minime
379 3111 510 3184 procedit.

247 3327 290 3382 All
314 3328 481 3385 uhunusttt
502 3330 601 3385 XLVlll
624 3328 795 3395 rtlttt'otut,
820 3328 892 3386 SIVE
916 3330 1079 3389 ttottthnl.

238 3449 298 3505 402
315 3447 342 3503 h.
373 3441 452 3503 κατὰ
474 3449 671 3524 φρυγαστῶν]
695 3449 816 3523 Phryges
839 3449 894 3506 sire
917 3450 1087 3523 Phrygastae
1109 3466 1170 3525 pro-

151 3532 210 3605 prie
239 3531 317 3598 dieti,
346 3533 419 3606 quod
448 3533 599 3606 ePhrygia
631 3536 746 3608 primum
771 3535 930 3608 prodierint.
975 3535 1060 3591 lidern
1085 3547 1169 3592 tanes

152 3633 346 3691 nonnunquan
363 3619 544 3690 Cataphryges
561 3630 588 3675 et
601 3620 793 3693 cataphrygae,
810 3619 886 3693 quasi
898 3620 1076 3692 Evangeliuru
1091 3630 1169 3681 esset,

152 3701 194 3757 uel
216 3702 314 3774 dogma
335 3694 415 3760 κατὰ
438 3696 573 3776 Φρύγας.

52 3850 55 3855 ,
237 3789 298 3844 tot
315 3805 339 3843 e.
369 3771 453 3844 οὗτοι
479 3779 538 3863 γὰρ
566 3782 704 3863 γεγόνασι
733 3784 800 3865 περὶ
829 3782 864 3845 τὸ
893 3784 1170 3860 ἐννεακαιδέκατον]

30 3916 34 3922 .
152 3871 339 3929 Consentanea
366 3881 431 3929 suut
458 3890 528 3945 quae
557 3873 590 3929 de
619 3875 699 3930 huius
729 3873 854 3930 llaeresis
882 3875 954 3930 exitu
984 3891 1015 3931 ae
1050 3885 1172 3948 tempore

152 3956 269 4021 disserit,
292 3974 354 4014 oum
376 3958 417 4022 iis,
441 3976 510 4032 quae
532 3976 615 4032 supra
636 3959 736 4022 docuit,
760 3960 888 4015 nimirum
908 3959 1043 4016 lustinum
1066 3958 1171 4016 Adriani

151 4050 275 4121 tempore
304 4052 442 4100 mortuum
471 4061 547 4125 esse,
577 4045 726 4103 seeundum
751 4061 831 4119 quem
855 4044 936 4118 paulo
959 4052 1022 4117 post
1045 4045 1172 4128 latianus
