2586 4822
160 766 220 833 184
502 781 580 830 utoni
600 779 638 830 os
656 779 695 830 xu
715 778 827 841 osuuts

156 939 267 1004 Evilat,
296 940 344 994 ubi
366 945 406 993 ert
428 952 544 1000 numm,
569 944 593 992 et
616 951 717 989 aurum
740 943 833 990 terroe
855 935 933 991 illius
958 934 1106 1006 optimum
1136 934 1178 990 ibi

158 1034 198 1080 ert
220 1023 408 1080 carbunculus
431 1029 457 1077 el
480 1021 554 1093 topic
574 1017 738 1093 prasinust

471 1222 514 1278 uu
537 1219 702 1278 suuututto
727 1219 856 1276 tultus.

241 1361 391 1435 sapphirus
412 1359 480 1432 lupis
502 1358 601 1414 dicitur
623 1359 649 1413 in
672 1356 781 1412 modum
805 1359 980 1431 purpurae¹),
1004 1373 1086 1430 quum
1102 1356 1177 1414 bln-

130 1455 210 1504 sun
233 1439 397 1513 vocitando,
421 1444 500 1499 cuius
523 1451 565 1498 est
586 1443 707 1514 pressior
729 1442 849 1515 species:
879 1442 1049 1498 multarem
1072 1459 1176 1515 genem

156 1539 221 1587 sunt
248 1531 329 1586 huius
358 1528 468 1602 lepidis;
498 1536 540 1584 est
563 1528 634 1582 enim
657 1527 683 1581 in
707 1526 772 1600 ipsis
796 1525 894 1600 regulis
917 1527 975 1583 ouri
996 1527 1107 1600 punctis
1129 1527 1177 1583 in-

154 1616 314 1680 termicans,
344 1613 391 1688 qui
419 1629 473 1668 non
496 1611 563 1668 odeo
586 1621 628 1667 est
651 1610 794 1674 mirabilis,
825 1611 897 1667 sicut
918 1627 1004 1685 purus
1025 1611 1071 1668 ille
1094 1611 1175 1684 lanis,

154 1701 199 1774 qui
228 1716 278 1772 per
306 1698 395 1754 omnia
423 1712 560 1772 purpurae
587 1696 678 1769 specie
706 1697 820 1759 renitet,
850 1705 877 1752 et
900 1695 944 1752 luo
965 1696 1088 1753 lortrssis
1112 1713 1175 1754 esse

154 1784 252 1841 dicitur
273 1785 299 1839 in
323 1783 411 1846 ludio,
441 1791 469 1838 ot
490 1782 518 1836 in
540 1781 697 1855 Aethiopia,
721 1789 835 1854 propter
857 1780 987 1854 templum
1009 1779 1100 1837 Liberi
1122 1798 1175 1855 pn-

114 1871 201 1928 lbtris
225 1868 296 1942 opud
317 1869 408 1932 Indos,
432 1866 505 1940 quod
528 1864 628 1922 babere
651 1864 758 1929 dicitur,
781 1865 845 1921 licet
867 1865 1023 1922 incredibile
1039 1866 1172 1933 ridentur,

154 1953 281 2009 CCCLXV
302 1953 412 2026 gradus,
436 1968 530 2008 omues
554 1967 585 2006 er
607 1949 694 2023 lapide
716 1951 855 2024 sapphiro.
886 1950 916 2006 lu
938 1951 1106 2006 ornamentis
1121 1967 1174 2006 au·

153 2047 208 2094 tem
231 2038 287 2092 suis
310 2047 337 2093 et
359 2034 505 2092 monilibus
527 2052 606 2108 reges
629 2043 745 2090 utuntur
766 2052 800 2091 eo
822 2035 863 2090 rel
885 2035 1008 2100 maxime,
1033 2034 1095 2107 quia
1120 2036 1174 2091 mi-

152 2120 243 2177 rabilis
266 2130 322 2182 est.
345 2130 426 2193 utque
450 2119 647 2192 pulcherrimus
670 2129 697 2175 et
719 2119 870 2192 gratiosus:
900 2114 971 2175 unde
994 2130 1022 2176 et
1044 2119 1169 2177 nonnulli

152 2214 315 2262 rocaverunt
337 2221 398 2261 cunr
421 2204 530 2259 monilis
552 2213 688 2260 ornatum.
719 2204 798 2260 Pellit
820 2205 900 2260 etium
924 2203 1042 2264 dolores.
1067 2221 1129 2260 nom
1145 2205 1207 2266 sin

112 2297 255 2348 uteretur
276 2306 337 2346 cum
360 2289 430 2345 lacte
453 2288 565 2352 medela,
589 2287 720 2345 scabiosis
743 2298 770 2344 et
792 2288 925 2345 ulcerosis
943 2289 1060 2345 elicitur
1073 2289 1168 2346 linitus

151 2392 235 2448 super
255 2375 325 2438 locu,
347 2391 417 2449 quoe
439 2373 539 2429 luerint
561 2372 717 2429 vulneribus
739 2382 872 2447 asperata.
917 2373 1053 2448 Scriptum
1076 2383 1168 2431 autern

150 2469 192 2516 est
214 2460 240 2515 in
256 2460 366 2532 ἱερῷ),
390 2458 518 2514 visionem
541 2458 608 2514 blosi
631 2459 657 2513 in
680 2467 773 2514 monte
796 2457 877 2513 voluti
900 2475 983 2532 super
998 2458 1087 2532 lupide
1103 2477 1170 2532 snp-

150 2544 230 2618 pliiro
252 2544 335 2601 luisse
357 2543 528 2600 declaratam.

235 2660 257 2717 ll
277 2660 335 2709 Cen.
355 2659 393 2720 ΙΙΙ,
407 2658 506 2708 tlt-13
524 2660 587 2707 lutto
607 2658 670 2707 LXX.

144 2786 449 2795 ———----·

231 2864 254 2919 o)
273 2861 363 2922 Supple
382 2862 465 2918 lucere,
486 2862 652 2923 splendescere.
689 2860 714 2909 lo
734 2859 841 2937 Epitorno
861 2859 976 2909 ursoni:
996 2855 1083 2913 Alone
1100 2854 1171 2909 oriu-

145 2939 243 2992 φειρος
260 2921 456 2992 πορφυρίζων,
476 2920 643 2988 mollitiaue
660 2940 808 2991 πορφυρας
826 2925 873 2986 τῆς
888 2923 1016 2991 μελαίνης
1034 2921 1064 2975 τὸ
1083 2915 1165 2982 sirloc.

144 2993 214 3058 Lupis
232 2997 354 3058 soppdiros
371 2997 525 3057 pumuroscit,
547 3005 570 3042 ut
588 2998 674 3057 urceolos
693 2997 787 3054 blattae,
807 2997 832 3044 id
850 3004 891 3054 est,
909 3011 1025 3060 purpurae
1043 3000 1133 3058 riorus.

228 3061 254 3117 b)
279 3062 408 3123 Purpurum
428 3075 513 3123 nenrpe
532 3064 661 3124 optimum:
684 3063 738 3111 talis
757 3063 820 3110 eninr
839 3076 943 3125 purpure
963 3065 1035 3113 blotto
1053 3071 1090 3113 est
1109 3065 1168 3114 olim

143 3128 261 3191 appellato
284 3144 297 3177 u
316 3131 388 3178 blatto
405 3129 534 3181 vermiculo
552 3131 587 3177 sic
606 3147 620 3178 o
637 3133 753 3187 morndo,
780 3121 834 3178 ἀπὸ
853 3129 902 3178 τοῦ
918 3124 1064 3193 βλάπτειν,
1092 3133 1167 3194 dicto,

143 3196 199 3258 quio
217 3198 382 3260 apprehensus
400 3211 495 3245 monum
515 3197 618 3245 bominis
637 3198 711 3258 tingit.
747 3197 860 3259 Egnatius
879 3199 902 3247 iu
922 3199 978 3248 illud
993 3200 1122 3262 Lampridii
1142 3202 1166 3249 in

147 3265 195 3314 l's'to
212 3266 373 3327 llelionobolt':
397 3267 517 3314 Pornrurot
535 3267 606 3327 initrrr
623 3271 689 3328 [unes
709 3267 781 3316 blatto
799 3275 820 3316 et
838 3270 911 3316 serico
931 3275 952 3316 cl
970 3284 1036 3318 cocco
1055 3271 1164 3329 intortos,

141 3331 253 3393 udnoml,
272 3336 366 3382 blotlom
384 3347 512 3395 purpurano
531 3348 585 3381 esse
604 3349 631 3382 ex
651 3333 732 3383 ludico
751 3333 875 3397 conchylio
893 3334 997 3396 luctum
1022 3336 1065 3384 sed
1083 3336 1166 3398 ipsum

141 3398 235 3462 Turium
259 3408 350 3449 ostrum
376 3413 462 3449 nornen
482 3401 545 3449 idern
563 3401 698 3450 obtinuisso
717 3401 819 3450 dubitari
839 3403 923 3465 nequit
941 3410 1043 3452 cruente
1061 3403 1166 3454 Sidonio

142 3466 166 3515 in
185 3469 265 3530 lonso.
284 3469 398 3518 Moiornni
416 3469 494 3518 nus:

293 3537 375 3586 l'oolur
394 3545 507 3596 castoreo,
527 3538 621 3586 blattam
641 3537 721 3599 Tyrus,
742 3553 796 3587 aero
817 3537 938 3588 Coriutltus
957 3546 1003 3588 etc.

225 3607 246 3653 ol
271 3602 360 3664 denne
380 3604 452 3653 Exodi
471 3603 609 3666 cooltttttt,
622 3604 660 3664 lu,
679 3603 789 3666 Epitomc
809 3604 909 3655 Gesneri
927 3605 993 3668 ipsos
1011 3605 1083 3655 etium
1103 3604 1166 3667 legis

138 3669 231 3719 tubulos
249 3685 276 3718 es
295 3671 407 3732 sapphiro
426 3671 500 3720 luisse
519 3671 643 3719 insinuans
661 3685 738 3721 verorn
752 3672 877 3735 Epinbonii
896 3675 1048 3733 seutentiam,
1067 3680 1092 3722 ut
1108 3674 1166 3724 hinc

138 3805 217 3855 brucis
237 3805 342 3868 Lucanus
359 3808 480 3868 attribuit,
500 3814 522 3855 et
542 3807 659 3855 invonitur
677 3822 774 3871 quoquo
792 3809 855 3871 opud
874 3809 972 3858 Suidurn
990 3809 1060 3858 serbo
1078 3808 1165 3857 Moro-

137 3871 195 3932 σῆς.
233 3873 360 3923 undensis
378 3874 499 3935 redarguit
518 3875 639 3924 llebrreos
664 3876 734 3924 etium
754 3876 818 3938 quod
838 3877 940 3926 dixerint
959 3878 1075 3941 moysem,
1094 3887 1167 3940 nost·

138 3956 209 4003 quant
228 3943 258 3990 ob
277 3949 401 4005 peccatum
421 3942 503 4005 populi
522 3943 614 3992 tubulus
632 3942 736 4004 inegerit,
756 3945 881 4006 collegisse
900 3945 1044 4007 fragmento,
1063 3954 1087 3993 et
1107 3946 1164 3995 binc

138 4022 164 4056 se
188 4009 285 4059 ditasse.
323 4010 433 4061 Ceterum
460 4011 598 4072 historiam,
623 4017 696 4073 etque
720 4011 781 4060 odeo
806 4012 909 4062 lubulum
928 4014 989 4063 hooc
1008 4027 1056 4062 non
1075 4012 1164 4063 dubito

137 4083 214 4124 ortum
240 4078 336 4128 duxisse
360 4093 386 4128 ex
412 4093 441 4127 eo
464 4078 530 4141 quod
548 4079 612 4127 Deus
637 4079 735 4128 daturus
754 4079 831 4141 legent
850 4081 923 4144 Moysi
942 4081 996 4131 tulis
1014 4083 1167 4144 processerit
