2586 4822
165 767 227 830 282
615 776 727 826 ueram

111 944 157 996 336
256 924 349 991 ΙΝιιιιο
371 935 449 989 sacri
470 934 556 1005 lauhs
578 949 674 987 uerum
697 940 722 986 et
745 933 864 986 delubra
885 932 1021 986 locantur

267 1021 390 1085 ludaeis,
414 1036 533 1091 quorum
554 1018 689 1090 cophinus
711 1018 877 1089 [aeuumque
900 1019 1040 1088 supellex.

269 1104 364 1160 Omm's
387 1105 460 1159 euim
478 1106 585 1176 populo
607 1104 758 1157 mercedem
775 1103 901 1174 pendere
923 1103 1006 1156 iussa
1028 1110 1070 1156 est

266 1188 358 1246 Arbor
380 1199 406 1243 et
428 1190 522 1244 eiectis
544 1189 683 1242 ruendicat
705 1189 779 1243 siloa
803 1187 959 1242 Caumcuis.

161 1275 358 1331 Mendicitatem
381 1291 447 1347 ergo
470 1275 630 1329 ludaeorum
653 1273 782 1345 exagitat,
806 1273 900 1344 otique
924 1289 1062 1327 verorum.
1107 1270 1173 1339 thoral

161 1377 195 1415 ne
218 1359 328 1415 (lisbium
352 1360 395 1422 sit,
419 1358 460 1413 vel
483 1359 527 1413 bic
549 1358 673 1412 Martialis
696 1375 789 1411 versus
812 1366 975 1429 argumento
999 1374 1061 1411 csse
1084 1366 1172 1429 potest

161 1443 183 1499 Α
212 1452 302 1499 matre
331 1445 426 1498 doctus
453 1459 503 1497 nea
532 1459 635 1513 copore
662 1442 793 1497 ludaeos.
819 1442 912 1497 ‘Adeo
941 1442 1043 1497 salsum
1066 1452 1106 1501 eat
1124 1458 1171 1497 aon

161 1530 328 1586 mendicasse
351 1528 474 1583 ludaeos.
505 1528 577 1582 Idem
600 1528 731 1582 luvenalis
753 1530 808 1582 Sat.
827 1529 859 1583 δι

269 1614 336 1668 Cum
358 1614 433 1667 dedil
454 1614 507 1668 illa
529 1615 627 1675 locum,
651 1613 770 1684 cophino
791 1613 929 1684 saeuoque
951 1613 1062 1666 relictis

266 1697 407 1752 Arcanum
429 1697 538 1753 Iudaeo
561 1705 678 1752 tremens
700 1699 893 1752 immurmurat
915 1713 1018 1751 aurem

266 1782 409 1855 Interpres
432 1784 521 1854 lepum
543 1782 720 1852 Solymarum
742 1791 768 1836 ct
788 1798 892 1852 mapua
913 1784 1051 1837 sacerdos

266 1867 391 1923 Arboris.

162 1952 247 2018 Quem
275 1953 363 2007 locum
394 1969 521 2007 enarrans
549 1961 626 2007 vetus
656 1952 699 2007 ille
723 1952 887 2007 Selioliastcs
916 1951 1005 2006 uiulta
1035 1969 1085 2005 suo
1106 1968 1169 2005 niam

161 2045 287 2107 nugatur,
312 2047 339 2092 et
361 2038 452 2092 nescio
475 2037 540 2109 quid
563 2037 595 2092 de
619 2037 705 2092 hortis
728 2038 820 2109 garrit,
843 2035 916 2109 quod
939 2053 954 2090 a
980 2038 1101 2110 cophino
1122 2038 1171 2090 loe·

161 2136 251 2191 noque
274 2121 352 2176 nimis
375 2122 491 2176 alienum
515 2129 565 2175 est.
597 2120 651 2176 Nec
675 2122 792 2176 naelioris
815 2131 895 2176 notae
920 2130 963 2176 est
987 2122 1063 2195 quod
1085 2121 1169 2181 adicit,

160 2204 356 2276 supellectilem
380 2206 449 2261 hane
471 2223 541 2269 esse,
566 2205 612 2260 ubi
634 2206 812 2278 pulmentaria
833 2223 882 2260 sua
906 2216 932 2261 et
955 2223 1056 2280 aquam
1073 2205 1170 2261 calidam

160 2288 203 2343 die
226 2288 336 2345 Sabbati
359 2307 466 2346 servare
488 2299 694 2346 consueverant.
721 2291 767 2346 Est
790 2291 854 2346 illud
877 2289 988 2364 quidem
1012 2309 1114 2354 aerum,
1135 2291 1172 2344 lu·

160 2373 242 2430 dacos
258 2374 370 2431 Sabbati
393 2376 524 2448 religione
548 2375 699 2448 prohibitos
722 2394 757 2431 ue
779 2376 877 2431 cibaria
892 2386 1055 2447 coquerent,
1081 2393 1109 2430 ea
1125 2376 1172 2448 pri-

161 2459 204 2514 die
232 2459 283 2515 sub
311 2477 449 2533 vesperam
472 2478 663 2534 praeparasse,
693 2461 764 2516 unde
786 2462 935 2516 Pammene
957 2459 1039 2516 dicta.
1088 2461 1173 2515 lenm

160 2561 256 2617 aquam
285 2544 318 2600 ab
349 2545 399 2601 illis
429 2546 540 2601 calidam
570 2547 595 2601 in
625 2555 783 2619 sequentem
812 2545 881 2601 diem
903 2546 930 2599 in
955 2546 1037 2602 loeno
1062 2547 1174 2619 puitoissa

75 2666 79 2675 -
161 2630 270 2692 servari,
295 2631 319 2684 id
344 2647 405 2686 vero
430 2631 572 2686 ridiculum
595 2640 646 2685 est.
678 2631 746 2698 Quin
771 2641 797 2686 ct
819 2630 883 2686 illud
899 2630 1114 2694 observavimus,
1136 2631 1175 2685 lu·

162 2715 243 2770 daeos
266 2714 390 2770 Sabbatis
419 2715 511 2770 calidis
539 2715 695 2788 potionibus
718 2715 890 2771 abstinuisse.
934 2716 1039 2771 lndieat
1062 2717 1115 2771 boc
1135 2716 1174 2769 lu-

161 2800 248 2855 stinus
272 2800 382 2872 dialogo
412 2817 473 2855 cuni
497 2801 656 2873 Tryphone,
687 2818 767 2872 (quein
790 2801 825 2856 ita
847 2800 1008 2872 compellat:
1037 2795 1112 2873 μηδ’
1133 2790 1172 2854 ὅτι

160 2878 280 2959 θερμὸν
306 2880 432 2958 πίνομεν
460 2881 491 2941 lu
517 2887 582 2951 τοῖς
614 2879 750 2956 οάββοοι
779 2878 876 2940 δεινὸν
903 2877 1042 2959 ἡγεῖσθε.
1087 2885 1171 2956 Neque

159 2972 235 3042 quod
257 2986 360 3042 aquam
383 2971 506 3025 calidam
521 2970 655 3026 Sublatis
671 2971 797 3025 bibamus
812 2978 980 3025 succensete.
1014 2970 1096 3026 irasci
1112 2978 1172 3024 retal

159 3053 296 3118 iudaeum,
320 3055 393 3129 quod
416 3072 465 3128 per
480 3055 597 3110 Sabbata
620 3055 729 3110 calidam
752 3055 890 3128 potionem
904 3055 1080 3111 adhiberent.
1110 3055 1172 3127 Ergo

158 3138 248 3194 ludaei
270 3139 348 3194 aliter
370 3141 552 3195 instituerant.
586 3139 684 3194 Verum
707 3141 832 3195 reclamat
847 3140 976 3212 lgnatios‚
1002 3142 1049 3215 qui
1066 3141 1169 3213 Epist3

157 3222 191 3276 ad
213 3222 299 3293 Magn.
330 3226 495 3279 contrarium
527 3225 641 3279 indicat:
671 3216 734 3279 ἀλλ’
760 3218 886 3290 ἕκαστος
912 3218 1003 3299 ἡμῶν
1025 3225 1171 3297 σαββατι-

158 3298 231 3374 (iaco
253 3311 470 3378 πνευματικῶς,
492 3304 602 3385 μελίτῃ
626 3303 720 3381 νόμον
739 3305 866 3384 χοίρων,
888 3303 925 3364 οὗ
947 3303 1097 3382 σώματος
1110 3303 1172 3363 ἀνί-

157 3405 217 3458 σει,
246 3385 446 3467 δημιουργίαν
473 3392 550 3449 θεοῦ
573 3385 758 3466 θαυμάζων,
787 3388 843 3466 οὐχ
865 3389 944 3449 i-iolm
966 3390 1100 3464 ἐσθίων,
1126 3387 1171 3448 tui

151 3469 268 3551 χλιαρὰ
294 3471 404 3546 πίνων,
432 3474 481 3533 καὶ
503 3473 715 3555 μεμετρημένα
736 3474 880 3551 βαδίζων,
903 3475 954 3534 καὶ
979 3472 1102 3554 ὀρχήσει
1123 3473 1169 3532 xai

156 3554 276 3634 κρότοις
299 3564 369 3616 νοῦν
391 3555 446 3617 οὐκ
475 3557 575 3635 ίχοοσι
599 3559 727 3639 χοίρων.
772 3564 841 3636 Ergo
865 3564 1028 3621 ludaeorum
1059 3575 1086 3621 et
1105 3563 1169 3618 Sab—

155 3641 321 3699 batariorum
345 3656 403 3702 erat
420 3642 535 3722 χλιαρὰ
557 3643 665 3718 πίνειν,
695 3666 755 3705 cum
780 3658 867 3704 tamen
889 3641 980 3721 ignem
1007 3652 1058 3707 uisi
1079 3666 1169 3722 aegro-

156 3741 215 3779 mm
238 3744 334 3783 caussa
356 3749 409 3786 non
426 3731 520 3787 liceret
534 3733 690 3798 accendere,
714 3743 744 3788 ut
759 3734 786 3789 in
803 3734 890 3789 Tract.
907 3734 940 3788 de
957 3734 1080 3792 Sabbata
1094 3732 1169 3789 tuat-

155 3808 287 3878 mndistae
310 3812 457 3870 decentet
480 3818 510 3871 tt.
528 3816 640 3872 blairnon
669 3822 679 3874 l
707 3819 785 3873 Parte
808 3818 852 3873 lad
874 3818 907 3873 de
930 3818 1063 3877 Sabbata.

244 3897 321 3952 1068
338 3915 361 3953 a.
407 3890 470 3968 ὅτι,
501 3898 609 3975 φησίν,
638 3898 734 3958 ἐδόκει
765 3897 858 3970 τόπος
885 3910 1061 3980 προσευχῆς
1087 3894 1166 3973 εἶναι]

152 3979 231 4049 Apud
252 3978 282 4033 l).
306 3979 413 4048 Lucam,
437 3974 514 4038 ὅπου
537 3980 688 4058 ἐνομίζετο
710 3982 863 4063 προσευχὴ
886 3979 972 4046 εἶναι.
1005 3991 1057 4048 Ubi
1079 4006 1168 4065 apaa-

153 4057 244 4136 ιυχὴν
265 4081 315 4137 pro
337 4067 398 4126 leco
420 4069 479 4142 ipso
503 4070 625 4146 plerique
647 4073 792 4148 accipiunt.
