2586 4822
132 589 135 594 ⁵
153 635 194 696 22
612 645 724 695 renutu

154 814 208 861 tur.
256 804 293 858 tte
321 818 375 874 quo
398 801 640 865 vicecomites,
664 812 721 857 turn
745 801 879 856 Salianunr
903 810 1046 863 nostrum,
1078 802 1123 875 qui
1145 801 1176 858 dc

153 889 210 945 lobi
234 888 356 949 historia,
380 895 460 943 utet
483 887 516 942 dc
540 888 663 951 caeteris,
687 886 824 942 luculente
847 885 1011 958 eruditeque
1034 887 1153 961 scripsit.

247 977 279 1029 to
297 971 323 1026 n.
354 967 401 1026 ini
423 965 480 1046 τὴν
494 968 743 1044 Μεσοποταμίαν
764 965 882 1046 podda]
906 971 1105 1043 Mesopotamia
1126 986 1174 1049 'pne

154 1072 219 1119 unet
243 1059 344 1112 Puden
366 1057 452 1112 Aram
475 1057 627 1130 appellatur
649 1056 747 1112 Genes.
773 1059 811 1113 25
835 1066 862 1111 et
886 1058 935 1114 28.
973 1056 1029 1111 Sed
1052 1057 1176 1129 quaesit

154 1144 239 1200 altera
255 1143 445 1213 Mesopotamia
462 1141 577 1204 Susolm,
602 1142 721 1196 nondum
745 1143 875 1214 comperi,
899 1159 950 1197 nec
973 1140 1030 1196 ulla
1053 1144 1113 1198 eius
1128 1158 1175 1198 no-

156 1229 235 1284 minis
258 1227 385 1281 (iecrrrrit.

245 1317 278 1367 tu
296 1311 321 1365 d.
353 1305 384 1365 ἓν
398 1300 610 1383 ἑβδομήκοντα
625 1312 750 1384 ψυχῶν]
774 1313 835 1367 tior.
852 1314 976 1384 ψυχαῖς.
1010 1311 1048 1367 ee
1064 1328 1172 1367 numero

155 1396 285 1452 dissident
308 1394 421 1451 liebrnoi
446 1395 586 1469 Latinique
610 1396 721 1452 Codices
744 1414 759 1452 a
783 1398 846 1452 Lxx
870 1395 1046 1460 Senioribus:
1077 1412 1173 1452 secun·

155 1482 219 1537 dum
247 1498 316 1552 :pros
340 1484 439 1543 dett,
462 1485 496 1537 14
527 1480 682 1554 Stephanus
707 1485 744 1538 75
774 1482 876 1537 animas
900 1491 1058 1536 enumerat:
1089 1498 1171 1554 quan·

156 1583 235 1639 quana
266 1566 344 1620 iidem
372 1566 408 1621 illi
432 1566 494 1621 LXX
519 1567 627 1622 Denter.
648 1570 694 1630 10,
713 1569 761 1631 22,
786 1585 840 1622 nou
863 1566 956 1639 phares
978 1566 1082 1621 animas
1098 1556 1170 1639 quam

156 1652 326 1725 septuaginta
350 1661 511 1723 posuerunt.
544 1651 580 1708 tte
603 1653 653 1708 hac
677 1652 841 1720 Quaestione
864 1652 922 1706 vide
939 1651 1051 1706 Hieron.
1067 1652 1095 1706 in
1111 1651 1170 1707 Tra-

155 1736 202 1793 dit.
228 1746 253 1792 et
277 1737 419 1809 augustin.
444 1737 554 1804 Quaest.
583 1739 640 1795 152
664 1737 691 1792 in
715 1737 812 1793 Genes.
837 1737 919 1793 etde
943 1735 1020 1792 Civit.
1046 1739 1090 1800 to.
1109 1740 1168 1793 tre.

245 1826 276 1878 tt
297 1839 321 1876 a.
356 1816 386 1876 ἓν
402 1813 525 1898 χρόνοις
547 1815 722 1895 utrumme]
751 1822 832 1876 Pravo
857 1821 1041 1893 interpunctio
1065 1821 1167 1877 falsissi-

156 1923 224 1961 mam
253 1906 414 1960 senteutiam
444 1907 578 1962 hocloco
601 1908 721 1979 peperit:
752 1923 848 1980 nempe
871 1906 965 1979 ‹printa
987 1908 1074 1986 γενεᾷ
1097 1917 1165 1962 utro·

156 1989 237 2062 bique
267 2000 319 2045 taur
349 1989 376 2043 in
399 1991 483 2061 stirpe
506 1991 581 2055 Levi,
612 2009 692 2063 quam
715 1993 810 2056 ledae,
839 1991 974 2047 israelitas
998 2009 1031 2047 es
1054 1995 1163 2064 Aegypto

155 2075 294 2145 migrasse.
326 2072 395 2127 Dixit
417 2074 487 2128 euim
510 2075 590 2146 paulo
614 2086 676 2132 ante
699 2077 830 2132 mansisse
853 2077 913 2132 illos
938 2077 965 2131 in
986 2079 1108 2149 Aegypto
1121 2091 1160 2150 ye-

155 2149 223 2223 νεὰς
243 2153 348 2228 πίνης
369 2175 436 2230 quas
460 2159 556 2214 deinde
578 2161 735 2233 singillatim
758 2171 910 2234 percenset.
957 2161 1038 2233 Atqui
1061 2161 1093 2216 de
1113 2159 1156 2215 soit

154 2242 179 2297 id
203 2241 316 2298 Leuitico
339 2250 477 2316 utcunque
500 2262 592 2300 verum
616 2255 672 2312 ost;
697 2248 722 2302 iu
747 2247 827 2303 iudae
850 2247 935 2320 stirpe
959 2247 1065 2302 [uisum.
1101 2244 1154 2299 daec

155 2329 225 2383 enirn
249 2338 290 2383 est
313 2326 455 2399 utriusque
477 2331 572 2386 series.

629 2491 707 2547 iacob

503 2645 562 2699 Leti
669 2644 731 2698 luda

502 2729 583 2784 Caattr
669 2728 770 2784 Plrares

501 2816 606 2870 drumm
670 2813 774 2868 ldesron

501 2899 605 2972 Moyses
670 2898 734 2953 iiam

670 2983 815 3039 nruiuudab

671 3069 790 3124 Naassuu

238 3179 387 3249 Aegyptum
417 3179 556 3250 ingressus
585 3188 626 3232 est
649 3178 743 3243 iacob,
773 3196 833 3235 :um
864 3179 914 3234 ianr
940 3178 1021 3234 Caath
1046 3187 1156 3251 nepotem

154 3278 185 3315 ex
209 3261 269 3316 Leni
299 3261 353 3316 tilio
383 3264 557 3334 suscipisset.
604 3263 784 3331 Qumnobrem
815 3264 888 3336 prius
913 3264 977 3319 iliud
1002 3263 1099 3320 salsum
1117 3269 1157 3322 et

153 3338 240 3401 πέντε
267 3340 371 3421 γενεὰς
399 3349 425 3403 in
448 3351 570 3420 Aegypto
599 3356 780 3404 commoratos
809 3349 914 3404 israelis
940 3357 1085 3421 posteros,
1112 3363 1163 3404 carm

154 3430 232 3493 tiriae,
256 3441 303 3487 aut
324 3433 357 3486 ad
378 3449 514 3488 summum
537 3442 591 3488 tres
615 3432 742 3488 duntaxat
764 3434 976 3489 intercesserint.
1023 3434 1165 3497 Posterius,

155 3515 227 3589 quod
257 3517 293 3573 ait
316 3518 408 3589 qrrintu
430 3519 517 3598 γενεᾷ
539 3516 681 3573 liberatum
706 3536 765 3574 esse
789 3519 934 3591 populum.
965 3519 1108 3576 commoda
1129 3520 1168 3574 iu·

155 3602 351 3674 terpretatione
374 3603 413 3660 sie
435 3603 612 3659 adiuvandum
635 3612 685 3666 est,
710 3612 740 3659 ut
761 3605 886 3677 qrriutum
909 3612 991 3676 eaput
1007 3621 1058 3676 per
1073 3595 1173 3679 γενεὰν

154 3686 295 3759 intelligat.
318 3686 383 3743 Nam
407 3688 511 3762 Moyses
534 3704 549 3743 a
570 3687 667 3743 laeoho
691 3688 802 3760 quintus
823 3699 874 3745 est.
896 3689 1029 3744 Neutrum
1047 3689 1076 3744 in
1092 3689 1175 3763 stirpe

153 3771 234 3829 tudae
262 3772 409 3844 procedere
438 3781 543 3845 potest,
572 3773 705 3846 siquidem
728 3772 847 3829 Naasson
876 3790 890 3828 o
914 3773 1011 3829 incoho
1035 3774 1173 3846 septimus

154 3866 205 3914 est.
234 3856 305 3930 Ergo
328 3858 364 3914 ita
385 3857 474 3914 locum
496 3856 639 3931 Epiphanii
660 3858 856 3930 concipiemus:
880 3854 912 3914 ἓν
928 3849 1056 3934 χρόνοις
1073 3855 1176 3917 Μαῦ-

153 3936 230 4010 σέως
250 3937 300 3999 καὶ
323 3933 495 4001 Ναασσών·
517 3935 639 4020 πέμπτῃ
660 3945 746 4022 γενεᾷ
767 3936 846 4000 κατὰ
869 3938 923 4000 τὸν
946 3941 1029 4000 Λευὶ
1053 3937 1179 4017 ἔξεισιν,

365 4506 580 4644 fx
643 4480 1068 4644 ΓΧΛ
