2586 4822
404 827 450 882 IX.
485 833 524 882 tu
544 832 677 883 letantur
696 832 789 882 celse.
808 831 888 884 ulta.
947 820 958 836 ⁶
1114 816 1155 879 75

139 1005 189 1048 ore
211 985 285 1060 eius,
308 982 505 1045 ordinavimus
528 983 741 1063 presbyterum,
765 992 793 1044 et
815 982 919 1045 iisdem
938 982 1033 1045 verbis
1048 983 1155 1063 quihus

139 1092 223 1146 antea
246 1100 433 1143 suaseramus
456 1081 625 1160 impulimus
653 1091 686 1142 ut
714 1081 831 1141 sederet
857 1081 887 1141 in
910 1081 1012 1141 ordine
1035 1082 1156 1162 preshy-

139 1181 212 1241 terii.
257 1179 327 1240 Post
349 1181 421 1240 haec
442 1180 613 1258 scripsimus
645 1179 681 1239 ad
704 1189 821 1239 sanctos
843 1177 1031 1258 presbyteros
1054 1198 1156 1240 mona·

83 1294 114 1347 3
137 1278 218 1339 sterii
247 1287 276 1338 et
303 1288 434 1338 caeteros
462 1279 574 1350 fratres,
609 1284 638 1336 et
658 1275 872 1355 increpavimus
901 1295 953 1337 eos
980 1296 1070 1355 quare
1092 1296 1152 1337 raon

128 1375 325 1456 scripsissent
347 1392 502 1454 supereo,
526 1393 592 1434 cum
614 1382 681 1435 ante
704 1393 813 1434 annam
831 1374 937 1435 multos
954 1393 1055 1434 ecrrnn
1071 1374 1178 1453 queris

127 1473 284 1534 audissem
312 1491 365 1534 cur
397 1491 457 1532 non
492 1472 634 1533 haherent
661 1472 709 1551 qni
740 1471 795 1532 sihi
828 1470 939 1532 domini
973 1481 1153 1534 sacramenia

119 1572 326 1644 conticerent,
359 1578 388 1631 et
409 1569 490 1630 illum
519 1589 623 1630 ornnes
651 1589 704 1629 suo
734 1579 891 1648 poscerent
918 1569 1095 1642 testimonio,
1126 1579 1156 1631 et

121 1668 278 1748 grandem
292 1668 443 1729 utilitatem
459 1667 488 1727 in
505 1686 660 1728 commune
677 1667 845 1728 monasterii
861 1677 1047 1740 testarentur,
1065 1687 1154 1746 quare

118 1778 209 1829 tunc
230 1776 345 1844 reperta
373 1766 591 1844 opportunitate
620 1784 679 1825 non
709 1765 897 1844 scripsissent
925 1765 1025 1839 nohis,
1061 1784 1154 1843 neque

123 1864 433 1941 superordinatione
457 1863 648 1941 cins,aliquid
672 1864 883 1940 poposcissent.
932 1863 1009 1924 llaec
1030 1864 1068 1924 ita
1092 1872 1195 1931 actam

130 1972 211 2023 suat
233 1961 424 2040 alloquutus
453 1980 534 2031 sum,
570 1962 599 2021 in
628 1960 746 2021 caritate
770 1960 893 2034 Christi,
926 1980 1011 2039 qarani
1036 1970 1064 2020 te
1086 1979 1155 2039 erga

133 2058 307 2137 parvitatem
331 2066 462 2119 nostram
486 2057 593 2118 hahere
615 2058 779 2132 credebam,
810 2077 976 2137 quanquam
1000 2058 1029 2118 in
1053 2077 1157 2118 moria·

143 2156 230 2216 sterio
252 2156 455 2228 ordinaverim,
486 2166 514 2215 et
538 2175 597 2216 noa
622 2156 651 2215 in
674 2156 820 2235 parochia,
850 2174 923 2234 «puae
946 2156 997 2216 tihi
1026 2156 1155 2217 subiecta

106 2252 193 2312 esit
231 2254 345 2314 Orere
375 2252 526 2314 benedicta
555 2253 760 2333 episcoporum
784 2253 871 2333 Cypri
903 2254 1097 2315 mansuetudo
1127 2262 1155 2315 et

155 2346 263 2424 bonitas,
287 2360 317 2412 ct
338 2360 439 2411 nostra
463 2351 617 2423 rusticitas,
648 2371 737 2412 sensu
767 2360 816 2412 tuo
846 2362 873 2412 et
900 2349 1042 2412 arbitratu
1065 2352 1154 2429 digna
1167 2370 1194 2419 15

157 2446 336 2510 mericordta
359 2449 414 2509 dei.
447 2449 519 2509 h'am
542 2448 624 2509 malti
648 2448 777 2527 episcopi
799 2448 1015 2509 communionis
1039 2459 1155 2508 nostrae

162 2552 183 2601 et
197 2548 379 2627 presbyteros
401 2541 431 2606 in
455 2557 555 2607 nostra
578 2547 787 2606 ordinaverunt
810 2545 972 2624 provincia,
1002 2566 1076 2624 qrros
1100 2565 1155 2606 nos

162 2644 388 2723 comprehendere
411 2663 471 2703 non
494 2654 671 2722 poteramus,
706 2653 735 2703 et
757 2644 901 2703 miserunt
922 2644 958 2702 ad
982 2662 1037 2703 nos
1059 2644 1156 2703 diaco-

163 2754 204 2798 nos
221 2752 247 2803 et
266 2742 493 2821 hypodiaconos,
518 2761 592 2820 quos
615 2741 797 2819 suscepimus
819 2740 1001 2818 cumgratia.
1040 2741 1077 2801 Et
1092 2741 1155 2820 ipse

163 2835 308 2901 cohortatus
338 2859 403 2900 suan
426 2838 527 2900 heatae
556 2838 713 2899 memoriae
737 2839 888 2899 Philonem
918 2838 1097 2917 episcopum,
1127 2849 1195 2912 etan

162 2947 272 2998 sanctrmi
295 2937 514 3016 Theoprobum,
538 2937 621 2998 utin
644 2937 773 2997 ecclesiis
797 2937 893 3016 Cypri,
927 2956 1000 3014 qliae
1022 2937 1100 2997 iaxta
1124 2955 1156 2997 se

163 3044 236 3107 erant,
256 3037 290 3096 ad
314 3055 396 3096 meae
418 3044 515 3095 autern
539 3035 693 3114 parochiae
721 3034 894 3095 videbantur
916 3033 1066 3095 ecclesiam
1090 3053 1157 3114 per·

164 3126 246 3206 tinere,
266 3153 301 3194 eo
325 3134 403 3212 qaod
425 3133 545 3211 grandis
567 3143 653 3206 esset,
677 3144 706 3193 et
728 3133 784 3193 late
806 3142 909 3209 patens
927 3132 1085 3209 pronneia,
1109 3151 1158 3191 or-

145 3223 276 3291 hdinareut
298 3231 496 3310 presbyteros,
519 3239 549 3291 et
565 3232 672 3292 Christi
689 3230 826 3291 ecclesiae
849 3229 1044 3308 providerent.
1075 3231 1157 3291 Nun·

166 3340 232 3397 aluam
258 3339 353 3389 antem
376 3347 430 3406 ego
459 3329 589 3388 ordinari
619 3328 798 3390 diaconissas
827 3339 855 3389 et
884 3329 919 3389 ad
954 3329 1062 3389 alienas
1090 3329 1196 3402 anisi25

166 3424 320 3500 pin-incias,
352 3446 447 3505 neque
470 3426 522 3486 leci
552 3427 721 3506 quidpiam,
755 3440 787 3488 ut
809 3426 958 3487 ecclesiam
983 3428 1154 3488 scinderem.

168 3515 225 3584 Quid
244 3544 311 3603 erge
334 3525 384 3586 tibi
402 3525 494 3585 risum
510 3535 554 3584 est
577 3525 618 3585 sic
639 3525 766 3602 graviter
790 3525 984 3585 intumescere
1007 3532 1035 3584 et
1057 3523 1157 3584 iactari

166 3626 247 3681 contra
267 3642 322 3683 nes
344 3641 397 3702 pro
420 3641 509 3701 opere
525 3622 580 3695 dei,
603 3624 681 3701 quod
698 3623 727 3682 in
744 3624 982 3693 aedificationem,
1006 3632 1036 3681 et
1051 3640 1110 3681 iton
1127 3622 1156 3681 in

167 3709 371 3782 destructionem
394 3723 515 3781 fratrum
538 3723 646 3779 laelium
668 3718 734 3780 est'l
770 3721 827 3780 Sed
844 3731 872 3780 et
887 3720 955 3779 illud
972 3720 1159 3778 relieinenter

166 3808 301 3879 admiratus
324 3839 399 3891 sum,
433 3820 511 3897 quod
535 3818 607 3878 meis
628 3818 744 3878 locutus
767 3817 941 3887 melorius,
971 3836 1106 3878 asserens
1129 3825 1196 3887 teap

168 3923 210 3981 per
227 3925 351 3977 sanctum
373 3917 577 3996 presbyterum
607 3925 635 3975 et
657 3914 790 3975 abbatem
813 3915 1024 3975 rraoiaachornm
1049 3917 1158 3992 Grego-

166 4002 228 4067 nnn
245 4015 394 4076 mandasse
417 4014 487 4074 inihi
516 4033 553 4073 ne
576 4032 741 4091 ‹prenquam
765 4012 939 4085 ordinarem,
974 4022 1003 4071 et
1025 4032 1078 4088 ega
1102 4013 1159 4073 hoc

167 4100 287 4177 pollicitus
310 4131 384 4185 sum,
415 4111 525 4184 dicens,
556 4110 696 4189 irumqaid
719 4111 831 4170 iuvenis
854 4129 928 4183 suni,
959 4118 1008 4169 aid
1030 4127 1158 4171 canones
