2586 4822
305 790 341 844 V.
374 794 571 843 τοκιιωιου
586 795 650 844 1-:12'
666 795 741 844 mv
759 792 960 846 σσστοκσιι.
1096 782 1135 843 47

130 936 266 1022 δτάλας
287 940 350 1029 ἐγώ
380 944 427 1023 είς
455 939 686 1029 ἀκριβεστέραν
718 944 846 1011 έννοιαν
874 940 893 1010 ό
919 946 977 1030 τῆς
1003 946 1139 1031 καρδίας

128 1064 184 1123 μου
207 1042 302 1109 ένδον
323 1042 499 1130 σκιρτήσας
515 1041 670 1157 λογισμός
684 1048 828 1127 βαθείας
841 1041 968 1159 μνήμης
982 1045 1034 1109 καλ
1053 1038 1139 1131 υψη-

129 1137 261 1225 λοτάτης
284 1145 430 1223 θεωρίας
452 1139 657 1223 πειρώμενος
680 1146 792 1226 φέρειν
814 1140 852 1205 τὸ
868 1143 936 1206 θαι
930 1166 993 1223 μα,
1017 1140 1139 1224 τρόμος

128 1235 174 1301 καὶ
196 1236 305 1322 φόβος
326 1237 431 1316 πολίς
458 1241 511 1303 καὶ
535 1237 641 1315 δεινὸς
665 1245 797 1321 συνέσχε
824 1264 874 1322 με,
907 1227 933 1302 ώ
962 1233 1135 1353 ἀγαπητοί.

130 1328 222 1419 ήγόρ
245 1334 353 1421 μνήμη
376 1339 434 1423 τής
456 1338 594 1423 φρικτής
615 1336 796 1420 θεωρίας”
778 1360 934 1419 εντρομον
956 1335 1014 1424 τήν
1031 1335 1161 1421 ψυχήνο

131 1455 183 1514 μου
204 1439 259 1498 καὶ
283 1386 431 1518 φρικώδη
453 1432 511 1519 τήν
534 1434 670 1518 καρδίαν
693 1433 847 1518 ἐνέγκασα
866 1427 903 1498 αὖ
918 1440 1059 1517 μετρίως
1072 1432 1139 1499 έτι-

132 1528 280 1617 μώρησεν,
316 1524 400 1595 ἀλλὰ
429 1531 575 1609 δυνατῶς
604 1530 806 1613 ἐβασάνισεν.
852 1530 1048 1618 ἐπιπλήττει
1076 1530 1137 1616 γάρ

133 1650 184 1707 μου
204 1626 262 1693 τὸν
285 1631 361 1693 νοῦν
384 1630 442 1716 τής
463 1634 618 1713 μεγίστης
640 1635 785 1714 θεωρίας
807 1623 825 1714 ή
848 1628 966 1716 μνήμη,
991 1624 1036 1707 ώς
1058 1624 1138 1695 ἅκα-

134 1724 289 1810 ταλήπτου
311 1731 502 1810 μυστηρίου,
531 1724 569 1790 τὸ
592 1727 696 1810 λέγειν
720 1721 776 1792 οόκ
801 1725 965 1808 ίσχόσοσα.
1003 1732 1054 1803 τίς
1075 1724 1136 1810 γὰρ

136 1819 229 1900 ἱκανὸς
250 1825 383 1888 τοιοῦτο
407 1822 533 1909 φράσαι
555 1822 755 1909 μοστήριονς
791 1834 891 1889 ποῖον
925 1824 961 1889 δὲ
990 1824 1176 1909 φθέγξαιο

122 1925 208 1985 [σθαι
229 1919 348 2004 στόμα,
370 1914 392 2004 ἢ
414 1926 498 1986 ποία
519 1923 653 2005 γλώσσα
676 1921 828 2007 λαλήσεις
858 1922 1006 2007 λέληθεν,
1030 1919 1137 1986 εἰπεῖν

138 2010 183 2083 ολι
201 2018 312 2101 ι’σχόει.
357 2021 413 2085 νῦν
437 2020 472 2084 δὲ
494 2018 664 2104 τολμήσω·
698 2017 830 2108 λαλήσω
858 2022 935 2102 περί
957 2022 1014 2104 τής
1035 2018 1137 2104 μόνης

139 2114 279 2182 θωτόκου
301 2110 378 2181 καθ>
410 2113 700 2252 ὃκαταλαμβόνω.
743 2119 797 2183 καὶ
826 2115 928 2182 πόλιν
956 2119 1135 2203 φοβοῦμαι.

141 2230 183 2275 otu
201 2213 260 2295 έχω
279 2208 469 2329 γλῶτταν)
452 2216 506 2292 αξί
508 2240 552 2292 ως
575 2215 681 2281 εἰπεῖν
703 2214 744 2281 τὰ
767 2217 841 2281 λίαν
855 2214 989 2298 μεγάλα.
1027 2213 1136 2296 ἰσχνό-

142 2327 229 2428 ῐηῳνος
250 2310 313 2395 γὰρ
336 2317 388 2377 καὶ
411 2312 665 2398 βραδόγλωσσος
686 2312 741 2378 καὶ
764 2307 820 2379 οὐκ
837 2308 1003 2390 εόλαλοςζ
989 2337 1133 2396 ιπαρχω,
1145 2324 1173 2375 1⁶

142 2398 170 2466 λ”ν
189 2404 287 2488 οότως
310 2410 396 2475 είπω
424 2413 500 2492 περὶ
530 2414 587 2499 τής
609 2410 842 2495 μεγαλωνέμου
875 2414 927 2477 καί
959 2405 1053 2488 ὁσίας
1080 2411 1134 2475 καὶ

142 2491 291 2592 ότειρογόη
292 2531 344 2573 ιου
366 2506 421 2572 καὶ
442 2507 763 2591 θεοτόκουίίίαρίας,
786 2510 909 2595 μητρὸς
930 2510 1133 2590 ταῦταρίου·

142 2602 200 2682 περὶ
211 2594 247 2690 ής
263 2599 321 2671 οόκ
337 2599 485 2689 εόμαρώς
500 2600 692 2689 ἀνθρώπων
707 2607 835 2691 γλῶττα
851 2604 995 2694 λαλήσει
1025 2604 1134 2685 ίσχνο-

144 2712 224 2776 φωνεῖ
250 2702 311 2787 γὰρ
340 2702 426 2786 πρὸς
447 2703 567 2790 ταύτην
594 2701 650 2769 καὶ
677 2698 965 2770 ὑποστέλλεταιί
947 2729 966 2788 η
989 2703 1132 2785 γλῶσσα,

69 2790 72 2811 ¹
142 2812 185 2861 ουκ
203 2794 297 2880 όξίως
327 2800 445 2883 έχουσο
471 2800 509 2866 τὸ
537 2752 653 2885 λέγειν.
702 2797 780 2887 αότη
810 2799 870 2885 γὰρ
898 2802 951 2865 καὶ
980 2798 1039 2877 τὰς
1067 2800 1173 2867 τώνθο

69 2906 71 2911 ’
142 2910 169 2954 θι·
171 2901 265 2977 ρανών
288 2897 443 2980 δυνάμεις
465 2897 620 2976 ἐξένισεν·
658 2899 834 2983 ἐξέστησαν
855 2896 976 2975 πάντες
992 2892 1132 2982 ἄγγελοι,

113 2980 372 3079 μᾶρχόγγελοι,’
355 3002 467 3081 αρχαί,
501 2996 662 3074 ἐξουσίαι,
694 2995 829 3079 θρόνοι,
858 2995 1060 3079 κυριότητες,
1091 2993 1133 3060 τὰ

137 3092 284 3178 Χερουβὶμ
307 3096 361 3159 καί
383 3092 426 3159 τόι
447 3095 608 3179 ἐεραῳλμ,
632 3095 685 3159 καὶ
703 3096 798 3160 πᾶσα
825 3117 963 3178 στρατια
950 3090 1131 3177 ἄγγέλων,

134 3187 213 3276 φόβῳ
239 3194 291 3257 καλ
321 3190 433 3279 τρόμῳ
464 3191 559 3276 δεινῷ
583 3197 805 3274 συσχεθέντος.
851 3190 1043 3276 ἐθεώρησαν
1071 3188 1131 3273 γὰρ

131 3282 181 3352 έπλ
198 3292 252 3373 γής
273 3289 307 3355 έν
330 3282 410 3375 αὐτῇ
433 3287 490 3354 τὸν
514 3288 547 3356 έν
581 3283 734 3373 οὖρανοῑς
755 3291 808 3355 καὶ
833 3289 996 3375 ἔφριττον.
1042 3288 1171 3370 ime-25

128 3407 187 3451 πον
205 3387 260 3471 τήν
282 3392 454 3470 παρθένον
477 3381 615 3470 σόρανὸν
646 3390 698 3453 καλ
722 3387 846 3470 θρόνον
868 3387 922 3452 καὶ
946 3391 1130 3466 συνείχοντο

126 3482 211 3571 φόβῳ
232 3488 423 3569 θεωροῦσαι
444 3483 501 3549 τόν
524 3482 663 3569 δι’ναρχον
687 3480 756 3551 ἀπὸ
778 3484 903 3567 θρόνου
925 3485 1130 3567 Χερουβικοῦ

123 3580 166 3660 εἰς
186 3582 307 3666 μήτραν
330 3582 535 3669 παρθενικήν
557 3589 754 3649 καθίσαντα.

197 3669 232 3744 Ὤ
252 3687 397 3764 μακαρία
420 3681 502 3766 ῥίζα,
533 3681 642 3747 πόθεν
672 3680 791 3762 ταύτην
816 3679 995 3765 ἐβλάστησε
1003 3707 1013 3757 ,·
1053 3677 1128 3759 περὶ

117 3776 234 3862 ταύτης
264 3773 282 3844 ό
310 3779 485 3865 προφήτης
504 3773 642 3855 Ἡσαΐας
671 3773 715 3855 ώς
742 3775 879 3860 χελιδών
907 3778 1051 3853 κελαδεῖ,
1090 3775 1169 3859 τήςο

113 3881 234 3960 πυρίνη
250 3873 376 3962 γλώττῃ
394 3879 482 3959 βοῶν
507 3870 747 3960 *ώναστήσεται
769 3875 891 3961 ῥάβδος
914 3875 947 3941 ἐκ
969 3876 1026 3958 τής
1041 3872 1130 3956 ῥίζης

110 3970 237 4049 Ἰεσσαὶ,
264 3975 318 4039 καί
342 3970 449 4051 ἄνθος
479 3973 513 4039 έκ
534 3977 592 4060 τής
613 3973 703 4059 ῥίζης
731 3970 939 4059 ἀναβήσεται,
969 3973 1021 4036 καὶ
1051 3964 1130 4033 ἁνα-

109 4068 278 4138 παόσεται
300 4065 352 4138 ἐπ’
378 4065 478 4156 αότήν
500 4074 612 4155 πεῦμα
634 4070 741 4158 φόβου
764 4073 876 4138 θεοῦ.”
915 4070 948 4136 ίκ
968 4069 1026 4152 τής
1040 4063 1129 4150 ῥίζης
