2586 4822
113 717 154 781 88
569 732 680 782 rernm

114 888 218 962 Syriam
240 904 271 943 ac
293 887 470 944 Palaestinam
494 888 652 953 tenderent,
683 887 743 943 ideo
772 889 806 942 de
828 894 906 942 terro
930 885 1020 943 Cetim
1041 903 1139 959 egres-

113 991 174 1029 sum
196 972 245 1028 dici
267 973 294 1028 in
319 978 343 1029 1.
360 973 425 1029 llac.
450 972 637 1036 Alexandrum,
661 972 733 1046 quod
757 972 885 1036 eCilicia,
911 971 956 1027 ult
980 982 1008 1028 et
1026 972 1136 1028 omnm

114 1059 190 1124 vicit,
219 1058 246 1113 in
269 1058 372 1132 Syriam
398 1058 545 1114 exercitum
568 1057 696 1113 duxisset.
741 1057 781 1112 dd
803 1058 869 1113 haec
891 1074 953 1112 curn
978 1056 1074 1113 Citiaei
1096 1057 1133 1113 illi

113 1143 222 1217 proprie
244 1142 308 1200 dicti
329 1161 360 1199 ac
381 1143 458 1199 ricini
482 1142 692 1198 Occidentalinm
716 1152 808 1198 essent
831 1143 950 1197 omnium
980 1142 1058 1216 Syris
1081 1159 1135 1198 no·

114 1229 219 1291 tissimi,
241 1228 300 1284 fieri
322 1237 413 1301 potest
435 1237 466 1282 ut
489 1228 541 1283 lnoc
564 1228 650 1300 ipsum
675 1227 847 1283 Cittiaeorum
870 1243 970 1283 nomen
995 1228 1133 1300 plerisque

113 1313 171 1369 aliis
187 1313 312 1369 Graeciae
334 1312 442 1386 populis
457 1311 725 1368 accommodaverim.
756 1312 987 1381 Quemadmodum
1003 1312 1133 1368 ludorum

113 1398 257 1472 appellatio
280 1414 293 1452 a
317 1396 464 1452 maioribus
488 1399 588 1453 nostris
611 1397 644 1451 ad
667 1408 787 1453 remotos
809 1413 904 1453 omnes
926 1395 960 1451 ab
984 1397 1059 1453 Orbe
1080 1414 1135 1452 no·

114 1493 171 1538 stro
194 1483 309 1555 populos
333 1491 374 1538 est
397 1481 534 1538 translata.

201 1569 258 1623 150
275 1584 298 1623 ο.
327 1586 355 1623 τι
371 1555 534 1640 εἐαχῦνατε
551 1557 698 1641 σήμερον]
722 1566 842 1631 Enod.2,
856 1567 900 1624 18.
917 1562 950 1622 rt'
958 1555 1005 1623 ὅτι
1022 1557 1131 1640 irregi-

114 1669 182 1707 ναῖε
211 1652 265 1707 τοῦ
292 1647 519 1727 παραγενέσθαι
543 1644 692 1727 τήμερονς
717 1651 794 1726 dpud
817 1650 997 1726 Epiphaninm
1022 1650 1132 1707 voculae

112 1737 180 1793 istae
208 1728 253 1793 ἐπ’
281 1729 376 1794 αὐτὸν
403 1738 573 1792 commodum
605 1736 708 1793 nullum
736 1755 845 1793 sensnm
875 1736 992 1792 reddunt
1025 1737 1074 1792 nisi
1101 1731 1134 1804 te

113 1814 208 1878 αὐτὸν
229 1815 349 1898 ἔφασαν
371 1821 529 1877 substituas.

203 1910 254 1964 151
275 1925 299 1963 a.
330 1899 473 1979 καθάπερ
496 1899 636 1978 χαλινὸς,
664 1906 732 1980 etc]
770 1906 875 1962 Leviter
902 1905 1066 1979 depravatus
1087 1904 1133 1961 trie

57 2012 61 2021 ’
112 1992 188 2047 loeus
210 2002 260 2048 est.
292 1992 417 2048 Fortasse
440 1991 491 2063 leg.
516 2000 558 2045 est
580 1982 712 2066 ὡρίσθη.

203 2079 258 2133 152
274 2094 297 2131 ο.
329 2065 402 2151 ὅπερ
426 2069 483 2151 ἔφη
510 2067 528 2149 ἡ
551 2068 723 2151 Σεπιρώρα]
763 2075 870 2133 llirilica
900 2085 942 2131 est
970 2075 1024 2130 loci
1055 2077 1131 2131 istius

111 2161 313 2233 interpretatio,
345 2178 424 2233 quam
447 2160 611 2233 Epiphanius
634 2161 725 2225 allent,
756 2179 824 2235 quae
847 2179 878 2216 en
901 2161 989 2216 Ll'llll
1015 2161 1129 2217 lectione

111 2247 222 2318 petitur.
265 2245 330 2300 Nam
354 2244 467 2301 Hebraei
498 2254 525 2300 et
547 2244 632 2301 Latini
661 2247 781 2302 codices:
812 2245 938 2318 Sponsus
961 2248 1130 2317 sanguinum

112 2337 141 2384 tu
161 2329 229 2385 nudi
252 2347 296 2395 er,
326 2329 361 2385 ob
384 2330 622 2396 circuncisionem,
646 2330 756 2386 habent.
803 2332 865 2387 11111
888 2347 953 2385 vero
976 2331 1061 2405 longe
1081 2330 1128 2385 alia

112 2415 297 2484 reddiderunt.

200 2502 300 2557 152d.
331 2490 377 2555 ὅτι
399 2490 586 2572 θελήσουσιν
608 2495 634 2555 εἰ
655 2495 804 2575 ἐγένοντο]
829 2500 921 2572 Neque
937 2499 982 2556 lric
997 2517 1061 2555 rum
1077 2499 1129 2554 lle·

111 2585 193 2641 braeo
216 2585 280 2640 Lxx
303 2585 486 2640 consentiunt.
530 2584 640 2657 Vulgata
670 2595 778 2648 nostra,
805 2584 843 2641 Et
864 2587 1062 2640 uestimentum
1082 2585 1129 2639 mi·

110 2680 182 2725 atum
203 2672 341 2742 sangarius
364 2672 417 2724 erit
438 2671 469 2723 in
490 2671 705 2724 combustionem
727 2679 752 2724 et
775 2671 853 2725 cibam
875 2671 957 2741 ignis.
999 2670 1055 2726 Pro
1077 2685 1129 2744 qno

112 2755 214 2816 Graeci,
238 2751 288 2809 noi
310 2746 496 2829 θελήσουσιν
517 2743 591 2808 εἶναι
613 2751 824 2830 πυρίκαυστοι.

200 2840 300 2897 1531.
331 2833 433 2895 ἔπειτα
452 2835 504 2892 ἵνα
527 2833 609 2914 δείξῃ
632 2831 674 2905 ὡς
696 2831 752 2895 οὐκ
774 2824 812 2914 ἢν
832 2831 1011 2911 ὃμοοιῗσιον]
1049 2838 1130 2913 Αρο1-

111 2922 201 2979 linaris
225 2942 331 2980 carnem
356 2924 453 2979 Christi
476 2923 509 2977 ab
532 2932 643 2979 aeterno
667 2924 758 2988 luisse,
783 2941 834 2980 nec
856 2941 887 2979 ex
910 2924 1019 2996 Virgine
1043 2934 1128 2980 natam

111 3010 237 3071 asseruit,
261 3009 373 3081 Gregor.
398 3008 520 3062 Naziauz.
538 3024 577 3062 or.
596 3011 645 3065 to.
669 3005 915 3080 Διαβεβαιοῦιαι
932 3000 991 3083 γὰρ
1006 3000 1051 3082 μὴ
1068 3003 1127 3064 r'ni·

111 3109 221 3164 κτητον
248 3081 321 3147 εἶναι
353 3084 408 3166 τὴν
428 3083 530 3165 σάρκα
552 3084 619 3148 κατ’
643 3089 820 3167 οἰκονομίαν
840 3085 900 3149 ὑπὸ
924 3094 979 3148 τοῦ
1000 3110 1128 3168 μονογε-

112 3179 183 3241 νοῦς
203 3169 272 3231 υἱοῦ
294 3174 552 3251 προσληφθεῖσαν
574 3173 621 3232 ini
643 3170 907 3252 μεταστοιχειιόοει
929 3180 985 3252 τῆς
1007 3170 1132 3254 φύσεως

110 3251 207 3331 ἡμῶν,
231 3252 295 3315 dtt'
318 3258 350 3328 ἐξ
372 3253 467 3335 ἀρχῆς
488 3257 520 3316 ἓν
543 3264 584 3341 τῷ
606 3256 663 3343 υἱῷ
685 3258 741 3337 τὴν
761 3255 906 3339 σαρκώδη
930 3259 1048 3336 ἐκείνην
1070 3254 1129 3340 gui·

112 3361 160 3399 σιν
182 3334 266 3414 εἶναι,
290 3355 342 3401 etc.

202 3432 257 3487 156
274 3429 300 3487 t.
333 3421 408 3500 λάβε
431 3447 477 3484 σοι
501 3423 597 3502 τόμον
613 3424 748 3507 χάρτου]
788 3434 840 3488 Vox
867 3425 985 3508 χάρτου
1014 3431 1127 3488 ebesta

111 3513 217 3587 vulgata
239 3515 304 3570 Lxx
328 3516 506 3588 lnterpretum
531 3516 662 3582 editione,
694 3518 740 3572 sed
764 3518 791 3572 in
813 3518 872 3573 aliis
894 3517 967 3581 olim,
992 3526 1022 3573 ut
1046 3533 1133 3591 appa-

112 3608 163 3662 ret,
186 3600 264 3656 lecta.
294 3600 406 3656 Basilius
428 3609 517 3655 autem
542 3592 637 3672 τόμον
658 3604 763 3657 καινοῦ
784 3594 928 3678 μεγάλου.

200 3687 257 3742 156
274 3685 300 3741 d.
331 3677 366 3740 τὸ
387 3676 614 3760 ἀκατέργαστον
634 3679 828 3763 peip-pulpiti]
853 3687 947 3743 llimm
970 3685 1044 3741 unde
1061 3687 1132 3741 hanc

112 3769 260 3826 llebraicae
274 3771 346 3826 vocis
361 3770 500 3827 notionem
511 3772 654 3844 acceperit.
678 3770 746 3832 nbat
768 3772 903 3846 magistris
918 3780 960 3827 est
981 3783 1062 3850 paratv
1084 3783 1135 3844 tp>

113 3869 186 3915 wa
208 3852 264 3915 &bt
286 3866 411 3914 tantun:
434 3853 473 3915 b:
498 3871 530 3914 t:
554 3864 584 3911 ut
607 3857 643 3912 ait
665 3855 812 3914 llimcltius.
850 3858 915 3913 ltem
939 3873 983 3911 vas
1007 3856 1134 3911 nondum

113 3940 271 4013 perlectum.
303 3940 377 3996 Unde
400 3950 426 3996 et
442 3957 491 4014 per
505 3941 708 3996 translationem
731 3955 828 4002 :razn
851 3956 922 4015 plu
945 3956 1016 4016 part
1039 3953 1135 4001 nattt't

47 4086 49 4090 Α
113 4026 205 4082 Homo
232 4027 391 4100 supientiae
418 4026 513 4081 inanis
539 4042 576 4080 ac
596 4027 702 4097 fauor,
747 4027 829 4083 lladix
851 4028 908 4100 ipsa
929 4025 1084 4099 glomerare
1105 4035 1140 4083 et
