2586 4822
152 790 190 852 18
351 798 385 851 ιι.
421 799 484 849 αττ
501 800 576 848 εντα
593 799 716 848 mum
734 796 804 847 τον
820 796 957 846 mm.

149 952 265 1030 πόδας.
296 951 462 1034 μακαρίζω
479 973 538 1015 σου
554 948 612 1026 τὰς
634 958 743 1030 χεῖρας
767 945 1030 1032 προσεγγισάσας
1050 948 1090 1032 τῇ
1106 949 1167 1012 τοῦ

149 1052 231 1116 θεοῦ
255 1048 476 1134 αὶμορροοῦση
493 1048 628 1132 πλευρᾷ,
652 1045 719 1128 πρὸ
737 1048 842 1128 Θωμᾶ
864 1047 922 1109 τοῦ
944 1048 1066 1110 πιστοῦ
1084 1038 1165 1111 ἀπί-

150 1169 228 1213 στου
257 1149 311 1212 καὶ
341 1146 579 1229 ἐπαινουμένου
614 1148 796 1227 περιέργου.
840 1142 1008 1227 μακαρίζω
1037 1164 1098 1206 σου
1126 1140 1166 1205 τό

149 1244 256 1327 στόμα
285 1244 478 1326 ἐμπλησθὲν
508 1237 684 1326 ἀπλήστως
713 1242 766 1305 καὶ
796 1239 921 1306 ἕνωθὶν
949 1239 1035 1324 πρὸς
1060 1233 1164 1323 Ἰησοῦ

126 1342 186 1414 5τό
216 1340 338 1424 στόμα,
379 1342 431 1405 καὶ
465 1338 651 1421 πνεύματος
684 1333 777 1422 άγίου
811 1337 939 1403 ἐκεῖθεν
973 1338 1164 1422 πληρωθὲν.

148 1440 315 1521 μακαρίζει
339 1461 398 1503 σου
420 1436 497 1514 τοῦς
519 1432 716 1522 ὀφθαλμοὺς
738 1440 986 1519 προστεθέντος
1010 1444 1083 1510 τοῖς
1106 1437 1193 1513 τοῦθ,

146 1532 249 1620 Ἰησοῦ
273 1530 465 1620 ὀφθαλμοῖς
487 1536 540 1599 καὶ
563 1533 601 1598 τὸ
624 1535 696 1620 φιῦς
717 1533 755 1597 τό
772 1527 932 1615 ἀληθινὸν
955 1531 1085 1598 ἐκεῖθεν
1108 1555 1166 1611 με·

148 1631 362 1715 ταλαβόντας.
398 1632 565 1714 μακαρίζει
589 1653 647 1696 σου
670 1629 707 1694 τὸ
723 1630 907 1713 πρόσωπον
923 1627 1165 1712 προσπελάσαν

149 1729 234 1814 πρὸς
253 1729 363 1794 τὸτοῦ
380 1731 462 1794 θεοῦ
479 1727 672 1810 πρόσωπον.
703 1728 870 1810 μακαρίζω
887 1751 945 1792 σου
961 1725 1038 1803 τοὺς
1054 1723 1167 1807 ὤμους

114 1827 226 1905 ιστοός
247 1826 476 1910 βαστάσαντας
504 1824 561 1890 τὸν
590 1826 717 1902 πάντας
738 1824 952 1909 βαστάζοντα.
995 1823 1169 1906 μακαρίζω

150 1947 209 1991 σου
239 1923 295 2011 την
324 1923 483 2009 κεφαλὴν,
521 1913 541 2007 ᾗ
571 1922 789 2006 προσηγγισεν
818 1917 837 2007 ἡ
864 1921 998 1986 πόντιον
1028 1918 1166 2007 κεφαλή.

149 2022 316 2104 μακαρίζω
339 2044 398 2085 σου
421 2020 479 2096 τάς
500 2031 619 2104 χεῖρας,
645 2019 677 2084 έν
694 2014 747 2096 αἷς
762 2019 947 2102 ε’βάστασας
968 2017 1025 2084 τὸν
1040 2018 1168 2101 βαστά-

151 2118 246 2197 ζοντα
268 2117 386 2182 πάντα.
424 2117 590 2199 μακαρίζω
611 2112 729 2201 Ἰωσὴφ
757 2115 812 2181 καὶ
834 2115 1033 2200 Νικόδημον.
1074 2113 1168 2199 γεγό-

151 2237 227 2280 νασι
247 2213 307 2298 γάρ
331 2215 397 2299 πρὸ
419 2218 484 2278 τῶν
503 2217 672 2297 Χερουβὶμ
696 2214 776 2278 θεὸν
800 2212 832 2278 ἕν
856 2214 985 2290 ἑαυτοῖς
1007 2209 1168 2295 όψιόσαν·

115 2333 203 2390 Ιστες
224 2315 278 2377 καὶ
300 2317 469 2397 φέροντες·
493 2311 643 2395 γεγόνασι
667 2311 733 2393 πρὸ
757 2314 822 2375 τιῦν
839 2309 1067 2393 ἑξαπτερόγων
1084 2314 1196 2377 θεοῦῐ)

150 2405 319 2494 ὑπουργοὶ,
344 2403 381 2474 οό
405 2411 567 2492 πτέρυξιν,
593 2406 676 2474 ἀλλὰ
699 2407 829 2474 σινδόσι
855 2408 911 2472 τόν
934 2408 1043 2490 κόριον
1067 2407 1167 2472 καλό-

151 2520 273 2591 φαντες
294 2511 347 2572 καὶ
370 2506 573 2591 τιμήσαντες.
605 2505 641 2570 ὃν
657 2506 699 2570 τὰ
712 2508 883 2590 Χερουβὶμ
899 2511 1064 2588 τρέμουσι,
1090 2510 1166 2570 τοῦ·

149 2628 205 2671 τον
228 2604 284 2671 ἐπὶ
307 2608 372 2669 τῶν
389 2601 487 2686 ὤμων
507 2598 626 2690 Ἰωσηφ
639 2608 693 2668 καὶ
710 2604 898 2688 Νικόδημος
914 2608 1062 2688 φέρουσι,
1087 2597 1164 2685 μεθ’

150 2691 195 2768 ὧν
218 2705 326 2767 πᾶσαι
349 2702 383 2766 αὶ
405 2705 469 2767 τῶν
492 2695 676 2784 ἀσωμάτων
709 2700 817 2779 τάξεις
840 2701 1034 2778 ἐξίστανται.
1082 2690 1167 2786 ἦλθε

110 2797 209 2883 νογὰρ
229 2795 347 2884 Ἰωσηφ
368 2802 422 2864 καὶ
438 2797 642 2882 Νικόδημος·
680 2793 794 2862 οὐκοῦν
818 2799 998 2881 συνέδραμε
1020 2801 1089 2876 πᾶς
1111 2798 1168 2863 καὶ

151 2890 168 2959 ό
191 2899 255 2959 τιῦν
280 2891 420 2978 ἀγγέλων
443 2899 525 2962 θεοῦ
550 2897 667 2983 δῆμος·
701 2894 757 2960 καὶ
772 2894 967 2980 προφθάνει
982 2899 1165 2980 Χερουβὶμ,

150 2994 203 3056 καὶ
227 2997 390 3073 συντρέχει
411 2995 571 3077 Σεραφὶμ,
595 2995 648 3058 καὶ
672 2993 940 3075 συμβαστάζουσι
956 2992 1087 3078 θρόνοι,
1111 2993 1166 3059 καὶ

150 3086 352 3153 καλύπτουσι
375 3089 415 3154 τά
438 3089 648 3174 ἑξαπτέρυγα,
679 3089 734 3154 καὶ
757 3097 931 3176 φρίττουσι
952 3091 993 3155 τὰ
1015 3090 1166 3173 πολυόμ-

150 3210 248 3269 ματα,
278 3182 403 3270 όριῦντα
426 3185 459 3251 ἐν
488 3186 582 3269 σαρκὶ
601 3182 722 3267 Ἰησοῦν
752 3182 931 3270 άόμματον,
970 3191 1022 3253 καὶ
1047 3212 1165 3273 συγκα-

112 3305 143 3356 25
152 3282 313 3348 λάπτουσι
335 3284 495 3367 δυνάμεις,
519 3286 571 3349 καὶ
587 3281 725 3369 ᾄδουσιν
748 3285 782 3349 αὶ
805 3280 909 3367 ἀρχαὶ,
934 3288 987 3350 καὶ
1008 3292 1209 3371 φρίττου-κθῖ

152 3402 204 3446 σιν
227 3380 261 3446 αὶ
283 3379 406 3459 τάξεις,
439 3386 490 3447 καὶ
515 3380 700 3460 ἐξίστανται
728 3385 836 3448 πᾶσαι
859 3383 893 3447 αὶ
918 3383 1071 3466 στρατιαὶ
1100 3387 1165 3448 τῶν

152 3484 334 3562 μεταρσίων
363 3478 552 3564 ταγμάτων,
590 3478 643 3544 καὶ
672 3479 904 3563 θαμβοῦμεναι
932 3481 1018 3564 πρὸς
1046 3480 1166 3559 ἑαυτάς

153 3576 361 3660 διαποροῦσι,
384 3579 436 3642 καὶ
460 3577 598 3661 λέγουσι,
622 3582 672 3653 τίς
695 3566 790 3654 οὗτος
806 3573 823 3641 ό
840 3577 982 3663 φοβερὸς
998 3578 1094 3661 λόγος
1110 3579 1166 3644 καὶ

154 3674 258 3760 φόβος
279 3677 331 3739 καὶ
354 3674 475 3758 τρόμος
495 3673 549 3738 καὶ
571 3673 713 3757 τρόπος,·
750 3680 784 3739 τί
811 3678 908 3740 τοῦτο
936 3675 974 3740 τό
1003 3682 1088 3759 μέγα
1109 3674 1166 3741 καὶ

113 3771 340 3854 ηοπαράδοξον
363 3769 417 3835 καὶ
439 3767 669 3856 ἀκατάληπτον
692 3776 821 3853 θέαμας
859 3767 876 3836 ό
900 3771 967 3838 άνω
992 3768 1069 3857 ἡμίν
1092 3783 1166 3851 τοῖς

153 3861 341 3950 ἀσωμάτοις
364 3863 408 3944 ὡς
429 3867 510 3944 θεὸς
526 3867 662 3954 φρικτός
682 3867 737 3932 καὶ
760 3864 952 3956 ἀθεώρητος
974 3869 1063 3935 κάτω
1085 3877 1166 3953 βρο-

152 3974 223 4041 τοίς
245 3962 289 4040 ὡς
309 3961 427 4048 βροτός
448 3964 566 4046 γυμνός
581 3965 634 4029 καὶ
650 3965 759 4047 νεκρὸς
780 3961 993 4053 εῦθεώρητος,
1018 3956 1046 4051 ᾧ
1063 3976 1168 4050 παρί-

154 4084 289 4128 στανται
310 4059 479 4144 Χερουβὶμ
506 4056 573 4144 μετ’
605 4054 789 4145 εὐλαβείας,
822 4069 938 4131 τοῦτον
958 4060 1081 4151 Ἰωσὴφ
1110 4068 1170 4134 καὶ
