2586 4822
139 734 199 798 ¹38
591 743 706 795 annam

137 904 172 963 ad
198 903 226 961 id
252 903 332 961 ctiam
359 901 459 958 invitos
480 900 646 975 Epiphanius
668 901 726 974 ipse
746 916 779 956 ac
801 899 922 973 suscepti
943 900 1068 957 muneris
1091 899 1158 958 tides

137 988 298 1062 impelleret.
342 986 399 1042 Erit
426 995 516 1042 autem
545 985 609 1041 huic
641 984 749 1041 conatui
776 983 919 1059 laborique
947 995 1044 1041 nostro
1075 986 1159 1045 tacitis

138 1073 241 1138 lector,
271 1072 294 1129 ai
323 1072 376 1128 hoc
403 1088 483 1126 ame
505 1078 657 1144 spectatum
679 1070 833 1143 agnoverit,
863 1078 893 1125 ut
914 1069 1049 1126 infinitam
1072 1088 1159 1145 prope

139 1158 350 1218 controuersiam
378 1156 554 1230 omniumque
581 1155 680 1212 iudicio
708 1154 904 1218 difficillimam,
936 1172 1028 1230 neque
1051 1155 1160 1213 brevius

139 1260 221 1320 quam
249 1260 293 1298 res
320 1249 394 1296 tanta
416 1241 546 1313 disputari
569 1241 670 1313 possit,
699 1256 788 1312 neque
810 1240 918 1313 longius
940 1256 1023 1313 quam
1046 1258 1162 1298 necesse

140 1330 192 1392 sit,
205 1366 208 1371 .
221 1340 326 1383 summa
347 1342 411 1381 vero
433 1341 495 1381 cum
518 1325 644 1381 facilitate
665 1325 876 1397 complecterer,
904 1334 933 1381 et
953 1342 1002 1390 ea,
1033 1344 1106 1401 quae
1127 1326 1159 1381 ah

140 1412 287 1487 ingeniosis
317 1410 458 1484 doctisque
486 1409 549 1465 viris
576 1409 610 1465 de
638 1427 670 1466 ea
697 1427 727 1466 rc
755 1409 872 1466 solerter
904 1411 1057 1483 excogitata
1085 1421 1158 1477 suut,

140 1496 296 1556 accessione
318 1493 407 1567 aliqua
428 1503 521 1550 nostra
544 1494 680 1551 cumulata
700 1493 859 1568 proferrem.
890 1495 979 1563 Quare
995 1496 1096 1570 duplex
1112 1497 1162 1553 crit

140 1580 276 1639 hocloco
299 1579 468 1652 disputanda
481 1579 619 1651 quaestio:
649 1579 733 1637 altera
755 1579 788 1635 dc
810 1596 881 1636 anno
903 1581 978 1653 ipso,
1002 1598 1060 1655 quo
1083 1591 1160 1638 natus

142 1675 185 1724 est
207 1663 345 1721 Christus:
367 1664 451 1721 altera
473 1664 507 1720 de
529 1681 562 1720 eo
585 1680 640 1736 quo
662 1680 758 1737 passus
781 1673 840 1736 cst.

228 1749 289 1823 [llic
318 1749 523 1823 annotationum
545 1749 644 1805 seriem
666 1749 812 1822 interrupit
833 1748 958 1805 Petavins
981 1751 1087 1807 inserto
1107 1749 1161 1805 Ex-

143 1851 225 1893 cursu
248 1835 268 1891 l.
297 1833 340 1889 Dc
362 1851 437 1890 oona
459 1834 553 1890 notclr'
576 1832 680 1889 Christi
702 1852 728 1906 p.
746 1833 915 1905 92—tat.]

94 1929 139 1981 1³2
226 1920 291 1977 ’446
309 1919 335 1974 d.
365 1913 562 1993 γεννηθέντος
590 1912 625 1974 δὲ
653 1911 748 1974 αὐτοῦ
775 1913 842 1995 περὶ
871 1912 925 1976 τὸν
942 1910 1161 1995 Ἰαννονάριον]

144 2004 387 2062 luculentissimus
410 2003 453 2059 hic
475 2002 552 2058 locus
574 2012 625 2068 est,
648 2003 676 2060 in
699 2020 753 2076 quo
771 2003 891 2060 Natalem
907 2003 1010 2060 Christi
1032 2005 1105 2062 diem
1119 2021 1164 2061 ao·

144 2089 313 2147 curatissime
340 2086 538 2143 circumscribit.
568 2087 602 2144 Et
623 2088 732 2160 quidem
746 2091 777 2144 A.
793 2088 823 2144 ll.
840 2088 895 2144 Vlll
911 2089 950 2145 ld.
967 2089 1025 2146 lan.
1048 2091 1103 2147 boc
1125 2098 1163 2146 cst

145 2173 259 2229 lanuarii
283 2175 311 2236 6,
334 2172 360 2227 in
384 2188 465 2244 quem
487 2171 698 2245 Epiphaniorum
722 2172 820 2228 festum
842 2173 944 2237 incidit,
971 2184 1068 2231 natum
1091 2192 1164 2231 asse-

144 2265 229 2322 verat,
252 2275 284 2314 er
306 2257 442 2313 communi
457 2256 652 2330 Aegyptiomm
675 2258 818 2323 sententia,
842 2259 875 2315 de
895 2275 947 2331 qua
962 2259 1082 2317 subinde
1098 2279 1164 2317 oon·

146 2342 213 2399 nihil
241 2342 415 2398 disseremus.
460 2341 514 2398 Sed
543 2343 659 2415 primum
688 2342 810 2416 singulae
832 2352 987 2416 temporum
1012 2346 1162 2402 notationes

147 2427 236 2484 obiter
257 2426 456 2501 percurrendae
479 2434 560 2500 atque
583 2427 757 2483 illustrandae
779 2436 852 2483 sunt.
889 2427 966 2484 llunc
988 2429 1077 2503 igitur
1098 2430 1162 2486 dien

146 2512 276 2586 imprimis
304 2516 336 2569 lt
363 2511 429 2585 Tyhi
458 2529 519 2568 esse
546 2511 640 2569 scribit
668 2513 694 2568 in
716 2529 788 2569 anno
810 2513 934 2569 videlicet
955 2515 1083 2578 Actiaco,
1113 2516 1162 2571 sisa

146 2597 279 2671 Aegyptio
301 2597 413 2661 loliano,
437 2597 514 2653 cuius
537 2597 626 2654 Thotb
649 2596 717 2653 linus
740 2605 782 2653 est
806 2599 844 2656 29
867 2599 991 2672 Augusti,
1021 2598 1161 2656 Neomenia

147 2681 215 2757 'l'ybi
238 2684 276 2740 27
300 2681 364 2738 Dec.

232 2761 311 2823 κατὰ
332 2760 462 2842 Σύρους,
484 2755 750 2840 εἴτουνἝλληνας]
781 2767 1014 2840 Syromaccdonas
1030 2769 1161 2842 intelligit,

148 2852 204 2910 sive
224 2852 419 2915 Antiochenos,
443 2850 489 2923 qui
512 2850 639 2906 lulianam
661 2852 725 2907 anni
747 2851 860 2908 formam
882 2863 1058 2926 receperunt,
1082 2870 1162 2926 quan-

148 2954 230 3012 quam
252 2936 359 2993 illorum
381 2952 443 2992 acra
468 2935 583 2991 triennio
606 2935 738 2991 lulianum
759 2954 858 2992 annum
878 2939 1025 3004 antecedit,
1048 2938 1163 3012 appella·

149 3029 248 3094 turque
265 3014 482 3098 χρηματισμὸς
503 3022 557 3094 τῆς
572 3012 765 3093 Ἀντιοχείας,
787 3021 861 3095 quod
883 3039 915 3078 eo
937 3039 1010 3079 anno
1032 3016 1052 3099 ἢ
1076 3015 1164 3080 αὖτο-

149 3100 242 3178 νομιά
261 3105 438 3162 Antiochenis
461 3105 592 3177 permissu
616 3114 642 3161 et
664 3104 747 3161 lulius
764 3106 861 3163 Caesar
876 3106 995 3163 llictator
1009 3108 1165 3165 Antiochiae

149 3190 324 3247 renunciatus
346 3198 397 3251 cst.
419 3188 564 3253 Artemisii,
588 3189 644 3245 sive
667 3189 726 3245 llaii
750 3193 799 3249 2³.
828 3191 929 3248 Chron.
951 3192 1028 3249 Alex.
1053 3211 1081 3267 p.
1098 3194 1164 3252 ⁴38·

149 3273 200 3331 Est
220 3273 265 3330 hic
286 3291 374 3330 annus
391 3271 469 3330 Urbis
487 3276 557 3337 706.
582 3291 637 3348 quo
653 3274 751 3330 Caesar
772 3276 842 3333 victo
857 3276 986 3349 Pompeio
1010 3296 1105 3335 rerum
1118 3295 1167 3353 po·

149 3358 216 3414 titus
245 3366 303 3422 cst,
332 3357 393 3414 Per.
416 3357 466 3413 lul.
490 3361 572 3417 4666
601 3359 678 3415 annis
706 3369 768 3416 ante
791 3360 979 3435 Dionysianam
1005 3380 1098 3420 acram
1119 3363 1166 3426 48,

148 3452 213 3505 ante
241 3442 358 3516 primum
385 3442 516 3500 lulianum
545 3442 649 3508 tribus,
679 3453 710 3501 ut
732 3461 764 3501 ex
786 3445 901 3519 Euagrio
924 3447 1029 3520 colligit
1051 3447 1167 3521 Scaliger

150 3527 219 3601 laag.
243 3527 308 3584 Can.
325 3530 364 3586 53
388 3546 415 3601 p.
433 3529 509 3595 2953
533 3529 633 3586 rectius
655 3525 736 3601 quam
758 3530 785 3585 in
807 3530 860 3588 Ι.4
883 3531 917 3588 de
939 3530 1053 3588 Emend.
1076 3532 1167 3605 Temp.

149 3629 179 3686 p.
196 3613 272 3671 226:
303 3612 349 3669 nbi
372 3613 595 3670 Antiochensium
617 3629 707 3670 acram
728 3613 762 3672 ab
785 3615 903 3672 editione
924 3616 1026 3672 luliana
1051 3615 1169 3675 inchoari

150 3706 261 3761 censet,
289 3698 367 3754 annis
395 3697 581 3755 antechristi
609 3714 700 3756 aeram
723 3701 779 3762 45.
809 3717 841 3757 cx
863 3700 972 3757 Eusebii
993 3690 1168 3765 authoritate.

149 3781 199 3855 qui
225 3797 327 3839 annum
348 3783 571 3840 Antiochensium
595 3785 655 3842 325
675 3784 781 3840 conlert
802 3784 830 3840 in
852 3800 952 3841 annum
975 3786 1076 3845 Christi
1101 3788 1169 3846 280.

150 3864 206 3923 set
232 3882 329 3940 magna
359 3868 425 3924 baec
459 3867 633 3925 hallucinatio
661 3877 713 3924 est.
756 3868 822 3926 llam
850 3868 984 3926 Eusebius
1012 3871 1041 3927 in
1063 3872 1170 3931 ¹lllrran.

150 3949 281 4009 &meae
307 3968 384 4008 cono
406 3951 508 4014 Prodi,
537 3950 641 4024 inquit,
668 3953 751 4008 iusto
772 3951 959 4011 Antiochense
988 3957 1051 4015 325
1080 3971 1172 4013 anca

149 4035 215 4108 [sir.
257 4036 341 4111 Atqui
362 4034 445 4093 Probi
473 4037 610 4095 secundus
639 4037 770 4111 competit
797 4055 869 4096 anno
896 4056 976 4098 aerae
1004 4039 1173 4099 Christiane
