2586 4822
392 821 430 872 ne
448 822 598 874 sensuris
618 823 654 873 er
672 823 868 875 aunonenses,
1097 811 1137 874 37

123 978 326 1048 quodammodo
353 979 467 1050 spirent
495 987 521 1034 ct
548 980 672 1034 nudetur
700 980 739 1034 ibi
763 978 936 1037 Geometrico
959 981 1041 1037 radio
1063 982 1143 1052 quic·

123 1064 189 1134 qnid
216 1064 391 1119 reconditum
419 1064 500 1127 lutet,
530 1066 706 1136 nondumque
727 1067 806 1138 opud
827 1082 873 1120 eos
893 1067 1005 1138 penitus
1027 1066 1143 1123 marso

121 1147 244 1211 unica,
266 1165 318 1203 aec
337 1149 489 1204 hemonia
511 1150 645 1205 conticuit
667 1157 693 1204 et
714 1152 820 1207 recolet
841 1152 919 1224 opud
939 1153 1072 1222 questum
1089 1153 1142 1207 od·

120 1233 172 1287 buc
203 1234 268 1288 ticet
298 1242 376 1288 utros
405 1235 594 1289 consideratio
621 1235 759 1291 mendant
780 1244 869 1291 motus
892 1245 917 1290 et
939 1237 1063 1293 siderum
1087 1246 1140 1295 cte.

120 1318 174 1374 llae
199 1319 269 1374 duae
293 1319 413 1382 voculae,
438 1321 501 1374 licet
524 1328 611 1383 utros,
635 1319 794 1392 depravatae
811 1329 883 1376 sunt.
913 1319 966 1376 Nee
982 1331 1056 1377 recte
1073 1338 1142 1377 con-

121 1404 216 1458 iicinnt
240 1404 423 1469 Christianos,
452 1404 565 1460 innume
593 1404 738 1462 Monaohes
768 1406 896 1478 intelligi,
926 1423 996 1480 quos
1026 1407 1143 1480 pullatos

121 1488 205 1544 luisse
235 1498 352 1546 constat.
396 1489 490 1565 Neque
518 1489 589 1545 enim
612 1488 734 1546 bleuaehi
763 1507 823 1546 sese
846 1489 1039 1546 blathematicis
1062 1508 1142 1564 preo-

120 1575 214 1630 sertim
237 1573 342 1630 artibus
365 1574 533 1631 addixerunt.
578 1574 666 1643 Quare
695 1575 802 1631 minima
826 1575 974 1631 mutatione
995 1576 1056 1649 lego
1079 1577 1142 1633 lita·

118 1667 206 1723 ratos,
229 1676 281 1732 pro
303 1660 368 1714 licet
389 1667 476 1715 atros.

207 1739 374 1823 ἐνεχείρησε
395 1739 568 1824 Δημητριιιι
589 1740 667 1817 cor]
699 1745 776 1814 Quod
799 1744 932 1801 llcmctrio
948 1744 1079 1801 Phalereo
1095 1743 1141 1803 eo

118 1829 274 1886 bliothecae
296 1846 361 1885 suae
383 1830 552 1886 curationem
572 1829 742 1885 Ptolemaeus
758 1829 979 1903 Philadelphusc
965 1830 1140 1896 commiserit,

117 1913 271 1971 incredibili
294 1931 430 1970 consensu
452 1916 616 1988 scriptorum
640 1915 758 1972 omnium
782 1915 927 1980 asseritur,
951 1933 981 1971 ex
1004 1915 1056 1970 lide
1079 1917 1140 1971 hri-

119 2009 205 2056 steae.
231 1999 310 2067 Quod
332 2016 387 2056 non
411 1999 546 2057 immerito
569 2000 707 2073 Scaligero
729 2001 826 2056 mirum
851 2000 955 2055 videtur
976 2000 1002 2055 in
1017 2000 1138 2059 Animad.

117 2085 147 2140 ad
171 2101 275 2140 annum
304 2089 391 2149 17³4,
415 2086 438 2140 si
458 2086 565 2158 quidem
589 2102 651 2141 vera
673 2085 716 2141 illa
739 2094 817 2150 sunt,
845 2101 915 2159 quae
938 2102 970 2140 en
993 2085 1139 2161 Hermippo

117 2170 253 2243 Diogenes
277 2171 370 2233 relert,
397 2187 458 2226 cum
482 2170 638 2227 Ptolemaeo
661 2170 751 2226 Soteri
774 2171 837 2244 Lagi
860 2169 889 2226 P.
912 2171 1011 2226 author
1032 2171 1138 2236 suisset,

117 2265 145 2310 ut
160 2254 311 2328 Eurydices
334 2254 395 2311 liliis
418 2273 532 2329 regnum
556 2256 732 2328 relinqueret,
755 2255 903 2329 praeterito
926 2255 1068 2312 Berenices
1083 2256 1138 2317 lilio

116 2339 275 2396 Ptolemaeo
298 2339 490 2414 Philadelpho,
515 2351 578 2415 post
600 2340 670 2396 illius
693 2350 807 2397 mertem
830 2358 844 2396 n
868 2339 1043 2414 Philadelpho
1066 2341 1140 2399 rele-

115 2435 208 2498 gatum
232 2442 264 2480 ac
286 2434 380 2498 postea
402 2425 503 2498 aspidis
526 2442 619 2482 morsu
642 2434 766 2484 necatum
786 2442 856 2481 esse.
887 2424 941 2481 Sed
956 2427 1083 2484 adversus
1098 2435 1140 2485 tot

116 2512 283 2583 scriptorum
307 2510 460 2566 testimonia
484 2509 610 2567 reluctari
633 2511 758 2585 equidem
782 2528 836 2566 non
859 2510 954 2567 ausim.
988 2510 1076 2578 Quare
1099 2511 1140 2569 τ’»

117 2594 234 2651 dandum
265 2595 362 2667 ecquid
390 2596 564 2652 coniecturae
592 2605 702 2652 uestrae
723 2596 799 2653 locus
821 2611 882 2651 esse
906 2595 1000 2668 possit.
1045 2595 1140 2657 Ptole-

116 2697 209 2735 maeus
226 2679 335 2753 Lagill.
359 2679 446 2736 adhuc
468 2690 610 2754 superstes
626 2680 809 2736 Ptolemaeum
827 2678 1031 2752 Philadelphum
1054 2680 1137 2737 hlium

117 2766 141 2820 iu
164 2765 243 2840 regni
266 2765 434 2821 consortium
458 2765 579 2821 adscivit.
611 2765 737 2821 Testatur
759 2765 811 2820 hoc
826 2764 962 2821 Theocriti
978 2765 1137 2823 scholiastes

115 2850 147 2905 ad
170 2849 247 2924 ldyll.
261 2853 295 2908 l'l
327 2845 386 2920 ζῶν
406 2844 480 2926 γὰρ,
503 2851 606 2924 iuquit,
636 2842 679 2907 ἔτι
702 2842 719 2909 ὁ
742 2843 845 2925 σωτὴρ
868 2844 1071 2924 ἰιιοινοιτοιήσε
1095 2850 1137 2932 τῷ

119 2928 365 3014 Φιλαδέλφῳ
331 2955 387 3010 την
407 2931 576 3007 βασιλειᾝιιν
601 2944 627 2991 et
650 2935 769 2991 lustinus
792 2934 871 2993 1.λ6.
903 2936 994 3007 ltaque
1010 2935 1138 2993 cumbu-

118 3020 230 3075 metrius
246 3020 403 3076 Ptolemaeo
420 3020 529 3094 hegil*
552 3021 707 3078 carissimus
730 3030 813 3084 esset,
836 3021 925 3094 potuit
945 3020 1137 3094 Philadelphus

116 3115 191 3177 patre
221 3102 372 3178 superstite
400 3105 492 3162 odium
516 3122 596 3162 suum
619 3106 651 3162 ad
673 3106 820 3163 ulciscendi
844 3115 966 3178 tempora
988 3122 1136 3170 reservare,

116 3200 196 3264 atque
219 3190 316 3246 eodem
339 3199 462 3263 tempore
485 3190 678 3249 bibliothecam
701 3191 772 3247 illam
795 3190 945 3255 adornans
974 3191 1033 3246 eius
1055 3207 1136 3247 curs
1234 3254 1252 3283 ·.-
1280 3260 1284 3269 1

115 3277 215 3330 tionem
241 3274 377 3332 Demetrio
401 3276 533 3333 Phalereo
556 3277 734 3331 committere.
763 3275 940 3332 Coniecturae
961 3274 1032 3332 illius
1055 3287 1187 3340 occa-ase
1269 3294 1278 3313 ·-

116 3360 217 3416 sionem
243 3360 377 3434 praebent
399 3371 521 3418 veterum
545 3378 599 3417 uon
623 3361 710 3434 pauci,
734 3361 779 3434 qni
803 3360 842 3416 vel
866 3359 1048 3416 Ptolemaeum
1072 3360 1136 3434 lagi

117 3444 143 3501 P.
164 3445 361 3509 Bibliothecae.
383 3447 508 3520 adeoque
530 3446 603 3502 Lllll.
641 3446 821 3518 luterpretum
844 3444 970 3501 editionis
992 3445 1135 3503 authorum

115 3529 224 3595 iaciunt,
248 3540 280 3586 ut
296 3531 439 3589 lranaens:
463 3532 504 3588 vel
526 3533 581 3588 utri
603 3529 745 3587 tribuentb
769 3530 818 3584 ista
841 3530 895 3585 sint
914 3528 1082 3596 addubitant.
1105 3539 1137 3595 ut

114 3614 196 3671 Clem.
214 3615 344 3672 Alexand.
366 3621 391 3675 1.
407 3616 508 3673 Strom.
533 3616 573 3672 vel
595 3615 714 3688 denique
736 3614 770 3672 ab
792 3613 933 3678 ambobus,
957 3625 1033 3688 patre
1055 3613 1136 3670 siiuid

114 3718 142 3757 ac
165 3701 232 3764 filio,
257 3710 433 3775 procuratum
456 3701 525 3757 illud
546 3701 707 3758 existiment.
737 3699 815 3773 Apud
832 3698 931 3754 Euseb.
948 3698 1133 3765 llistor.l,32

112 3787 254 3842 Anatolius
284 3786 320 3842 de
340 3784 497 3853 Aristobulo
527 3802 582 3841 uno
612 3798 643 3842 es
667 3785 731 3843 bllll
753 3782 914 3842 Senioribus
941 3783 1071 3858 loquens:
1101 3775 1136 3851 ὃς

112 3866 143 3925 ἓν
165 3875 233 3938 τοῖς
254 3862 471 3945 ἑβδομήκοντα
494 3864 719 3945 κατειλεγμένος
735 3872 799 3936 τοῖς
812 3861 869 3936 τὰς
883 3861 967 3967 lepdc
981 3888 1030 3924 και
1024 3864 1137 3938 θείας

108 3946 305 4032 Ἑβραίων
291 3949 498 4057 ερμηνευσιισι
525 3947 649 4031 γραφὰς
670 3950 858 4034 Πτολεμαίῳ
879 3972 922 4034 τῳ
947 3946 1135 4038 Φιλαδέλφῳ

109 4059 160 4098 ιιιιι
182 4043 229 4120 τῷ
249 4058 363 4140 rovrqo
386 4036 489 4144 πατρί.

199 4129 302 4186 ldbc.
326 4117 343 4183 ὁ
367 4119 401 4183 δε
423 4117 578 4204 ἀπεκρίθη
600 4127 644 4208 τῷ
664 4124 805 4200 βασιλεῖ]
834 4125 919 4182 llulto
941 4122 1135 4184 liberaliorem
