2586 4822
477 826 768 879 aurnaornasrones.
1069 811 1135 891 ‚tta

106 982 193 1061 ,rim
216 998 298 1039 omne
324 981 450 1048 sustulit,
479 982 552 1057 quod
575 984 601 1039 in
623 984 720 1040 harum
743 982 856 1040 nodone
876 998 970 1039 verum
989 982 1138 1056 Apostolus

110 1067 269 1127 mutuus

204 1154 264 1211 469
281 1169 305 1208 a.
336 1142 378 1209 ἔτι
400 1143 515 1225 ταύτην
535 1144 658 1224 τελετὴν
679 1143 743 1209 κατ’
768 1145 845 1224 ἔτος]
875 1144 978 1226 τελετὴ
1000 1150 1136 1210 hocloco

112 1235 161 1295 vel
189 1237 301 1294 solenne
324 1237 436 1300 lestnm,
466 1254 497 1292 ac
519 1235 704 1293 celebritatem
727 1238 874 1311 significat,
904 1236 945 1293 vel
965 1236 1135 1295 sacrificinm.

112 1321 235 1396 llesp'ch.
259 1312 522 1401 raleaul,s‘oprui,
544 1317 669 1392 θυσίαι,
688 1317 854 1397 μυστήρια.
898 1323 968 1378 Orus
991 1321 1135 1378 Thebanus
1248 1390 1253 1395 .

111 1408 188 1482 apud
205 1407 320 1480 Etymol.
343 1407 486 1463 authorem
504 1400 627 1473 τελετὰς
640 1407 758 1480 appellat
773 1400 828 1474 τὰς
841 1402 970 1481 μείζους,
993 1402 1043 1462 καὶ
1057 1401 1137 1481 μετό

112 1509 199 1560 τινος
224 1494 373 1566 μυστικῆς
393 1485 593 1566 παραδόσεως
614 1482 730 1567 ἑορτάς.
774 1492 857 1549 llecte
879 1493 962 1566 igitur
983 1509 1045 1548 curn
1068 1492 1137 1549 Cor-

114 1577 195 1635 nario
215 1577 318 1650 [ertum
341 1577 383 1634 hie
405 1577 576 1651 interpretati
599 1594 703 1634 sumus.
735 1578 852 1635 Tametsi
875 1577 908 1633 de
930 1577 1061 1634 sacrificio
1083 1596 1136 1651 po-

114 1663 220 1720 tuimus
242 1663 374 1737 accipere,
398 1662 470 1737 quod
494 1662 615 1718 Serrario
637 1671 733 1719 nostro
756 1662 866 1737 placuit,
893 1663 1052 1736 praesertim
1074 1680 1136 1720 cum

113 1747 198 1804 Haer.
217 1750 254 1807 78
279 1747 390 1804 eandem
413 1748 551 1803 historiam
568 1765 680 1802 narrans
696 1744 810 1815 θυσίας
824 1757 912 1804 vocet.
942 1742 973 1803 ίν
987 1742 1135 1822 Σικίμοις,

114 1824 199 1891 τοῦτ’
223 1826 304 1890 ἔστιν
330 1828 361 1890 εἰι
389 1835 426 1910 τῇ
449 1826 601 1889 Νεαπόλει
629 1827 744 1900 θυσίας
773 1826 800 1888 οἱ
823 1824 977 1908 ἐπιχώριοι
1000 1830 1138 1889 τελοῦσιν

113 1913 161 1986 είς
189 1908 287 1992 όνομα
314 1912 415 1994 κόρης.
458 1918 537 1987 Quod
565 1934 628 1973 vero
657 1912 773 1991 ταύτην
794 1913 915 1993 τελετὴν
936 1908 1062 1992 ἄγουσιν
1084 1919 1136 1975 Ιιοο

115 2003 180 2061 loco
204 2003 284 2068 dixit,
307 2003 466 2077 simpliciter
486 2013 648 2076 usurpatum
670 2012 754 2076 puto,
778 2020 827 2076 pro
851 2021 883 2059 eo
907 2002 980 2076 qnod
1002 2011 1043 2058 est
1065 2004 1137 2060 ritus

113 2091 183 2146 illos
204 2090 376 2153 instaurant,
400 2088 442 2144 vel
462 2089 541 2144 soem
562 2088 639 2144 ittim
661 2089 824 2144 memoriam
845 2089 997 2144 celebrent.
1041 2088 1136 2146 Potest

115 2183 147 2231 et
174 2167 272 2250 ταύτῃ
298 2191 348 2246 pro
377 2163 491 2247 ταύτην
519 2172 583 2245 legi.
628 2173 694 2229 h'am
715 2172 750 2229 de
773 2174 898 2230 humanis
921 2172 1033 2238 hostiis,
1063 2173 1136 2246 quod

114 2259 273 2333 suspicatur
295 2259 446 2323 serrarius,
470 2275 563 2315 rerum
585 2275 641 2315 non
663 2258 789 2324 arbitror,
813 2259 973 2332 pracsertim
995 2258 1136 2333 Epiphanii

114 2361 199 2408 aero,
223 2343 273 2399 snb
297 2343 454 2400 Christianis
474 2342 659 2416 principibus,
683 2345 729 2416 qui
752 2345 915 2401 execrandas
936 2343 1010 2408 illas,
1034 2360 1065 2400 ac
1087 2344 1138 2401 de·

114 2427 257 2485 tentabiles
280 2429 447 2484 ceremonias
468 2427 570 2500 ubique
592 2428 801 2502 prohibuerunt.
1190 2486 1199 2503 ,

204 2515 264 2570 469
281 2511 308 2569 h.
339 2504 469 2587 καὶγὰρ
492 2509 541 2567 καὶ
564 2508 649 2587 παρά
672 2530 731 2570 τισι
753 2515 808 2569 τοῦ
830 2506 1034 2586 oleagineum]
1061 2514 1135 2581 Quae
1167 2494 1208 2599 ζ
1240 2526 1244 2535 ’

115 2599 151 2655 de
174 2596 361 2655 blelcbisedeci
381 2596 540 2672 parentibus
563 2607 654 2653 narrat
676 2598 851 2671 Epiphanius,
874 2598 999 2655 redolent
1012 2600 1137 2671 Apocry·
1181 2528 1233 2663 ὕ

114 2683 235 2759 phorum
258 2683 370 2748 somnia,
395 2682 545 2740 cuiusmodi
567 2681 651 2738 multa
674 2692 739 2739 sunt
760 2684 813 2739 hoc
835 2683 862 2739 in
885 2699 969 2757 opere
990 2681 1061 2738 bona
1082 2681 1136 2739 fide

115 2786 132 2825 a
160 2769 330 2826 sanctissimo
359 2768 439 2824 Patre
468 2767 620 2840 descripta,
648 2785 717 2839 quae
746 2768 896 2832 discutere,
926 2776 972 2822 aut
1001 2766 1134 2836 refellere,

114 2853 214 2919 otiosi;
238 2862 340 2909 temore
363 2852 441 2910 ladem
465 2851 602 2914 adhibere,
626 2853 885 2926 parumprudentis
908 2852 997 2908 luerit

202 2933 235 2994 lv
256 2941 293 3016 τῇ
314 2939 369 3013 τῆς
382 2934 490 3011 Σαβῆς
511 2930 645 3010 πεόιόόι]
676 2937 788 2994 Ubinam
811 2937 880 2994 Sabe
903 2937 946 2992 illa
969 2938 1019 2992 sita
1043 2938 1078 2993 sit
1093 2939 1137 2995 di-

114 3024 209 3081 vinare
231 3033 370 3096 utcunque
393 3023 464 3079 licet.
495 3021 576 3078 losue
592 3023 669 3087 2,19
693 3023 721 3078 in
743 3023 815 3080 tribu
831 3023 966 3079 Simeonis
987 3038 1137 3083 recensen-

113 3119 164 3167 tur
184 3108 318 3166 Bersabee
341 3117 368 3164 et
390 3106 491 3171 Sahee,
521 3121 591 3181 quae
613 3106 733 3163 eiusdem
756 3108 848 3182 oppidi
871 3108 978 3165 nomina
1000 3106 1031 3162 h.
1055 3108 1136 3169 lsains

113 3204 143 3252 et
158 3194 260 3250 llazius
282 3210 343 3250 esse
365 3201 471 3268 putant.
502 3191 580 3261 Quod
602 3192 625 3248 si
645 3210 738 3250 verum
761 3202 812 3258 est,
835 3193 862 3249 in
878 3192 1055 3250 bersabeensi
1070 3212 1136 3269 agm

113 3278 305 3337 Melchisedeci
326 3287 453 3353 parentes
476 3277 665 3334 habitaverint.

203 3367 264 3423 too
281 3381 305 3420 o.
336 3358 446 3439 Σαλὴμ
470 3357 504 3419 δὲ
525 3354 544 3437 ἡ
567 3355 665 3436 πόλις]
706 3362 897 3437 Antiquissima
920 3373 963 3420 cst
984 3364 1028 3421 illa
1051 3383 1137 3438 qnae-

113 3451 186 3515 slio‚
215 3458 308 3507 utrum
329 3448 530 3522 llierosolyma,
553 3465 587 3504 an
610 3448 771 3505 sicimorum
793 3450 921 3522 oppidum
945 3449 1026 3506 luerit
1047 3450 1187 3516 Salemm

113 3534 306 3593 netcnnedeci
329 3533 502 3598 domicilium,
525 3534 559 3590 de
582 3551 635 3607 qua
657 3534 716 3589 vide
739 3551 808 3608 quac
824 3534 965 3591 Perrerius
988 3534 1086 3610 aliique
1103 3537 1137 3593 ad

113 3621 185 3679 Gen.
208 3620 347 3693 disputant
369 3628 397 3675 et
418 3619 562 3675 novissime
578 3617 701 3674 Salienus
723 3628 818 3675 noster
839 3619 866 3675 in
882 3618 1039 3675 Annalibus.
1062 3621 1135 3679 mu.

113 3707 211 3766 2118.
244 3704 400 3761 Communis
423 3717 451 3760 et
473 3720 532 3759 vcra
563 3705 697 3760 sententia
728 3713 786 3767 est,
821 3703 1005 3777 Hierosolyma
1034 3705 1136 3777 potius,

111 3807 197 3866 quam
220 3789 381 3847 Sieimorum
403 3788 499 3845 urbem
522 3788 606 3843 luisse
628 3787 814 3846 blelchisodeci
838 3789 949 3863 regiam.
991 3789 1070 3858 Quod
1091 3791 1137 3847 isti

110 3875 241 3952 pluribus
262 3873 405 3930 affirmant.

202 3963 263 4019 470
279 3976 304 4014 a.
332 3951 411 4031 μετὰ
432 3950 535 4034 γενεὰς
556 3951 687 4014 denudabo
710 3961 764 4033 τῆς
784 3960 840 4015 τοῦ
853 3951 952 4030 Λεοί]
980 3959 1080 4016 dLevi
1101 3958 1137 4017 ad

111 4044 206 4104 Sadol
234 4043 319 4101 filium
340 4043 470 4109 achitob,
488 4043 550 4116 .qni
577 4042 629 4100 snb
658 4043 754 4100 Davide
783 4059 918 4100 summum
948 4043 1135 4101 Sacerdotium

112 4130 214 4196 mouit,
227 4129 292 4203 fleg.
309 4129 338 4194 2,
353 4130 382 4194 8,
394 4132 427 4187 17
444 4123 541 4204 ysrael
557 4138 622 4186 sunt
641 4131 687 4194 13,
703 4145 759 4185 non
778 4130 825 4187 12.
855 4127 895 4185 hh
910 4131 1017 4187 Manna
1031 4145 1088 4186 non
1106 4133 1134 4198 7,
