2586 4822
301 818 352 872 m.
385 820 450 870 m
467 820 542 869 σου
559 820 629 869 σου
646 820 804 869 κνιῑτον
819 820 1035 872 mmm.
1138 808 1176 873 31

168 966 263 1048 σθείς
293 969 406 1037 ἔδυσεν
434 966 453 1036 5
482 970 600 1048 δοῦλος
630 958 726 1049 ου’·τος
754 966 860 1057 ἥλιος,
893 966 1002 1057 ἥλιον,
1036 974 1112 1056 περὶ
1141 961 1182 1040 οὗ

169 1091 268 1153 φησιν
292 1062 498 1154 δπροφητης
520 1062 692 1134 *ἀνατελεῖ
712 1078 785 1146 τοῖς
807 1074 1026 1155 φοβουμένοις
1046 1068 1104 1133 τὸν
1122 1065 1181 1156 Ἰη·

171 1167 244 1231 σοόν
261 1160 355 1251 ἥλιος
370 1166 604 1251 δικαιοσύνης.”
633 1161 734 1250 ἣλιον,
759 1163 796 1230 όν
811 1161 829 1252 ἦ
846 1166 997 1252 ἐκκλησία
1012 1161 1181 1253 ἀειλαμπῆ

170 1264 410 1349 περιβέβληται,
436 1257 481 1329 δι’
498 1259 535 1329 όν
552 1285 653 1349 φησιν
674 1257 693 1347 ἡ
706 1262 814 1350 γραφη
840 1260 952 1351 ’ἥλιος
974 1263 1110 1352 ἐξῆλθεν
1133 1264 1180 1343 είς

170 1364 231 1446 γῆν,
256 1363 310 1427 καὶ
327 1361 413 1426 Λῶτ
436 1360 482 1439 είς
504 1360 609 1425 τόπον
624 1362 683 1425 τοῦ
699 1360 801 1442 νόμον
817 1360 971 1446 εἰσῆλθεν
988 1361 1034 1439 είς
1049 1361 1206 1446 σιγῶρ,”5

168 1452 249 1542 ὅπερ
273 1458 450 1543 σμικρότης
473 1456 690 1543 ἑρμηνεύεται.
726 1445 822 1536 οὗτος
845 1453 862 1523 5
885 1454 977 1543 ἥλιος
1001 1454 1180 1545 δσοφίζων

163 1556 205 1621 τὰ
227 1553 358 1642 ἀσοφα·
392 1545 487 1633 οὗτος
510 1550 528 1620 5
550 1552 643 1642 ἥλιος
665 1554 699 1621 έν
721 1557 767 1640 τῷ
784 1556 985 1640 στερεῶματι
1010 1558 1068 1644 τῆς
1089 1551 1180 1640 ἡμῶν

157 1660 311 1731 πίστεως
339 1654 586 1737 τεθεμελίωται.
626 1650 682 1719 διά
710 1656 827 1718 τοῦτον
855 1653 912 1719 τόν
933 1656 991 1737 τῆς
1013 1652 1181 1719 δικαιοσύ-

130 1762 219 1835 ίνης
240 1746 335 1835 ἥλιον
359 1750 505 1833 Χριστόν
535 1745 673 1835 οάρανὸς
702 1745 718 1835 ἡ
744 1750 895 1836 ἐκκλησία
921 1756 1103 1837 γεγένηται·
1142 1745 1178 1817 οδ

146 1848 301 1935 σεληνην
324 1846 485 1926 αδξουσαν
508 1847 563 1914 καὶ
585 1848 756 1937 ληγουσαν,
791 1844 875 1914 ἀλλά
893 1846 988 1931 χάριν
1012 1844 1179 1938 άειλαμπῆ
1191 1870 1222 1921 ιο

142 1942 299 2025 ἔχουσα·
326 1939 384 2010 οδκ
406 1940 546 2029 άστέρας
560 1946 653 2025 τινάς
669 1945 838 2032 πλανήτας
853 1940 1084 2023 ἀνατέλλουσα,
1109 1943 1177 2012 ἀλλ’

140 2031 303 2124 ἀστέρας
324 2050 568 2129 νεοφωτίστσυς
590 2043 624 2110 ἐκ
643 2043 875 2132 κολυμβήθρας
891 2038 1118 2130 ἀναφέρουσα·
1141 2037 1179 2109 οδ

140 2143 303 2227 νεφέλας
325 2135 565 2227 δμβροφόρους,
599 2136 684 2208 ἀλλὰ
711 2140 928 2218 διδασκάλους
955 2136 1177 2229 θεολόγουςὴ

140 2227 315 2324 ἐκκλησία
338 2238 464 2319 ίχουσα.
503 2233 561 2303 οδκ
583 2238 638 2304 έπὶ
663 2241 729 2304 τῶν
751 2239 901 2321 θολερῶν
916 2233 1045 2304 ὑδάτων
1060 2264 1180 2322 κρεμα-

141 2338 259 2422 μένη,
294 2330 362 2399 ἀλλ’
394 2334 449 2401 έπλ
478 2339 544 2401 τῶν
573 2335 668 2420 ίερῶν
697 2336 866 2420 δογμάτων
900 2336 1221 2421 τεθεμελιωμένηηο

144 2422 221 2498 θῦκ
242 2429 367 2514 όμβρσν
379 2432 572 2514 χειμωνικὸν
589 2430 850 2516 ἀναπέμπουσα·
874 2426 931 2498 οὐκ
947 2428 1067 2516 ὀρνέων
1082 2434 1175 2516 κλαγ-

145 2541 245 2609 γαῖς,
262 2524 347 2594 ἀλλὰ
362 2529 567 2595 διδασκάλων
584 2540 712 2617 φωναῖς
728 2526 931 2616 ἀνθρώπους
945 2531 1177 2613 καταλέγουσα.

125 2618 244 2712 ὓᾱῖἷτη
272 2622 391 2711 ἡμέρα,
425 2625 464 2713 ἢν
492 2628 647 2714 ἐποίησεν
678 2624 695 2692 5
723 2628 850 2712 κάρτος·
898 2623 1180 2710 άγαλλιασῶμεθα

151 2726 402 2805 πνευματικῶς,
435 2727 487 2790 καί
521 2720 761 2811 εὐφρανθῶμεν
794 2726 996 2807 θεοπρεπῶς
1024 2722 1057 2789 έν
1087 2720 1177 2809 αὐτῇ.

152 2814 244 2909 αὕτη
269 2818 346 2909 ἡμῖν
370 2817 387 2909 ᾖ·
411 2825 529 2888 πασῶν
557 2827 623 2889 τῶν
646 2822 768 2906 ἑορτῶν
791 2818 1017 2905 δπερεόρτιος·
1055 2817 1135 2907 αὕτη
1157 2816 1222 2909 ἦγχε

154 2908 268 3005 ἑορτὴ,
298 2922 375 3003 περὶ
399 2909 437 3006 ἧς
458 2920 497 2984 τὸ
520 2924 650 3003 πνεῦμα
670 2919 708 2985 τὸ
731 2916 825 3003 ἅγιον
847 2917 1105 3003 παρακελεύεται
1127 2919 1180 2984 λέ·

152 3030 220 3087 7ον
242 3016 478 3102 ’πυστησασθε
501 3016 615 3103 ἑορτὴν
646 3017 679 3084 ἐν
708 3027 780 3096 τοῖς
801 3015 1002 3097 πυκάζουσιν
1031 3011 1114 3100 δμσῦ
1144 3040 1180 3083 τε

153 3116 218 3180 καὶ
239 3115 443 3192 θάλπουοιν,
473 3116 535 3192 ἕως
561 3118 628 3180 τῶν
655 3119 798 3199 κεράτιον
826 3118 885 3182 τοῦ
907 3116 1177 3197 θυσιαστηρίου”.

152 3202 244 3296 αὕτη
269 3207 285 3296 ’ί
310 3211 405 3300 ἑορτὴ
428 3214 486 3277 τοῦ
509 3212 635 3291 παντὸς
661 3212 795 3295 κόσμου,
830 3212 991 3296 έγκαίνιον
1021 3208 1103 3295 ὁμοῦ
1125 3212 1180 3277 καλ

153 3310 336 3395 σωτηριον.
382 3306 460 3394 αὕτη
490 3305 509 3394 ἡ
538 3309 632 3398 ἑορτὴ
663 3314 781 3376 πασῶν
808 3312 874 3375 τῶν
904 3309 1026 3392 ἑορτῶν
1054 3308 1223 3398 κορυφηης

152 3410 219 3470 καί
250 3402 445 3490 ἀκρόπολις·
479 3402 559 3491 αότη
587 3403 606 3494 ἡ
638 3403 755 3494 ἡμέρα,
792 3405 828 3493 ἢν
851 3402 1023 3494 εὐλόγησεν
1047 3402 1064 3471 5
1087 3406 1177 3487 θεὸς,

111 3486 298 3578 λῖλῆγίασεν
321 3498 437 3590 αὐτην·
474 3499 527 3569 ὅτι
549 3504 582 3570 ἐν
606 3500 686 3592 αὐτῇ
714 3510 918 3572 κατέπαυσεν
947 3499 1016 3571 ἀπὸ
1044 3504 1180 3571 πάντων

154 3597 232 3664 τῶν
254 3602 355 3686 ίργων
377 3596 493 3680 αι’ποό,
529 3602 705 3681 τελειώσας
732 3602 790 3689 την
820 3608 983 3688 σωτηρίαν
1011 3604 1076 3668 τῶν
1105 3602 1181 3667 ἒπε-

155 3702 262 3767 reim
295 3694 378 3782 ὁμοῦ
412 3702 467 3765 καὶ
506 3705 741 3781 καταχθονίων.
795 3701 829 3768 έν
863 3696 943 3787 αὐτῇ
975 3706 1179 3766 κατέπαυσεν

159 3784 309 3862 ἐῖδῶλων
332 3796 387 3862 καὶ
409 3795 585 3862 κνωδάλων
608 3796 739 3876 τελετὰς
761 3802 814 3864 καλ
838 3792 1002 3882 ὀρχήσεις·
1041 3797 1074 3863 έν
1097 3792 1223 3882 αάτῇοο

161 3897 351 3959 κ(πέπαυσο
382 3894 439 3981 τὴν
473 3892 611 3976 δύναμιν
638 3895 772 3962 πάντων
801 3896 966 3963 ἐναντίων.
1016 3896 1050 3963 ἐν
1077 3893 1178 3979 ταύτῃ

165 3980 369 4058 κατέπαυσεν
385 3990 501 4074 ἑορτάς
515 3994 568 4058 καὶ
585 3993 776 4076 δαιμονικάς
792 3994 997 4080 πανηγύρεις.
1029 3992 1062 4057 έν
1077 3990 1178 4077 ταότη

173 4092 370 4156 κατέπαυσεν
395 4088 572 4155 ελδωλικῶν
594 4090 741 4173 αίμάτων
756 4098 891 4169 κνίσσας
906 4090 959 4156 καὶ
976 4095 1106 4165 θυσίας.
1145 4088 1179 4156 έν
