2586 4822
301 857 385 905 σενι
403 857 554 905 mmm
570 855 634 905 κει
651 855 839 906 mem.
1058 845 1077 904 5
1136 904 1141 920 ,

59 1003 137 1067 δυσὶ
167 1002 287 1081 τόποις
316 999 391 1071 άνθ)
417 1003 504 1082 ἑνὸς,
533 1010 702 1072 τουτέστιν
732 1000 804 1071 ἀντὶ
827 1008 884 1071 τοῦ
908 1007 978 1092 ἔτη,
1009 1006 1081 1084 έτος

13 1102 114 1164 imai
146 1098 229 1177 έτος.
275 1100 332 1167 διὰ
352 1105 451 1167 τοῦτο
477 1100 510 1167 έν
534 1102 579 1168 ἑνί
602 1101 698 1187 τόπῳ
720 1101 759 1167 τὸ
781 1106 838 1168 τοῦ
862 1102 954 1180 ἔτους
977 1100 1082 1185 ὄνομα

60 1197 95 1262 οἱ
118 1197 343 1283 ἑβδομήκοντα
366 1196 424 1263 δόο
441 1198 637 1282 παρέλιπον.
669 1199 838 1265 έλθόντων
854 1200 889 1265 δέ
903 1205 1082 1283 μετέπειτα

60 1298 128 1359 τῶν
158 1297 234 1378 περὶ
260 1288 401 1360 Ἀκύλαν
428 1299 481 1361 καί
510 1294 553 1361 τὰ
580 1291 648 1361 όπό
676 1300 743 1362 τῶν
771 1296 995 1384 ἑβδομήκοντα
1023 1295 1081 1362 δόσ

60 1393 342 1478 παραλειφθέντα
357 1391 592 1471 ἐκδεδωκότων,
606 1393 739 1460 έδόκσυν
755 1389 840 1461 είναι
855 1394 1106 1479 περιττότερα.ῡ

58 1483 225 1574 Ὠριγένης
247 1490 283 1556 δέ·
304 1491 389 1572 μετὰ
409 1492 514 1557 ταῦτα
536 1491 646 1558 έλθών
669 1486 917 1578 ἀποκατέστησε
931 1493 991 1573 μὲν
1008 1491 1082 1558 έκά-

62 1609 131 1673 στῳ
161 1586 257 1674 τόπῳ
284 1586 344 1653 τόν
373 1587 568 1655 ἐλλείποντα
596 1588 707 1674 λόγον,
740 1595 910 1674 παρέθετο
935 1590 969 1657 δὲ
992 1585 1080 1676 αὐτῷ

60 1683 120 1747 τὸν
144 1680 348 1767 όστερίσκον,
372 1681 429 1769 οὐχ
451 1681 497 1763 ὡς
516 1693 628 1769 χρείας
650 1684 750 1772 οόσης
764 1691 823 1752 τοῦ
838 1686 973 1767 πάντως
989 1688 1082 1774 ζητη-

60 1786 168 1867 θῆναι
189 1781 248 1847 τόν
270 1781 383 1868 λόγον·
405 1783 562 1867 περιττός
583 1783 644 1869 γάρ
668 1783 773 1851 ἐστιν·
796 1779 865 1851 ἄλλ’
882 1785 938 1851 ἵνα
954 1785 998 1868 μὴ
1016 1812 1081 1850 πα-

60 1880 207 1965 ραλείψη
221 1874 392 1958 Ἰουδαίοις
405 1883 458 1946 καὶ
474 1887 696 1966 Σαμαρείταις
711 1881 1003 1968 ἐπιλαμβάνεσθαι
1016 1886 1082 1948 τῶν
1096 1900 1124 1952 to

61 1975 96 2043 έν
118 1987 194 2053 τοῖς
217 1972 327 2061 ἁγίαις
349 1977 533 2065 ἐκκλησίαις
554 1985 659 2046 θείων
680 1983 826 2066 γραφῶν,
849 1982 989 2068 μηδενός
1008 1978 1083 2046 έπι·

35 2075 213 2160 Βληιβίμου
242 2073 436 2159 πράγματος
464 2071 669 2160 ὑπάρχοντος
697 2077 779 2143 κατὰ
801 2080 858 2165 τῆς
880 2084 1026 2156 πίστεως
1048 2077 1081 2143 ἐν

61 2183 132 2249 τοῖς
155 2167 435 2258 άπεστερημένσις
457 2172 575 2259 λόγοις.
607 2178 757 2259 περιττοὶ
780 2174 841 2260 γάρ
859 2176 925 2243 είσι
940 2179 991 2241 καὶ
1010 2177 1082 2241 δισ-

61 2370 119 2431 τσῦ
139 2364 248 2450 Ἀδάμ
272 2371 323 2433 καί
347 2371 406 2455 τῆς
428 2364 529 2434 αὐτοῦ
553 2369 651 2455 ζωῆς·
683 2365 728 2448 ὥς
749 2372 801 2436 καί
825 2366 895 2436 άπὸ
916 2374 975 2437 τοῦ
999 2377 1082 2455 βρα-
1095 2389 1122 2439 15

59 2464 201 2548 χστότου
231 2463 328 2550 λόγου
359 2465 497 2532 δυνατόν
520 2490 557 2534 σε
578 2477 650 2545 τοῖς
672 2469 806 2545 λοιποῖς
829 2467 1003 2554 ἐπιστῆναι
1026 2468 1081 2532 λό--

60 2586 141 2646 γοις,
166 2563 253 2627 ἔνθα
275 2563 307 2629 οἱ
330 2559 519 2648 άστερίσκσι
536 2563 762 2648 παράκεινται.
792 2565 848 2630 ίνα
864 2567 899 2630 δέ
914 2568 968 2630 καὶ
983 2568 1082 2629 τοῦτο
1168 2644 1176 2656 Δ

59 2660 190 2745 μάθῃς,
222 2658 333 2726 διὰτί
355 2655 566 2745 ἀστερίσκους
589 2667 758 2744 παρέθετο
780 2673 852 2741 τοῖς
875 2661 985 2748 λόγοις
1006 2660 1082 2726 τοό-

59 2782 140 2835 τοις,
166 2753 331 2844 ἀφθόνως
353 2761 405 2824 καὶ
427 2762 527 2825 τοῦτο
550 2760 693 2842 λέξομεν.
726 2758 905 2826 ἐπίστασαι
921 2763 1029 2838 τοῦτο,
1055 2749 1081 2824 ὦ

60 2850 224 2940 άιροατά,
253 2852 308 2921 ὅτι
335 2856 369 2922 έν
391 2860 437 2942 τῷ
461 2853 665 2941 στερεοίματι
687 2859 745 2923 τοῦ
768 2854 908 2940 οὐρανοῦ
931 2858 964 2924 οἱ
986 2853 1125 2924 ἄστε’-1)

58 2978 113 3035 ρες
127 2954 204 3033 εἶσὶ,
227 2952 287 3020 κάν
301 2979 338 3021 τε
351 2949 419 3019 ὑπό
434 2956 580 3040 νεφελῶν
595 2949 617 3042 ἢ
630 2950 724 3042 ἡλίου
739 2956 949 3041 καλυφθιόσι.
973 2954 1080 3042 τούτῳ

37 3055 106 3136 ὒτηῖ
129 3052 271 3136 νοήματι
293 3046 311 3117 ό
333 3050 410 3129 τοὺς
424 3045 636 3136 ἀστερίσκους
651 3054 821 3136 παραθεὶς
835 3053 1003 3140 ίποίησεν,
1025 3053 1082 3119 ἵνα

58 3171 114 3215 σοι
141 3151 234 3234 δείξῃ
257 3146 310 3216 ότι
339 3150 372 3216 σί
401 3149 493 3235 λόγοι
522 3146 573 3228 οἷς
599 3149 816 3234 παράκεινται
838 3151 870 3216 οί
893 3145 1081 3234 όιστερίσκσι

60 3249 234 3336 πεπηγασι
259 3249 320 3332 μὲν
349 3247 384 3314 ἐν
410 3259 485 3326 ταῖς
509 3244 693 3332 Ἑβραϊκαῖς
723 3250 863 3328 λέξεσιν,
898 3244 1013 3331 ὥσπερ
1048 3248 1081 3313 σί

61 3341 195 3431 άστίρις
224 3345 258 3411 ἕν
279 3349 326 3432 τῷ
349 3345 552 3430 στερειόματι
573 3350 632 3412 τοῦ
655 3343 813 3430 οὐρανοῦ,
844 3345 1123 3432 έκαλόφθησανῆ

63 3445 98 3508 δὲ
117 3441 188 3509 ὑπὸ
209 3446 269 3521 τῐς
287 3447 353 3510 τῶν
376 3442 599 3528 ἑβδομήκοντα
621 3443 681 3510 όόσ
703 3445 887 3530 ἑρμηνείας,
913 3440 1026 3528 ὥσπερ
1049 3443 1082 3509 σί

61 3537 196 3626 ἀστέρες
225 3537 293 3606 όπό
314 3545 380 3608 τῶν
404 3544 550 3628 νεφελῶν
572 3540 804 3608 καλόπτονται.
850 3538 931 3627 αότη
954 3537 972 3627 ἡ
997 3537 1082 3607 όπό-

64 3645 158 3718 θεσις
181 3643 242 3703 τοῦ
265 3635 470 3722 άστερίσκσυ.
1043 3711 1050 3724 ·

141 3744 173 3805 3.
208 3740 277 3802 Τοῦ
300 3738 336 3803 δὲ
359 3733 475 3820 όβελοῦ
496 3736 536 3803 τό
559 3735 701 3824 διήγημα
715 3740 832 3802 τοῦτον
848 3737 912 3818 ἔχει
928 3734 986 3801 τόν
1001 3735 1076 3819 τρό·

63 3871 132 3912 πον.
166 3842 284 3931 όβελός
306 3836 402 3926 οὗτός
424 3846 513 3913 έστιν
537 3843 814 3931 όπαρακείμενσς
841 3835 991 3938 N„
1015 3869 1078 3910 πα·
1093 3852 1124 3903 ³⁰

66 3959 256 4045 ραπλησίως
277 3956 441 4044 γράφεται
462 3960 502 4045 τῇ
524 3959 704 4045 καλουμένη
727 3960 867 4043 γραμμῇ.
909 3951 1024 4038 ὀβελὸς
1046 3955 1081 4020 δέ

67 4056 212 4142 κέκληται
234 4053 319 4122 κατά
335 4049 486 4143 Ἀττικὴν
500 4059 624 4143 χρῆσιν,
649 4054 763 4134 ἄλλοις
778 4056 813 4121 δὲ
828 4053 976 4119 καλεῖται
992 4050 1080 4135 δόρυ,

45 4146 85 4218 υό
115 4152 185 4221 ἐστι
219 4153 328 4242 λόγχη.
374 4158 544 4242 παρετέθη
574 4153 610 4222 δέ
642 4163 716 4232 ταῖς
744 4155 801 4239 τῆς
830 4156 927 4229 θείας
954 4154 1082 4238 γραφῆς
