2586 4822
114 744 156 805 50
569 756 682 806 enaim

201 915 238 971 34
256 913 283 968 d.
314 901 380 969 οἷον
399 895 591 987 ἧλιοςἯμα
612 907 663 968 καί
684 905 783 986 σίμες]
823 911 860 967 be
883 912 926 967 bis
950 909 1141 968 Hebraeorum

115 997 340 1071 appellationibus
363 999 417 1071 agit
440 997 638 1054 eruditissimus
655 998 792 1053 Serrarius
815 1006 911 1053 noster
931 998 949 1052 l.
968 1002 978 1054 l
998 998 1032 1053 de
1049 997 1140 1055 ubas

56 1136 60 1146 ,
115 1083 202 1139 Sectis
225 1101 248 1139 c.
269 1085 287 1140 2
311 1092 338 1140 et
360 1084 387 1139 iu
408 1083 545 1139 llinervali
567 1087 595 1147 4,
612 1085 641 1140 3.
684 1083 721 1137 lla
734 1083 782 1159 *sic
804 1081 935 1138 llebraice
956 1082 1138 1155 concipienda

115 1178 188 1224 sunt.
220 1182 306 1234 nuri,
329 1167 370 1224 vel
393 1179 486 1228 mnu:
512 1179 571 1228 m*
594 1168 634 1223 vel
657 1165 775 1227 mbr..
817 1167 936 1222 Duorum
959 1168 1139 1242 sequentium

114 1253 232 1317 nomina,
256 1253 329 1328 quod
351 1269 444 1309 eorum
469 1254 545 1326 origo
561 1252 596 1307 sit
611 1253 723 1315 ineerta,
747 1270 802 1307 non
817 1253 882 1308 satis
897 1247 1136 1328 ἐξεβραιξεσθω

114 1347 233 1411 queunt;
258 1331 373 1410 Χωχὲβ
395 1328 532 1410 Ὀκμώλ,
556 1347 584 1392 et
606 1331 722 1409 Χωχίβ
741 1328 867 1411 Ὀχμόδ.
913 1338 1036 1405 Quorum
1060 1339 1140 1411 prius

112 1413 235 1496 Ὀκμιίιλ
257 1424 327 1478 sorte
350 1439 364 1477 a
385 1419 460 1497 lump,
484 1422 557 1495 quod
581 1431 623 1478 est
639 1422 788 1486 succidere,
812 1422 926 1477 alterurn
942 1439 957 1477 a
973 1436 1046 1482 'imru
1063 1423 1139 1497 quod

114 1516 157 1564 est
179 1508 381 1580 concupiscere,
410 1508 471 1580 quia
495 1507 642 1563 llercurius
664 1506 833 1563 lucrionibus
856 1516 883 1562 et
916 1506 1139 1580 negotiatoribus

114 1601 245 1667 quaestus
272 1592 430 1648 avidissimis
459 1592 604 1666 praesidet.
649 1591 715 1648 Nam
744 1593 817 1664 quod
842 1591 961 1665 Scaliger
985 1592 1082 1648 Ormol
1104 1592 1138 1647 ad

115 1675 269 1742 Gamalam,
298 1677 344 1750 qui
373 1678 399 1732 in
422 1678 506 1734 veteri
528 1678 706 1750 Inscriptione
730 1687 814 1741 extat,
843 1679 982 1751 pertinere
1005 1677 1138 1741 defendit,

114 1777 169 1817 non
192 1762 300 1835 probat.
345 1762 476 1836 Sequitur
497 1761 557 1822 ban
581 1775 671 1822 που.
714 1763 824 1818 Veneris
846 1762 924 1818 stella
945 1758 1072 1838 σεροιία,
1094 1761 1137 1817 vet

114 1841 220 1922 lovrfd.
251 1847 330 1904 Prior
351 1865 401 1903 von
423 1860 517 1912 aaut,
543 1858 573 1904 ut
588 1848 710 1903 Serrario
726 1849 811 1904 visum
828 1857 879 1911 est,
903 1847 1035 1912 deducta;
1058 1846 1136 1922 quasi

113 1944 199 1991 rant:
222 1934 401 2006 posteriorem
425 1949 438 1987 a
462 1930 514 1992 'ibt
536 1934 625 1989 malini
648 1950 728 2005 quam
751 1951 765 1987 a
788 1929 867 1992 ιιι-,5.
906 1933 971 1987 Nam
989 1943 1018 1989 et
1033 1932 1136 2005 Assyrii

112 2005 296 2093 ’iqqod'quv
319 2008 483 2085 Μύλιττα,
512 2017 615 2073 Arabes
632 2010 755 2075 Ἀλίττα
782 2026 984 2090 nuncuparunt.
1030 2018 1138 2074 Autbct·

114 2100 269 2156 Herodotus
293 2100 359 2155 Clio.
405 2099 528 2160 &nabata
556 2095 575 2175 ἡ
603 2097 763 2178 γενέτειρα.
808 2102 928 2175 Denique
958 2117 1034 2163 mv
1058 2116 1136 2163 :tnta

114 2184 223 2240 Sabbati
246 2185 324 2240 stella
346 2194 421 2240 recte
443 2185 577 2241 Saturnus
600 2187 707 2242 dicitur.

199 2261 349 2324 ἀλλὰκαὶ
372 2261 410 2324 τὰ
430 2266 570 2342 ματαίως
592 2263 784 2347 νομιζόμενα]
824 2272 923 2328 Vellem
946 2272 1048 2328 clarius
1071 2274 1136 2329 baec

114 2354 170 2426 ipsa
194 2356 327 2427 στοιχεῖα
360 2354 532 2410 declarasset.
577 2356 642 2412 Nam
665 2358 741 2413 valde
764 2368 806 2413 est
828 2357 975 2413 obscurum
999 2357 1136 2430 quomodo

118 2440 154 2495 12
185 2440 252 2495 haec
275 2440 421 2512 Signorum
450 2440 579 2496 voeabula
607 2437 650 2507 είς
672 2433 812 2516 ἀριθμὸν
833 2438 992 2515 στοιχείων
1015 2432 1135 2515 νομιζί·

112 2541 190 2596 μενα
213 2525 345 2581 dicantur.
375 2527 415 2580 An
439 2527 491 2581 hoc
506 2527 598 2591 volarit,
623 2527 690 2583 liaeo
705 2544 719 2581 a
735 2526 887 2582 Gentilibus
903 2527 975 2582 velut
992 2528 1134 2591 elementa,

114 2617 141 2664 et
163 2602 352 2684 στοιχειώδη,
375 2610 416 2666 vel
436 2605 601 2684 συνέχοντα
617 2612 672 2669 τοῦ
688 2604 887 2687 ἀνθρωπίνου
902 2608 974 2682 βίον
992 2630 1055 2668 esse
1070 2629 1135 2670 con·

112 2693 228 2750 stitnta‘l
258 2698 297 2750 An
320 2696 346 2751 id
369 2696 470 2769 potius,
495 2699 567 2769 quod
583 2698 808 2770 interpretatione
824 2707 915 2753 nostra
932 2693 1134 2770 expressimus!

112 2778 177 2834 Nam
201 2780 281 2854 Signa
305 2781 411 2837 Zodiaci
434 2781 589 2837 dividuntur
616 2783 657 2837 vel
680 2776 758 2837 κατὰ
782 2775 962 2858 διάμετρον,
993 2784 1036 2839 rel
1059 2772 1135 2838 κατὰ

112 2859 274 2940 τρίγωνον,
302 2865 343 2921 vel
371 2858 450 2922 κατὰ
476 2858 680 2942 τετριίχωνονς
710 2867 743 2922 de
766 2866 865 2940 quibus
887 2868 1019 2923 Geminus
1040 2886 1069 2942 p.
1086 2868 1134 2926 22

112 2949 150 3004 En
172 2950 204 3005 iis
228 2949 420 3022 partitionibus
440 2954 568 3016 secunda,
592 2970 661 3024 aptiae
680 2963 722 3008 est
748 2945 826 3008 κατὰ
843 2948 1000 3028 τρίγωνον,
1024 2952 1136 3026 quadri-

111 3034 394 3106 fariamSignilerum
423 3035 517 3090 orbem
548 3037 654 3092 dividit:
683 3038 800 3110 primum
828 3047 1001 3110 segmentum
1025 3037 1135 3094 boreale

113 3118 225 3174 dieitur:
249 3119 397 3174 secundnm
412 3121 552 3176 Aristrale:
576 3123 688 3177 tertium
703 3123 897 3195 Zeplryricum:
921 3133 1051 3196 quartum
1063 3123 1133 3179 Sub-

112 3201 246 3259 nolanum.
277 3204 351 3271 Quae
373 3205 482 3279 quidem
505 3206 537 3260 ad
561 3208 727 3271 nativitates,
751 3203 950 3279 συμπαθείας
970 3209 1036 3263 τῶν
1054 3202 1134 3284 γενέ-

113 3304 200 3358 σεων,
229 3305 243 3343 a
267 3290 449 3345 Genethliacis
473 3292 712 3347 accommodantur
734 3302 762 3348 et
783 3293 820 3347 ait
843 3293 988 3352 Gentinos.
1014 3292 1132 3365 quadiu

112 3374 194 3429 certis
216 3373 350 3429 sideribus
372 3385 466 3431 mutua
489 3377 619 3448 quaedam
643 3377 787 3432 consensio
811 3387 839 3432 et
860 3377 1029 3449 conspiratio
1047 3379 1134 3433 inesse

112 3458 247 3513 credatur.
277 3458 375 3513 Eadem
398 3460 441 3516 illa
465 3473 603 3534 segmenta
626 3463 682 3517 suis
705 3479 829 3536 quaeque
853 3462 995 3517 elementis
1011 3463 1132 3536 assigna-

112 3551 187 3600 runt.
217 3544 291 3612 Quae
313 3544 402 3600 omnia
425 3545 451 3600 in
475 3546 527 3602 hoc
549 3546 745 3620 biagrnmmate
767 3548 865 3602 intueri
888 3547 962 3602 licet.
