<?xml version="1.0" encoding="UTF-8"?>
<!DOCTYPE html PUBLIC "-//W3C//DTD XHTML 1.0 Transitional//EN"
    "http://www.w3.org/TR/xhtml1/DTD/xhtml1-transitional.dtd">
<html xmlns="http://www.w3.org/1999/xhtml" xml:lang="en" lang="en">
 <head>
  <title>
</title>
<meta http-equiv="Content-Type" content="text/html;charset=utf-8" />
  <meta name='ocr-system' content='tesseract 3.04.00' />
  <meta name='ocr-capabilities' content='ocr_page ocr_carea ocr_par ocr_line ocrx_word'/>
</head>
<body>
  <div class='ocr_page' id='page_1' title='image "./opera02dindgoog_0628.png"; bbox 0 0 2586 4822; ppageno 0'>
   <div class='ocr_carea' id='block_1_1' title="bbox 159 712 769 785">
    <p class='ocr_par' dir='ltr' id='par_1_1' title="bbox 159 712 769 785">
     <span class='ocr_line' id='line_1_1' title="bbox 159 712 769 785; baseline -0.003 -2"><span class='ocrx_word' id='word_1_1' title='bbox 159 712 221 785; x_wconf 77' lang='lat' dir='ltr'>tet</span> <span class='ocrx_word' id='word_1_2' title='bbox 612 729 724 782; x_wconf 83' lang='lat' dir='ltr'>rurum</span> <span class='ocrx_word' id='word_1_3' title='bbox 767 734 769 739; x_wconf 51' lang='lat'><strong><em>⁴</em></strong></span> 
     </span>
    </p>
   </div>
   <div class='ocr_carea' id='block_1_2' title="bbox 109 876 1183 4103">
    <p class='ocr_par' dir='ltr' id='par_1_2' title="bbox 109 876 1183 4103">
     <span class='ocr_line' id='line_1_2' title="bbox 157 876 1182 980; baseline -0.006 -34"><span class='ocrx_word' id='word_1_4' title='bbox 157 892 215 965; x_wconf 70' lang='grc' dir='ltr'>ιῆς</span> <span class='ocrx_word' id='word_1_5' title='bbox 240 879 342 963; x_wconf 77' lang='grc' dir='ltr'>ὀχείας</span> <span class='ocrx_word' id='word_1_6' title='bbox 363 878 394 944; x_wconf 74' lang='grc' dir='ltr'>αἱ</span> <span class='ocrx_word' id='word_1_7' title='bbox 415 885 493 960; x_wconf 80' lang='grc' dir='ltr'>βοῦς</span> <span class='ocrx_word' id='word_1_8' title='bbox 512 880 580 980; x_wconf 79' lang='grc' dir='ltr'>περὶ</span> <span class='ocrx_word' id='word_1_9' title='bbox 601 880 656 943; x_wconf 81' lang='grc' dir='ltr'>τὸν</span> <span class='ocrx_word' id='word_1_10' title='bbox 679 879 884 961; x_wconf 60' lang='lat' dir='ltr'>&amp;eumarum</span> <span class='ocrx_word' id='word_1_11' title='bbox 904 883 991 958; x_wconf 75' lang='grc' dir='ltr'>μῆνα</span> <span class='ocrx_word' id='word_1_12' title='bbox 1013 876 1069 940; x_wconf 90' lang='grc' dir='ltr'>και</span> <span class='ocrx_word' id='word_1_13' title='bbox 1091 878 1182 963; x_wconf 76' lang='grc' dir='ltr'>Σκιρ-</span> 
     </span>
     <span class='ocr_line' id='line_1_3' title="bbox 159 971 1183 1070; baseline -0.002 -40"><span class='ocrx_word' id='word_1_14' title='bbox 159 973 345 1053; x_wconf 77' lang='grc' dir='ltr'>ροφοριῶνα.</span> <span class='ocrx_word' id='word_1_15' title='bbox 388 972 472 1028; x_wconf 89' lang='lat' dir='ltr'>llulto</span> <span class='ocrx_word' id='word_1_16' title='bbox 498 971 599 1046; x_wconf 78' lang='lat' dir='ltr'>magis,</span> <span class='ocrx_word' id='word_1_17' title='bbox 628 986 689 1027; x_wconf 92' lang='lat' dir='ltr'>cum</span> <span class='ocrx_word' id='word_1_18' title='bbox 717 978 857 1070; x_wconf 86' lang='lat' dir='ltr'>praeterea</span> <span class='ocrx_word' id='word_1_19' title='bbox 885 977 993 1024; x_wconf 87' lang='lat' dir='ltr'>certum</span> <span class='ocrx_word' id='word_1_20' title='bbox 1022 978 1135 1044; x_wconf 82' lang='lat' dir='ltr'>tempus</span> <span class='ocrx_word' id='word_1_21' title='bbox 1155 978 1183 1028; x_wconf 85' lang='lat' dir='ltr'>et</span> 
     </span>
     <span class='ocr_line' id='line_1_4' title="bbox 160 1046 1182 1131; baseline -0.007 -15"><span class='ocrx_word' id='word_1_22' title='bbox 160 1059 296 1116; x_wconf 79' lang='lat' dir='ltr'>cardinem</span> <span class='ocrx_word' id='word_1_23' title='bbox 323 1057 460 1130; x_wconf 73' lang='lat' dir='ltr'>adiungit,</span> <span class='ocrx_word' id='word_1_24' title='bbox 488 1065 520 1113; x_wconf 91' lang='lat' dir='ltr'>ut</span> <span class='ocrx_word' id='word_1_25' title='bbox 546 1051 613 1131; x_wconf 78' lang='grc' dir='ltr'>περι</span> <span class='ocrx_word' id='word_1_26' title='bbox 636 1049 753 1131; x_wconf 81' lang='grc' dir='ltr'>τροπὰς</span> <span class='ocrx_word' id='word_1_27' title='bbox 774 1064 802 1112; x_wconf 91' lang='lat' dir='ltr'>et</span> <span class='ocrx_word' id='word_1_28' title='bbox 822 1049 889 1129; x_wconf 75' lang='grc' dir='ltr'>περὶ</span> <span class='ocrx_word' id='word_1_29' title='bbox 911 1046 968 1111; x_wconf 78' lang='grc' dir='ltr'>τὸν</span> <span class='ocrx_word' id='word_1_30' title='bbox 983 1046 1182 1131; x_wconf 77' lang='grc' dir='ltr'><strong><em>Ἀρκτοῦρον.</em></strong></span> 
     </span>
     <span class='ocr_line' id='line_1_5' title="bbox 159 1139 1180 1218; baseline -0.002 -17"><span class='ocrx_word' id='word_1_31' title='bbox 159 1142 227 1201; x_wconf 81' lang='lat' dir='ltr'>Tum</span> <span class='ocrx_word' id='word_1_32' title='bbox 250 1144 321 1200; x_wconf 91' lang='lat' dir='ltr'>enim</span> <span class='ocrx_word' id='word_1_33' title='bbox 342 1141 499 1218; x_wconf 80' lang='grc' dir='ltr'>προσεχεῖς</span> <span class='ocrx_word' id='word_1_34' title='bbox 519 1140 559 1197; x_wconf 90' lang='lat' dir='ltr'>illi</span> <span class='ocrx_word' id='word_1_35' title='bbox 579 1156 687 1196; x_wconf 87' lang='lat' dir='ltr'>menses</span> <span class='ocrx_word' id='word_1_36' title='bbox 703 1139 819 1195; x_wconf 90' lang='lat' dir='ltr'>habendi</span> <span class='ocrx_word' id='word_1_37' title='bbox 834 1147 907 1195; x_wconf 85' lang='lat' dir='ltr'>sunt.</span> <span class='ocrx_word' id='word_1_38' title='bbox 938 1139 1136 1205; x_wconf 79' lang='lat' dir='ltr'>Praetereall,</span> <span class='ocrx_word' id='word_1_39' title='bbox 1145 1140 1180 1199; x_wconf 81' lang='lat' dir='ltr'>tl</span> 
     </span>
     <span class='ocr_line' id='line_1_6' title="bbox 109 1224 1181 1319; baseline -0.002 -37"><span class='ocrx_word' id='word_1_40' title='bbox 109 1227 253 1286; x_wconf 67' lang='lat' dir='ltr'>luiscribit</span> <span class='ocrx_word' id='word_1_41' title='bbox 281 1228 351 1284; x_wconf 81' lang='lat' dir='ltr'>tuem</span> <span class='ocrx_word' id='word_1_42' title='bbox 373 1225 533 1282; x_wconf 83' lang='lat' dir='ltr'>Aristoteles</span> <span class='ocrx_word' id='word_1_43' title='bbox 561 1224 736 1281; x_wconf 80' lang='lat' dir='ltr'>imbecilliora</span> <span class='ocrx_word' id='word_1_44' title='bbox 766 1240 889 1319; x_wconf 81' lang='lat' dir='ltr'>quaeque</span> <span class='ocrx_word' id='word_1_45' title='bbox 919 1233 974 1280; x_wconf 87' lang='lat' dir='ltr'>tarn</span> <span class='ocrx_word' id='word_1_46' title='bbox 1003 1224 1033 1280; x_wconf 93' lang='lat' dir='ltr'>iu</span> <span class='ocrx_word' id='word_1_47' title='bbox 1056 1225 1181 1299; x_wconf 79' lang='lat' dir='ltr'>piscium,</span> 
     </span>
     <span class='ocr_line' id='line_1_7' title="bbox 160 1308 1180 1409; baseline -0.003 -40"><span class='ocrx_word' id='word_1_48' title='bbox 160 1330 240 1388; x_wconf 89' lang='lat' dir='ltr'>quam</span> <span class='ocrx_word' id='word_1_49' title='bbox 268 1313 296 1368; x_wconf 90' lang='lat' dir='ltr'>in</span> <span class='ocrx_word' id='word_1_50' title='bbox 324 1312 411 1368; x_wconf 84' lang='lat' dir='ltr'>avium</span> <span class='ocrx_word' id='word_1_51' title='bbox 433 1327 534 1384; x_wconf 79' lang='lat' dir='ltr'>genere</span> <span class='ocrx_word' id='word_1_52' title='bbox 556 1318 702 1384; x_wconf 75' lang='lat' dir='ltr'>appetente</span> <span class='ocrx_word' id='word_1_53' title='bbox 724 1308 825 1383; x_wconf 80' lang='lat' dir='ltr'>frigore</span> <span class='ocrx_word' id='word_1_54' title='bbox 846 1308 921 1383; x_wconf 90' lang='lat' dir='ltr'>prius</span> <span class='ocrx_word' id='word_1_55' title='bbox 943 1309 972 1409; x_wconf 82' lang='lat' dir='ltr'>ip</span> <span class='ocrx_word' id='word_1_56' title='bbox 996 1310 1180 1367; x_wconf 78' lang='lat' dir='ltr'>commodiora</span> 
     </span>
     <span class='ocr_line' id='line_1_8' title="bbox 158 1387 1181 1472; baseline -0.006 -17"><span class='ocrx_word' id='word_1_57' title='bbox 158 1398 218 1455; x_wconf 85' lang='lat' dir='ltr'>loca</span> <span class='ocrx_word' id='word_1_58' title='bbox 239 1398 364 1471; x_wconf 79' lang='lat' dir='ltr'>migrare,</span> <span class='ocrx_word' id='word_1_59' title='bbox 387 1404 419 1451; x_wconf 95' lang='lat' dir='ltr'>ut</span> <span class='ocrx_word' id='word_1_60' title='bbox 439 1395 594 1451; x_wconf 85' lang='lat' dir='ltr'>cotumiees</span> <span class='ocrx_word' id='word_1_61' title='bbox 616 1403 678 1450; x_wconf 85' lang='lat' dir='ltr'>ante</span> <span class='ocrx_word' id='word_1_62' title='bbox 701 1410 781 1467; x_wconf 88' lang='lat' dir='ltr'>quam</span> <span class='ocrx_word' id='word_1_63' title='bbox 803 1411 894 1469; x_wconf 74' lang='lat' dir='ltr'>grues</span> <span class='ocrx_word' id='word_1_64' title='bbox 924 1387 966 1451; x_wconf 79' lang='grc' dir='ltr'>τὰ</span> <span class='ocrx_word' id='word_1_65' title='bbox 979 1388 1040 1467; x_wconf 72' lang='grc' dir='ltr'>μὲν</span> <span class='ocrx_word' id='word_1_66' title='bbox 1053 1388 1114 1472; x_wconf 75' lang='grc' dir='ltr'>γὰρ</span> <span class='ocrx_word' id='word_1_67' title='bbox 1127 1411 1181 1467; x_wconf 83' lang='grc' dir='ltr'>με·</span> 
     </span>
     <span class='ocr_line' id='line_1_9' title="bbox 113 1471 1180 1557; baseline -0.002 -18"><span class='ocrx_word' id='word_1_68' title='bbox 113 1550 115 1555; x_wconf 30' lang='lat'><em>,</em></span> <span class='ocrx_word' id='word_1_69' title='bbox 158 1474 304 1554; x_wconf 77' lang='grc' dir='ltr'>ταβάλλει</span> <span class='ocrx_word' id='word_1_70' title='bbox 333 1479 389 1537; x_wconf 82' lang='grc' dir='ltr'>τοῦ</span> <span class='ocrx_word' id='word_1_71' title='bbox 410 1474 660 1557; x_wconf 78' lang='grc' dir='ltr'>Βοηδρομιῶνος,</span> <span class='ocrx_word' id='word_1_72' title='bbox 688 1471 728 1536; x_wconf 86' lang='grc' dir='ltr'>τὰ</span> <span class='ocrx_word' id='word_1_73' title='bbox 750 1473 784 1535; x_wconf 72' lang='grc' dir='ltr'>δι’</span> <span class='ocrx_word' id='word_1_74' title='bbox 805 1480 861 1536; x_wconf 87' lang='grc' dir='ltr'>τοῦ</span> <span class='ocrx_word' id='word_1_75' title='bbox 882 1474 1180 1555; x_wconf 74' lang='grc' dir='ltr'>Μαιμακτηριῶνος.</span> 
     </span>
     <span class='ocr_line' id='line_1_10' title="bbox 159 1563 1177 1659; baseline -0.001 -37"><span class='ocrx_word' id='word_1_76' title='bbox 159 1570 193 1622; x_wconf 82' lang='grc' dir='ltr'>ιιι</span> <span class='ocrx_word' id='word_1_77' title='bbox 221 1583 284 1622; x_wconf 86' lang='lat' dir='ltr'>reru</span> <span class='ocrx_word' id='word_1_78' title='bbox 307 1582 389 1659; x_wconf 78' lang='lat' dir='ltr'>grues</span> <span class='ocrx_word' id='word_1_79' title='bbox 411 1581 505 1621; x_wconf 88' lang='lat' dir='ltr'>mense</span> <span class='ocrx_word' id='word_1_80' title='bbox 527 1565 649 1638; x_wconf 86' lang='lat' dir='ltr'>proximo</span> <span class='ocrx_word' id='word_1_81' title='bbox 672 1563 705 1619; x_wconf 85' lang='lat' dir='ltr'>ab</span> <span class='ocrx_word' id='word_1_82' title='bbox 728 1581 776 1629; x_wconf 89' lang='lat' dir='ltr'>eo,</span> <span class='ocrx_word' id='word_1_83' title='bbox 806 1581 862 1637; x_wconf 92' lang='lat' dir='ltr'>quo</span> <span class='ocrx_word' id='word_1_84' title='bbox 884 1564 1043 1621; x_wconf 87' lang='lat' dir='ltr'>coturnices</span> <span class='ocrx_word' id='word_1_85' title='bbox 1067 1564 1177 1659; x_wconf 74' lang='lat' dir='ltr'>auolant.</span> 
     </span>
     <span class='ocr_line' id='line_1_11' title="bbox 158 1647 1178 1725; baseline -0.001 -19"><span class='ocrx_word' id='word_1_86' title='bbox 158 1651 276 1724; x_wconf 78' lang='lat' dir='ltr'>migrare</span> <span class='ocrx_word' id='word_1_87' title='bbox 298 1650 443 1707; x_wconf 87' lang='lat' dir='ltr'>cernimus.</span> <span class='ocrx_word' id='word_1_88' title='bbox 472 1649 521 1706; x_wconf 82' lang='lat' dir='ltr'>llst</span> <span class='ocrx_word' id='word_1_89' title='bbox 543 1649 626 1724; x_wconf 80' lang='lat' dir='ltr'>igitur</span> <span class='ocrx_word' id='word_1_90' title='bbox 647 1648 853 1706; x_wconf 85' lang='lat' dir='ltr'>llaemacten&#39;on</span> <span class='ocrx_word' id='word_1_91' title='bbox 872 1647 1068 1706; x_wconf 75' lang='lat' dir='ltr'>Roetlromioni</span> <span class='ocrx_word' id='word_1_92' title='bbox 1091 1648 1178 1725; x_wconf 83' lang='lat' dir='ltr'>proui-</span> 
     </span>
     <span class='ocr_line' id='line_1_12' title="bbox 157 1727 1174 1810; baseline -0.002 -18"><span class='ocrx_word' id='word_1_93' title='bbox 157 1745 228 1792; x_wconf 90' lang='lat' dir='ltr'>ruus.</span> <span class='ocrx_word' id='word_1_94' title='bbox 273 1735 414 1792; x_wconf 86' lang='lat' dir='ltr'>Postremo</span> <span class='ocrx_word' id='word_1_95' title='bbox 444 1734 514 1791; x_wconf 80' lang='lat' dir='ltr'>iclem</span> <span class='ocrx_word' id='word_1_96' title='bbox 536 1733 695 1791; x_wconf 74' lang='lat' dir='ltr'>Aristotcles</span> <span class='ocrx_word' id='word_1_97' title='bbox 720 1737 747 1798; x_wconf 87' lang='lat'>6.</span> <span class='ocrx_word' id='word_1_98' title='bbox 761 1738 794 1791; x_wconf 94' lang='lat' dir='ltr'>ll</span> <span class='ocrx_word' id='word_1_99' title='bbox 826 1732 920 1789; x_wconf 79' lang='lat' dir='ltr'>scribit</span> <span class='ocrx_word' id='word_1_100' title='bbox 948 1735 1023 1790; x_wconf 91' lang='lat' dir='ltr'>inter</span> <span class='ocrx_word' id='word_1_101' title='bbox 1046 1727 1174 1810; x_wconf 72' lang='grc' dir='ltr'>γαλεούς,</span> 
     </span>
     <span class='ocr_line' id='line_1_13' title="bbox 158 1810 1176 1895; baseline -0.002 -18"><span class='ocrx_word' id='word_1_102' title='bbox 158 1836 227 1895; x_wconf 87' lang='lat' dir='ltr'>quos</span> <span class='ocrx_word' id='word_1_103' title='bbox 255 1820 388 1877; x_wconf 89' lang='lat' dir='ltr'>mustelos</span> <span class='ocrx_word' id='word_1_104' title='bbox 411 1819 480 1876; x_wconf 86' lang='lat' dir='ltr'>Gaza</span> <span class='ocrx_word' id='word_1_105' title='bbox 503 1829 594 1886; x_wconf 85' lang='lat' dir='ltr'>vocat,</span> <span class='ocrx_word' id='word_1_106' title='bbox 625 1836 687 1876; x_wconf 91' lang='lat' dir='ltr'>eum</span> <span class='ocrx_word' id='word_1_107' title='bbox 709 1819 755 1894; x_wconf 92' lang='lat' dir='ltr'>qui</span> <span class='ocrx_word' id='word_1_108' title='bbox 779 1810 922 1895; x_wconf 77' lang='grc' dir='ltr'><strong><em>ἀστερίας</em></strong></span> <span class='ocrx_word' id='word_1_109' title='bbox 943 1819 1063 1884; x_wconf 88' lang='lat' dir='ltr'>dicitur,</span> <span class='ocrx_word' id='word_1_110' title='bbox 1092 1811 1176 1895; x_wconf 75' lang='grc' dir='ltr'>ἄρχε·</span> 
     </span>
     <span class='ocr_line' id='line_1_14' title="bbox 158 1897 1176 1979; baseline -0.004 -16"><span class='ocrx_word' id='word_1_111' title='bbox 158 1903 235 1963; x_wconf 71' lang='grc' dir='ltr'>σθαι</span> <span class='ocrx_word' id='word_1_112' title='bbox 258 1897 421 1979; x_wconf 79' lang='grc' dir='ltr'>ὀχεύεσθαι</span> <span class='ocrx_word' id='word_1_113' title='bbox 443 1900 728 1979; x_wconf 76' lang='grc' dir='ltr'>Μαιμακτηριῶνος</span> <span class='ocrx_word' id='word_1_114' title='bbox 751 1897 856 1978; x_wconf 83' lang='grc' dir='ltr'><em>μηνός.</em></span> <span class='ocrx_word' id='word_1_115' title='bbox 900 1903 980 1973; x_wconf 77' lang='lat' dir='ltr'>Quot</span> <span class='ocrx_word' id='word_1_116' title='bbox 1002 1906 1097 1961; x_wconf 77' lang='lat' dir='ltr'>statim</span> <span class='ocrx_word' id='word_1_117' title='bbox 1119 1911 1176 1979; x_wconf 84' lang='lat' dir='ltr'>pest</span> 
     </span>
     <span class='ocr_line' id='line_1_15' title="bbox 157 1986 1176 2064; baseline -0.003 -18"><span class='ocrx_word' id='word_1_118' title='bbox 157 1990 366 2064; x_wconf 78' lang='lat' dir='ltr'>Aequinoctium</span> <span class='ocrx_word' id='word_1_119' title='bbox 394 1989 552 2063; x_wconf 84' lang='lat' dir='ltr'>contingere</span> <span class='ocrx_word' id='word_1_120' title='bbox 580 1989 729 2062; x_wconf 86' lang='lat' dir='ltr'>piscatores</span> <span class='ocrx_word' id='word_1_121' title='bbox 762 1997 905 2045; x_wconf 87' lang='lat' dir='ltr'>testantur.</span> <span class='ocrx_word' id='word_1_122' title='bbox 950 1989 1007 2045; x_wconf 80' lang='lat' dir='ltr'>lam</span> <span class='ocrx_word' id='word_1_123' title='bbox 1042 1989 1118 2063; x_wconf 86' lang='lat' dir='ltr'>quotl</span> <span class='ocrx_word' id='word_1_124' title='bbox 1146 1986 1176 2044; x_wconf 82' lang='lat' dir='ltr'>ati</span> 
     </span>
     <span class='ocr_line' id='line_1_16' title="bbox 157 2072 1175 2147; baseline -0.001 -17"><span class='ocrx_word' id='word_1_125' title='bbox 157 2074 332 2131; x_wconf 77' lang='lat' dir='ltr'>Plutarchum</span> <span class='ocrx_word' id='word_1_126' title='bbox 355 2082 475 2146; x_wconf 84' lang='lat' dir='ltr'>spectat,</span> <span class='ocrx_word' id='word_1_127' title='bbox 502 2074 632 2146; x_wconf 90' lang='lat' dir='ltr'>quicum</span> <span class='ocrx_word' id='word_1_128' title='bbox 655 2072 851 2129; x_wconf 78' lang='lat' dir='ltr'>llotalromione</span> <span class='ocrx_word' id='word_1_129' title='bbox 872 2072 1093 2147; x_wconf 74' lang='lat' dir='ltr'>Pyanepsieuem</span> <span class='ocrx_word' id='word_1_130' title='bbox 1114 2090 1175 2131; x_wconf 87' lang='lat' dir='ltr'>eou-</span> 
     </span>
     <span class='ocr_line' id='line_1_17' title="bbox 157 2157 1175 2233; baseline 0.001 -19"><span class='ocrx_word' id='word_1_131' title='bbox 157 2159 253 2224; x_wconf 82' lang='lat' dir='ltr'>cinnat,</span> <span class='ocrx_word' id='word_1_132' title='bbox 278 2167 350 2215; x_wconf 74' lang='lat' dir='ltr'>erant</span> <span class='ocrx_word' id='word_1_133' title='bbox 372 2158 494 2230; x_wconf 90' lang='lat' dir='ltr'>prolecto</span> <span class='ocrx_word' id='word_1_134' title='bbox 518 2157 647 2231; x_wconf 83' lang='lat' dir='ltr'>Scaliger.</span> <span class='ocrx_word' id='word_1_135' title='bbox 677 2157 748 2213; x_wconf 86' lang='lat' dir='ltr'>Plut.</span> <span class='ocrx_word' id='word_1_136' title='bbox 766 2159 836 2215; x_wconf 91' lang='lat' dir='ltr'>enim</span> <span class='ocrx_word' id='word_1_137' title='bbox 851 2159 945 2232; x_wconf 84' lang='lat' dir='ltr'>paucis</span> <span class='ocrx_word' id='word_1_138' title='bbox 959 2158 1106 2215; x_wconf 88' lang='lat' dir='ltr'>mensibus</span> <span class='ocrx_word' id='word_1_139' title='bbox 1119 2165 1175 2233; x_wconf 83' lang='lat' dir='ltr'>pasl</span> 
     </span>
     <span class='ocr_line' id='line_1_18' title="bbox 157 2241 1173 2317; baseline 0.001 -18"><span class='ocrx_word' id='word_1_140' title='bbox 157 2242 274 2300; x_wconf 85' lang='lat' dir='ltr'>reditum</span> <span class='ocrx_word' id='word_1_141' title='bbox 303 2243 330 2298; x_wconf 94' lang='lat' dir='ltr'>in</span> <span class='ocrx_word' id='word_1_142' title='bbox 355 2242 467 2316; x_wconf 87' lang='lat' dir='ltr'>patriam</span> <span class='ocrx_word' id='word_1_143' title='bbox 489 2242 585 2299; x_wconf 75' lang='lat' dir='ltr'>risisse</span> <span class='ocrx_word' id='word_1_144' title='bbox 608 2241 728 2299; x_wconf 80' lang='lat' dir='ltr'>uenosi.</span> <span class='ocrx_word' id='word_1_145' title='bbox 751 2243 854 2301; x_wconf 89' lang='lat' dir='ltr'>scribit.</span> <span class='ocrx_word' id='word_1_146' title='bbox 898 2242 963 2299; x_wconf 82' lang='lat' dir='ltr'>b&#39;arn</span> <span class='ocrx_word' id='word_1_147' title='bbox 987 2243 1173 2317; x_wconf 81' lang='lat' dir='ltr'>lletagituiuuc</span> 
     </span>
     <span class='ocr_line' id='line_1_19' title="bbox 157 2326 1173 2403; baseline 0.001 -19"><span class='ocrx_word' id='word_1_148' title='bbox 157 2342 251 2384; x_wconf 81' lang='lat' dir='ltr'>meuse</span> <span class='ocrx_word' id='word_1_149' title='bbox 273 2326 405 2402; x_wconf 90' lang='lat' dir='ltr'>praelium</span> <span class='ocrx_word' id='word_1_150' title='bbox 427 2326 459 2383; x_wconf 86' lang='lat' dir='ltr'>ad</span> <span class='ocrx_word' id='word_1_151' title='bbox 476 2327 627 2384; x_wconf 81' lang='lat' dir='ltr'>Caenonem</span> <span class='ocrx_word' id='word_1_152' title='bbox 652 2329 775 2403; x_wconf 84' lang='lat' dir='ltr'>contigit,</span> <span class='ocrx_word' id='word_1_153' title='bbox 799 2327 996 2384; x_wconf 73' lang='lat' dir='ltr'>Boetlromioue</span> <span class='ocrx_word' id='word_1_154' title='bbox 1020 2346 1087 2385; x_wconf 83' lang='lat' dir='ltr'>veru</span> <span class='ocrx_word' id='word_1_155' title='bbox 1102 2344 1173 2402; x_wconf 79' lang='lat' dir='ltr'>prce·</span> 
     </span>
     <span class='ocr_line' id='line_1_20' title="bbox 158 2411 1172 2488; baseline 0 -20"><span class='ocrx_word' id='word_1_156' title='bbox 158 2412 254 2468; x_wconf 87' lang='lat' dir='ltr'>sidium</span> <span class='ocrx_word' id='word_1_157' title='bbox 282 2412 309 2468; x_wconf 93' lang='lat' dir='ltr'>in</span> <span class='ocrx_word' id='word_1_158' title='bbox 331 2411 501 2486; x_wconf 77' lang='lat' dir='ltr'>Munychiam</span> <span class='ocrx_word' id='word_1_159' title='bbox 529 2413 728 2479; x_wconf 84' lang='lat' dir='ltr'>introductum,</span> <span class='ocrx_word' id='word_1_160' title='bbox 758 2413 944 2488; x_wconf 81' lang='lat' dir='ltr'>Pyanepsiune</span> <span class='ocrx_word' id='word_1_161' title='bbox 973 2414 1086 2470; x_wconf 79' lang='lat' dir='ltr'>(leuium</span> <span class='ocrx_word' id='word_1_162' title='bbox 1115 2413 1172 2471; x_wconf 85' lang='lat' dir='ltr'>obiit</span> 
     </span>
     <span class='ocr_line' id='line_1_21' title="bbox 157 2496 1171 2573; baseline 0.001 -20"><span class='ocrx_word' id='word_1_163' title='bbox 157 2496 365 2555; x_wconf 80' lang='lat' dir='ltr'>Demosthenes.</span> <span class='ocrx_word' id='word_1_164' title='bbox 407 2496 466 2553; x_wconf 85' lang='lat' dir='ltr'>Non</span> <span class='ocrx_word' id='word_1_165' title='bbox 496 2497 559 2554; x_wconf 89' lang='lat' dir='ltr'>dicit</span> <span class='ocrx_word' id='word_1_166' title='bbox 586 2498 710 2573; x_wconf 88' lang='lat' dir='ltr'>sequenti</span> <span class='ocrx_word' id='word_1_167' title='bbox 739 2508 804 2572; x_wconf 89' lang='lat' dir='ltr'>post</span> <span class='ocrx_word' id='word_1_168' title='bbox 831 2496 1057 2555; x_wconf 80' lang='lat' dir='ltr'>llo‘ealromiouem</span> <span class='ocrx_word' id='word_1_169' title='bbox 1087 2513 1171 2554; x_wconf 83' lang='lat' dir='ltr'>meuse</span> 
     </span>
     <span class='ocr_line' id='line_1_22' title="bbox 157 2582 1170 2656; baseline 0.001 -17"><span class='ocrx_word' id='word_1_170' title='bbox 157 2591 295 2639; x_wconf 86' lang='lat' dir='ltr'>mortuum</span> <span class='ocrx_word' id='word_1_171' title='bbox 319 2598 394 2638; x_wconf 92' lang='lat' dir='ltr'>esse:</span> <span class='ocrx_word' id='word_1_172' title='bbox 431 2582 520 2656; x_wconf 87' lang='lat' dir='ltr'>potuit</span> <span class='ocrx_word' id='word_1_173' title='bbox 541 2582 625 2656; x_wconf 83' lang='lat' dir='ltr'>lgitur</span> <span class='ocrx_word' id='word_1_174' title='bbox 647 2582 751 2639; x_wconf 89' lang='lat' dir='ltr'>medius</span> <span class='ocrx_word' id='word_1_175' title='bbox 774 2583 936 2639; x_wconf 85' lang='lat' dir='ltr'>intervenire</span> <span class='ocrx_word' id='word_1_176' title='bbox 959 2583 1170 2640; x_wconf 79' lang='lat' dir='ltr'>llaemucterieu</span> 
     </span>
     <span class='ocr_line' id='line_1_23' title="bbox 156 2666 1171 2769; baseline 0.003 -47"><span class='ocrx_word' id='word_1_177' title='bbox 156 2667 229 2769; x_wconf 78' lang='lat' dir='ltr'>lderp</span> <span class='ocrx_word' id='word_1_178' title='bbox 259 2666 340 2724; x_wconf 88' lang='lat' dir='ltr'>etde</span> <span class='ocrx_word' id='word_1_179' title='bbox 364 2666 472 2723; x_wconf 85' lang='lat' dir='ltr'>lliudori</span> <span class='ocrx_word' id='word_1_180' title='bbox 494 2666 556 2724; x_wconf 92' lang='lat' dir='ltr'>loco</span> <span class='ocrx_word' id='word_1_181' title='bbox 579 2667 706 2725; x_wconf 88' lang='lat' dir='ltr'>iudicium</span> <span class='ocrx_word' id='word_1_182' title='bbox 730 2685 791 2724; x_wconf 89' lang='lat' dir='ltr'>esse</span> <span class='ocrx_word' id='word_1_183' title='bbox 813 2666 908 2732; x_wconf 85' lang='lat' dir='ltr'>debet,</span> <span class='ocrx_word' id='word_1_184' title='bbox 938 2667 985 2741; x_wconf 91' lang='lat' dir='ltr'>qui</span> <span class='ocrx_word' id='word_1_185' title='bbox 1008 2668 1046 2724; x_wconf 87' lang='lat' dir='ltr'>ita</span> <span class='ocrx_word' id='word_1_186' title='bbox 1071 2669 1171 2725; x_wconf 86' lang='lat' dir='ltr'>scribit:</span> 
     </span>
     <span class='ocr_line' id='line_1_24' title="bbox 158 2743 1171 2853; baseline 0.002 -46"><span class='ocrx_word' id='word_1_187' title='bbox 158 2744 217 2808; x_wconf 78' lang='grc' dir='ltr'>ιἰιιό</span> <span class='ocrx_word' id='word_1_188' title='bbox 239 2746 336 2826; x_wconf 79' lang='grc' dir='ltr'><em>μηνὸς</em></span> <span class='ocrx_word' id='word_1_189' title='bbox 357 2743 393 2808; x_wconf 74' lang='grc' dir='ltr'>ὃν</span> <span class='ocrx_word' id='word_1_190' title='bbox 407 2744 720 2827; x_wconf 55' lang='lat' dir='ltr'>zaleucum-qantos</span> <span class='ocrx_word' id='word_1_191' title='bbox 736 2748 1011 2853; x_wconf 82' lang='grc' dir='ltr'>Μαιμακτηριῶνα</span> <span class='ocrx_word' id='word_1_192' title='bbox 1027 2754 1091 2811; x_wconf 84' lang='grc' dir='ltr'>τῶν</span> <span class='ocrx_word' id='word_1_193' title='bbox 1106 2743 1171 2810; x_wconf 63' lang='grc' dir='ltr'>ἐπὶ</span> 
     </span>
     <span class='ocr_line' id='line_1_25' title="bbox 155 2828 1172 2915; baseline 0 -21"><span class='ocrx_word' id='word_1_194' title='bbox 155 2838 219 2894; x_wconf 82' lang='grc' dir='ltr'>τῶν</span> <span class='ocrx_word' id='word_1_195' title='bbox 239 2830 374 2894; x_wconf 81' lang='grc' dir='ltr'>κατὰ</span> <span class='ocrx_word' id='word_1_196' title='bbox 339 2855 396 2910; x_wconf 77' lang='grc' dir='ltr'>την</span> <span class='ocrx_word' id='word_1_197' title='bbox 416 2854 529 2915; x_wconf 84' lang='grc' dir='ltr'>αρκτον</span> <span class='ocrx_word' id='word_1_198' title='bbox 551 2828 688 2915; x_wconf 66' lang='grc' dir='ltr'>ἀστέρων</span> <span class='ocrx_word' id='word_1_199' title='bbox 714 2828 824 2893; x_wconf 64' lang='grc' dir='ltr'>οὐδένα</span> <span class='ocrx_word' id='word_1_200' title='bbox 846 2832 941 2914; x_wconf 77' lang='grc' dir='ltr'>φασιν</span> <span class='ocrx_word' id='word_1_201' title='bbox 962 2829 1130 2915; x_wconf 72' lang='grc' dir='ltr'>ὁρασθαι</span> <span class='ocrx_word' id='word_1_202' title='bbox 1127 2830 1172 2894; x_wconf 75' lang='grc' dir='ltr'>αἰ-</span> 
     </span>
     <span class='ocr_line' id='line_1_26' title="bbox 150 2870 1174 3016; baseline 0.003 -40"><span class='ocrx_word' id='word_1_203' title='bbox 150 2938 204 2997; x_wconf 84' lang='grc' dir='ltr'>χρι</span> <span class='ocrx_word' id='word_1_204' title='bbox 231 2923 285 2995; x_wconf 84' lang='grc' dir='ltr'>τῆς</span> <span class='ocrx_word' id='word_1_205' title='bbox 310 2870 434 3016; x_wconf 72' lang='grc' dir='ltr'>πρῶτος</span> <span class='ocrx_word' id='word_1_206' title='bbox 462 2919 618 3000; x_wconf 74' lang='grc' dir='ltr'>φυλακῆς,</span> <span class='ocrx_word' id='word_1_207' title='bbox 646 2941 692 3001; x_wconf 83' lang='grc' dir='ltr'>τῳ</span> <span class='ocrx_word' id='word_1_208' title='bbox 718 2915 752 2977; x_wconf 79' lang='grc' dir='ltr'>δὲ</span> <span class='ocrx_word' id='word_1_209' title='bbox 774 2916 961 2978; x_wconf 79' lang='grc' dir='ltr'>Ποαειιιεῶνι</span> <span class='ocrx_word' id='word_1_210' title='bbox 992 2917 1086 3000; x_wconf 66' lang='grc' dir='ltr'>μέχρι</span> <span class='ocrx_word' id='word_1_211' title='bbox 1110 2894 1174 2979; x_wconf 74' lang='lat' dir='ltr'>alev-</span> 
     </span>
     <span class='ocr_line' id='line_1_27' title="bbox 154 3000 1174 3082; baseline 0.005 -21"><span class='ocrx_word' id='word_1_212' title='bbox 154 3000 254 3082; x_wconf 68' lang='grc' dir='ltr'>τέρας.</span> <span class='ocrx_word' id='word_1_213' title='bbox 296 3006 356 3062; x_wconf 89' lang='lat' dir='ltr'>Non</span> <span class='ocrx_word' id='word_1_214' title='bbox 385 3007 455 3062; x_wconf 89' lang='lat' dir='ltr'>enim</span> <span class='ocrx_word' id='word_1_215' title='bbox 485 3008 614 3063; x_wconf 88' lang='lat' dir='ltr'>continuo</span> <span class='ocrx_word' id='word_1_216' title='bbox 636 3016 700 3082; x_wconf 88' lang='lat' dir='ltr'>post</span> <span class='ocrx_word' id='word_1_217' title='bbox 721 3006 972 3064; x_wconf 83' lang='lat' dir='ltr'>lluemaeterionem</span> <span class='ocrx_word' id='word_1_218' title='bbox 996 3007 1174 3066; x_wconf 81' lang='lat' dir='ltr'>Posialeoueu</span> 
     </span>
     <span class='ocr_line' id='line_1_28' title="bbox 155 3084 1179 3168; baseline 0.004 -22"><span class='ocrx_word' id='word_1_219' title='bbox 155 3091 232 3162; x_wconf 93' lang='lat' dir='ltr'>sequi</span> <span class='ocrx_word' id='word_1_220' title='bbox 255 3091 381 3155; x_wconf 81' lang='lat' dir='ltr'>declaret,</span> <span class='ocrx_word' id='word_1_221' title='bbox 406 3108 467 3147; x_wconf 90' lang='lat' dir='ltr'>curn</span> <span class='ocrx_word' id='word_1_222' title='bbox 490 3100 518 3147; x_wconf 92' lang='lat' dir='ltr'>et</span> <span class='ocrx_word' id='word_1_223' title='bbox 540 3090 621 3148; x_wconf 88' lang='lat' dir='ltr'>verba</span> <span class='ocrx_word' id='word_1_224' title='bbox 643 3092 710 3157; x_wconf 83' lang='lat' dir='ltr'>ista,</span> <span class='ocrx_word' id='word_1_225' title='bbox 735 3084 795 3149; x_wconf 79' lang='grc' dir='ltr'>ἀπὸ</span> <span class='ocrx_word' id='word_1_226' title='bbox 817 3088 1124 3168; x_wconf 83' lang='grc' dir='ltr'>Μαιμακτηριῶνος</span> <span class='ocrx_word' id='word_1_227' title='bbox 1146 3094 1179 3150; x_wconf 85' lang='lat' dir='ltr'>ale</span> 
     </span>
     <span class='ocr_line' id='line_1_29' title="bbox 155 3174 1178 3251; baseline 0.007 -22"><span class='ocrx_word' id='word_1_228' title='bbox 155 3189 249 3230; x_wconf 88' lang='lat' dir='ltr'>mense</span> <span class='ocrx_word' id='word_1_229' title='bbox 271 3192 326 3231; x_wconf 91' lang='lat' dir='ltr'>uon</span> <span class='ocrx_word' id='word_1_230' title='bbox 349 3174 475 3232; x_wconf 88' lang='lat' dir='ltr'>absoluto</span> <span class='ocrx_word' id='word_1_231' title='bbox 498 3177 605 3248; x_wconf 87' lang='lat' dir='ltr'>possint</span> <span class='ocrx_word' id='word_1_232' title='bbox 626 3177 719 3249; x_wconf 87' lang='lat' dir='ltr'>accipi,</span> <span class='ocrx_word' id='word_1_233' title='bbox 744 3178 787 3233; x_wconf 89' lang='lat' dir='ltr'>cui</span> <span class='ocrx_word' id='word_1_234' title='bbox 810 3178 845 3234; x_wconf 92' lang='lat' dir='ltr'>sit</span> <span class='ocrx_word' id='word_1_235' title='bbox 866 3178 1006 3251; x_wconf 82' lang='lat' dir='ltr'>proximus</span> <span class='ocrx_word' id='word_1_236' title='bbox 1022 3179 1103 3245; x_wconf 86' lang='lat' dir='ltr'>alter,</span> <span class='ocrx_word' id='word_1_237' title='bbox 1127 3179 1178 3236; x_wconf 82' lang='lat' dir='ltr'>hoe</span> 
     </span>
     <span class='ocr_line' id='line_1_30' title="bbox 156 3257 1179 3357; baseline 0.006 -43"><span class='ocrx_word' id='word_1_238' title='bbox 156 3266 199 3314; x_wconf 90' lang='lat' dir='ltr'>est</span> <span class='ocrx_word' id='word_1_239' title='bbox 219 3257 379 3332; x_wconf 77' lang='lat' dir='ltr'>Pyauepsio.</span> <span class='ocrx_word' id='word_1_240' title='bbox 410 3259 448 3315; x_wconf 87' lang='lat' dir='ltr'>lta</span> <span class='ocrx_word' id='word_1_241' title='bbox 470 3259 578 3315; x_wconf 81' lang='lat' dir='ltr'>clemunr</span> <span class='ocrx_word' id='word_1_242' title='bbox 601 3277 646 3316; x_wconf 90' lang='lat' dir='ltr'>res</span> <span class='ocrx_word' id='word_1_243' title='bbox 670 3277 702 3316; x_wconf 87' lang='lat' dir='ltr'>eu</span> <span class='ocrx_word' id='word_1_244' title='bbox 724 3262 865 3336; x_wconf 78' lang='lat' dir='ltr'>redigitur,</span> <span class='ocrx_word' id='word_1_245' title='bbox 890 3272 921 3318; x_wconf 92' lang='lat' dir='ltr'>nt</span> <span class='ocrx_word' id='word_1_246' title='bbox 943 3272 1056 3357; x_wconf 87' lang='lat' dir='ltr'>praeter</span> <span class='ocrx_word' id='word_1_247' title='bbox 1070 3264 1179 3339; x_wconf 84' lang='lat' dir='ltr'>llarpu-</span> 
     </span>
     <span class='ocr_line' id='line_1_31' title="bbox 155 3342 1182 3406; baseline 0.009 -9"><span class='ocrx_word' id='word_1_248' title='bbox 155 3342 304 3399; x_wconf 82' lang='lat' dir='ltr'>orationem</span> <span class='ocrx_word' id='word_1_249' title='bbox 332 3344 483 3400; x_wconf 86' lang='lat' dir='ltr'>sententiae</span> <span class='ocrx_word' id='word_1_250' title='bbox 512 3360 577 3401; x_wconf 81' lang='lat' dir='ltr'>suae</span> <span class='ocrx_word' id='word_1_251' title='bbox 606 3343 736 3401; x_wconf 87' lang='lat' dir='ltr'>vindicem</span> <span class='ocrx_word' id='word_1_252' title='bbox 765 3346 864 3404; x_wconf 84' lang='lat' dir='ltr'>hebeat</span> <span class='ocrx_word' id='word_1_253' title='bbox 885 3348 1031 3404; x_wconf 88' lang='lat' dir='ltr'>neminem.</span> <span class='ocrx_word' id='word_1_254' title='bbox 1077 3348 1182 3406; x_wconf 83' lang='lat' dir='ltr'>Scribit</span> 
     </span>
     <span class='ocr_line' id='line_1_32' title="bbox 156 3420 1180 3506; baseline 0.005 -22"><span class='ocrx_word' id='word_1_255' title='bbox 156 3426 227 3484; x_wconf 87' lang='lat' dir='ltr'>enim</span> <span class='ocrx_word' id='word_1_256' title='bbox 248 3427 275 3483; x_wconf 91' lang='lat' dir='ltr'>in</span> <span class='ocrx_word' id='word_1_257' title='bbox 294 3427 390 3484; x_wconf 85' lang='lat' dir='ltr'>Lericu</span> <span class='ocrx_word' id='word_1_258' title='bbox 407 3427 658 3486; x_wconf 85' lang='lat' dir='ltr'>llaemacteriouem</span> <span class='ocrx_word' id='word_1_259' title='bbox 680 3424 818 3504; x_wconf 68' lang='lat' dir='ltr'>sulpurea</span> <span class='ocrx_word' id='word_1_260' title='bbox 839 3420 914 3488; x_wconf 73' lang='grc' dir='ltr'>εἶναι</span> <span class='ocrx_word' id='word_1_261' title='bbox 934 3432 1028 3506; x_wconf 81' lang='grc' dir='ltr'>μῆνα.</span> <span class='ocrx_word' id='word_1_262' title='bbox 1059 3433 1117 3491; x_wconf 81' lang='lat' dir='ltr'>Sed</span> <span class='ocrx_word' id='word_1_263' title='bbox 1137 3432 1180 3489; x_wconf 82' lang='lat' dir='ltr'>uel</span> 
     </span>
     <span class='ocr_line' id='line_1_33' title="bbox 153 3505 1182 3587; baseline 0.008 -18"><span class='ocrx_word' id='word_1_264' title='bbox 153 3505 298 3587; x_wconf 72' lang='grc' dir='ltr'>τέταρτος</span> <span class='ocrx_word' id='word_1_265' title='bbox 317 3529 368 3587; x_wconf 90' lang='lat' dir='ltr'>pro</span> <span class='ocrx_word' id='word_1_266' title='bbox 390 3507 525 3586; x_wconf 69' lang='grc' dir='ltr'>πέμπτος</span> <span class='ocrx_word' id='word_1_267' title='bbox 546 3513 760 3581; x_wconf 86' lang='lat' dir='ltr'>rescribendum,</span> <span class='ocrx_word' id='word_1_268' title='bbox 783 3516 825 3572; x_wconf 90' lang='lat' dir='ltr'>vel</span> <span class='ocrx_word' id='word_1_269' title='bbox 847 3518 870 3574; x_wconf 89' lang='lat' dir='ltr'>si</span> <span class='ocrx_word' id='word_1_270' title='bbox 892 3517 958 3574; x_wconf 90' lang='lat' dir='ltr'>nihil</span> <span class='ocrx_word' id='word_1_271' title='bbox 975 3518 1020 3574; x_wconf 89' lang='lat' dir='ltr'>bie</span> <span class='ocrx_word' id='word_1_272' title='bbox 1036 3536 1051 3574; x_wconf 83' lang='lat' dir='ltr'>a</span> <span class='ocrx_word' id='word_1_273' title='bbox 1065 3518 1182 3577; x_wconf 76' lang='lat' dir='ltr'>libratio</span> 
     </span>
     <span class='ocr_line' id='line_1_34' title="bbox 153 3596 1183 3696; baseline 0.009 -43"><span class='ocrx_word' id='word_1_274' title='bbox 153 3605 295 3671; x_wconf 89' lang='lat' dir='ltr'>peccatum</span> <span class='ocrx_word' id='word_1_275' title='bbox 317 3606 368 3664; x_wconf 89' lang='lat' dir='ltr'>est</span> <span class='ocrx_word' id='word_1_276' title='bbox 391 3614 445 3655; x_wconf 91' lang='lat' dir='ltr'>non</span> <span class='ocrx_word' id='word_1_277' title='bbox 468 3596 580 3654; x_wconf 85' lang='lat' dir='ltr'>tlubium</span> <span class='ocrx_word' id='word_1_278' title='bbox 603 3609 645 3656; x_wconf 92' lang='lat' dir='ltr'>est</span> <span class='ocrx_word' id='word_1_279' title='bbox 667 3601 731 3696; x_wconf 80' lang='lat' dir='ltr'>quin</span> <span class='ocrx_word' id='word_1_280' title='bbox 753 3601 839 3675; x_wconf 89' lang='lat' dir='ltr'>pluris</span> <span class='ocrx_word' id='word_1_281' title='bbox 861 3603 932 3676; x_wconf 84' lang='lat' dir='ltr'>apud</span> <span class='ocrx_word' id='word_1_282' title='bbox 955 3619 1005 3658; x_wconf 92' lang='lat' dir='ltr'>nos</span> <span class='ocrx_word' id='word_1_283' title='bbox 1022 3603 1183 3661; x_wconf 81' lang='lat' dir='ltr'>Aristotelis</span> 
     </span>
     <span class='ocr_line' id='line_1_35' title="bbox 155 3680 1132 3757; baseline 0.007 -19"><span class='ocrx_word' id='word_1_284' title='bbox 155 3691 182 3738; x_wconf 87' lang='lat' dir='ltr'>et</span> <span class='ocrx_word' id='word_1_285' title='bbox 203 3680 341 3739; x_wconf 87' lang='lat' dir='ltr'>Plutarchi</span> <span class='ocrx_word' id='word_1_286' title='bbox 363 3699 443 3757; x_wconf 88' lang='lat' dir='ltr'>quarn</span> <span class='ocrx_word' id='word_1_287' title='bbox 466 3683 635 3741; x_wconf 86' lang='lat' dir='ltr'>Grammatiei</span> <span class='ocrx_word' id='word_1_288' title='bbox 657 3686 737 3741; x_wconf 91' lang='lat' dir='ltr'>unius</span> <span class='ocrx_word' id='word_1_289' title='bbox 760 3686 911 3744; x_wconf 83' lang='lat' dir='ltr'>authoritas</span> <span class='ocrx_word' id='word_1_290' title='bbox 934 3703 995 3744; x_wconf 87' lang='lat' dir='ltr'>esse</span> <span class='ocrx_word' id='word_1_291' title='bbox 1019 3685 1132 3745; x_wconf 77' lang='lat' dir='ltr'>debeat.</span> 
     </span>
     <span class='ocr_line' id='line_1_36' title="bbox 238 3766 1181 3844; baseline 0.007 -21"><span class='ocrx_word' id='word_1_292' title='bbox 238 3766 368 3841; x_wconf 86' lang='lat' dir='ltr'>Sequitur</span> <span class='ocrx_word' id='word_1_293' title='bbox 395 3769 518 3824; x_wconf 88' lang='lat' dir='ltr'>immanis</span> <span class='ocrx_word' id='word_1_294' title='bbox 541 3768 669 3843; x_wconf 75' lang='lat' dir='ltr'>scaligeri</span> <span class='ocrx_word' id='word_1_295' title='bbox 700 3779 811 3844; x_wconf 88' lang='lat' dir='ltr'>stupor,</span> <span class='ocrx_word' id='word_1_296' title='bbox 841 3771 905 3827; x_wconf 87' lang='lat' dir='ltr'>durn</span> <span class='ocrx_word' id='word_1_297' title='bbox 927 3771 1114 3830; x_wconf 88' lang='lat' dir='ltr'>Positleeuem</span> <span class='ocrx_word' id='word_1_298' title='bbox 1142 3773 1181 3830; x_wconf 81' lang='lat' dir='ltr'>itu</span> 
     </span>
     <span class='ocr_line' id='line_1_37' title="bbox 154 3853 1182 3932; baseline 0.007 -24"><span class='ocrx_word' id='word_1_299' title='bbox 154 3866 215 3908; x_wconf 90' lang='lat' dir='ltr'>cum</span> <span class='ocrx_word' id='word_1_300' title='bbox 242 3853 365 3909; x_wconf 84' lang='lat' dir='ltr'>Ianuario</span> <span class='ocrx_word' id='word_1_301' title='bbox 394 3861 546 3928; x_wconf 85' lang='lat' dir='ltr'>comparat,</span> <span class='ocrx_word' id='word_1_302' title='bbox 576 3864 607 3911; x_wconf 94' lang='lat' dir='ltr'>ut</span> <span class='ocrx_word' id='word_1_303' title='bbox 635 3865 698 3928; x_wconf 89' lang='lat' dir='ltr'>post</span> <span class='ocrx_word' id='word_1_304' title='bbox 726 3853 849 3912; x_wconf 85' lang='lat' dir='ltr'>brumam</span> <span class='ocrx_word' id='word_1_305' title='bbox 872 3857 997 3931; x_wconf 86' lang='lat' dir='ltr'>incipiat,</span> <span class='ocrx_word' id='word_1_306' title='bbox 1029 3874 1085 3932; x_wconf 89' lang='lat' dir='ltr'>quo</span> <span class='ocrx_word' id='word_1_307' title='bbox 1110 3857 1182 3915; x_wconf 88' lang='lat' dir='ltr'>nihil</span> 
     </span>
     <span class='ocr_line' id='line_1_38' title="bbox 154 3934 1183 4019; baseline 0.01 -27"><span class='ocrx_word' id='word_1_308' title='bbox 154 3936 255 3994; x_wconf 84' lang='lat' dir='ltr'>lalsius.</span> <span class='ocrx_word' id='word_1_309' title='bbox 296 3938 500 4002; x_wconf 75' lang='lat' dir='ltr'>Aristotelesh,</span> <span class='ocrx_word' id='word_1_310' title='bbox 519 3938 593 3996; x_wconf 78' lang='lat' dir='ltr'>ule</span> <span class='ocrx_word' id='word_1_311' title='bbox 617 3938 763 4013; x_wconf 76' lang='lat' dir='ltr'>thynnius,</span> <span class='ocrx_word' id='word_1_312' title='bbox 794 3934 856 3998; x_wconf 84' lang='grc' dir='ltr'>ι’στι</span> <span class='ocrx_word' id='word_1_313' title='bbox 880 3934 950 3998; x_wconf 77' lang='lat' dir='ltr'>ut</span> <span class='ocrx_word' id='word_1_314' title='bbox 936 3962 951 4000; x_wconf 90' lang='lat' dir='ltr'>u</span> <span class='ocrx_word' id='word_1_315' title='bbox 974 3935 1032 4014; x_wconf 78' lang='grc' dir='ltr'>μιν</span> <span class='ocrx_word' id='word_1_316' title='bbox 1053 3944 1183 4019; x_wconf 84' lang='grc' dir='ltr'>πρῶτος</span> 
     </span>
     <span class='ocr_line' id='line_1_39' title="bbox 153 4014 1175 4103; baseline 0.009 -25"><span class='ocrx_word' id='word_1_317' title='bbox 153 4014 243 4091; x_wconf 81' lang='grc' dir='ltr'>τόκος</span> <span class='ocrx_word' id='word_1_318' title='bbox 261 4017 329 4101; x_wconf 77' lang='grc' dir='ltr'>περὶ</span> <span class='ocrx_word' id='word_1_319' title='bbox 351 4017 405 4081; x_wconf 82' lang='grc' dir='ltr'>τὸν</span> <span class='ocrx_word' id='word_1_320' title='bbox 427 4017 626 4081; x_wconf 75' lang='grc' dir='ltr'>Ποσειδεῶνοι</span> <span class='ocrx_word' id='word_1_321' title='bbox 647 4017 706 4103; x_wconf 83' lang='grc' dir='ltr'>πρὸ</span> <span class='ocrx_word' id='word_1_322' title='bbox 728 4027 859 4102; x_wconf 77' lang='grc' dir='ltr'>τροπῶν.</span> <span class='ocrx_word' id='word_1_323' title='bbox 890 4027 1100 4101; x_wconf 79' lang='lat' dir='ltr'>Theophrastus</span> <span class='ocrx_word' id='word_1_324' title='bbox 1121 4032 1149 4093; x_wconf 84' lang='lat' dir='ltr'>l.</span> <span class='ocrx_word' id='word_1_325' title='bbox 1159 4032 1175 4086; x_wconf 90' lang='lat' dir='ltr'>l</span> 
     </span>
    </p>
   </div>
   <div class='ocr_carea' id='block_1_3' title="bbox 0 0 1298 4822">
    <p class='ocr_par' dir='ltr' id='par_1_3' title="bbox 0 0 1298 4822">
     <span class='ocr_line' id='line_1_40' title="bbox 0 0 1298 4822; baseline 0 2"><span class='ocrx_word' id='word_1_326' title='bbox 0 0 1298 4822; x_wconf 95' lang='lat' dir='ltr'> </span> 
     </span>
    </p>
   </div>
  </div>
 </body>
</html>
