2586 4822
390 856 428 907 ne
446 855 596 907 sensuris
615 854 652 904 nr
670 854 865 906 rodominus.
1094 836 1129 904 rt

122 1025 214 1080 genes.
238 1025 337 1063 annum
360 1024 443 1080 agens
467 1011 515 1072 69,
539 1009 638 1064 author
652 1007 784 1064 Eusebius
802 1010 851 1072 nt
879 1006 987 1064 hieron.
1007 1008 1033 1062 in
1050 1008 1132 1064 Cetei.

122 1094 209 1160 tiuare
239 1093 313 1167 quod
341 1092 413 1147 hune
435 1093 471 1148 ait
492 1092 658 1166 Epiphanius
679 1093 804 1149 duruisse
826 1109 840 1146 a
864 1092 936 1147 Decii
958 1101 1079 1165 tempore
1101 1092 1184 1147 autor

121 1178 226 1233 Gallum
249 1187 278 1233 et
293 1170 473 1241 Volusienum,
497 1177 606 1233 nimium
623 1187 766 1251 angustum
784 1186 825 1233 est
840 1177 965 1250 spatium.
996 1178 1132 1253 Siquidem

120 1263 162 1318 isti
185 1279 241 1317 nnn
266 1261 326 1334 plus
349 1261 457 1317 hiennio
480 1279 510 1316 ac
532 1263 703 1320 mensibns4
727 1261 904 1335 imperarunt.
935 1262 996 1317 iden
1015 1281 1063 1335 pro
1082 1264 1134 1318 be-

119 1350 160 1402 cio
176 1347 311 1403 Senenon
333 1346 422 1402 dicere
444 1347 574 1419 oportuit.
604 1347 668 1403 Nam
691 1346 742 1402 sub
765 1346 817 1402 hoe
840 1347 1004 1419 Imperatore
1020 1346 1132 1403 eeiebris

118 1443 161 1487 cst
190 1432 299 1488 habitus
328 1431 468 1504 Origenes.
512 1431 575 1488 Vide
604 1432 702 1488 Euseb.
731 1431 813 1490 lib.8
837 1448 895 1504 cap.
914 1434 940 1488 3.
987 1432 1039 1488 Sed
1061 1431 1133 1506 qued

118 1517 189 1571 ultra
213 1517 279 1572 uattt
308 1515 492 1572 et'Volusiani
520 1516 662 1589 imperium
689 1517 862 1589 superstitem
886 1516 1027 1589 origenem
1051 1516 1133 1571 fuisse

117 1601 214 1657 scribit
237 1601 410 1675 Epiphanius,
433 1601 560 1657 reclamat
582 1601 723 1666 Eusebius,
748 1600 794 1676 qui
817 1601 891 1656 Gallo
910 1600 1006 1674 lmpcr.
1030 1619 1061 1657 ex
1083 1601 1134 1656 hac

110 1688 171 1742 nita
200 1686 331 1757 migrasse
359 1686 458 1742 diserte
485 1695 610 1743 testatur.
654 1686 691 1743 tte
720 1703 772 1761 qua
794 1703 824 1742 re
847 1686 879 1741 ad
902 1685 1012 1742 iiaeres.
1030 1689 1066 1743 ut
1091 1686 1135 1741 di-

115 1788 217 1826 ximus.

209 1845 369 1926 Φαβιανός
389 1847 423 1910 di
444 1849 490 1910 tat
508 1844 640 1929 Ῥώμης]
671 1855 707 1911 [ie
730 1855 847 1910 Fabiano
870 1863 897 1909 et
912 1854 1060 1910 Alexandro
1076 1855 1135 1911 ride

115 1938 268 1995 Eusebium
292 1942 321 2000 6,
339 1940 388 1997 32.

210 2026 267 2082 175
284 2041 309 2079 a.
332 2019 382 2080 καὶ
405 2015 497 2090 αὐτὸς
518 2015 552 2079 δὲ
572 2014 589 2080 ὃ
610 2015 774 2099 Ὠριγίνης]
805 2023 887 2081 Multa
902 2041 951 2097 pre
968 2023 1067 2080 Christi
1082 2041 1135 2079 no-

115 2110 192 2164 mine
215 2109 327 2164 diversis
351 2107 517 2182 temporibus
540 2125 635 2181 passus
652 2119 694 2164 est
709 2109 849 2182 Origenes.
881 2109 999 2165 Primum
1015 2107 1066 2164 suh
1082 2109 1135 2164 Se-

114 2211 200 2258 rere,
229 2211 290 2249 cum
317 2193 425 2266 saepius
453 2193 486 2248 ad
509 2210 601 2248 necem
624 2194 762 2266 quaesitus
784 2211 864 2266 aegre
886 2192 973 2250 latuit.
1019 2193 1055 2249 de
1077 2210 1132 2266 quo

112 2276 221 2335 Euseb.
239 2280 266 2343 6.
285 2282 319 2336 3:
355 2278 421 2334 Eum
444 2278 494 2333 suh
517 2277 675 2342 Alexandro,
699 2296 728 2334 ae
752 2278 847 2334 deinde
870 2278 920 2333 suh
944 2277 1034 2334 Decio.
1075 2278 1132 2347 Qun

110 2365 142 2419 in
170 2364 360 2436 perseeutione
382 2363 486 2437 lapsum
511 2361 580 2417 illius
603 2363 732 2418 accidisse
750 2364 845 2420 merito
862 2363 1027 2419 coniicimus.
1058 2363 1133 2419 Tunc

112 2449 193 2504 enim
216 2449 301 2504 multo
323 2465 402 2520 qrram
425 2447 488 2503 alias
511 2464 629 2520 unquam
652 2447 784 2504 atrociora
807 2466 837 2504 ae
852 2449 1052 2503 vehementiora
1068 2466 1133 2521 per-

111 2551 219 2608 pessus
242 2541 292 2589 est.
322 2532 359 2588 be
382 2532 479 2606 quihus
503 2531 600 2587 Euseb.
624 2549 647 2587 e.
666 2535 714 2589 39.
745 2531 777 2588 Et
797 2550 847 2588 nos
862 2533 894 2587 ad
910 2533 1132 2604 origenianorum

113 2618 252 2674 iiaeresin
274 2617 404 2691 quaedam
431 2617 577 2689 attigimus.

207 2694 306 2778 εὑρὼν
327 2696 360 2758 δὲ
383 2704 435 2775 τῆς
456 2696 594 2774 πέμπτης
615 2694 664 2754 καὶ
681 2692 778 2772 ἕκτης]
806 2699 941 2768 Quaenam
958 2699 1057 2754 inerim
1072 2699 1134 2753 Ori·

111 2787 200 2861 genis
222 2787 355 2860 Tetrapla,
379 2785 493 2858 Hexapia
516 2795 543 2840 et
566 2784 685 2857 Octapla,
709 2801 788 2840 nemo
810 2784 961 2839 accuratius
984 2783 1132 2856 Epiphanio

111 2871 240 2929 tradidit.
270 2872 357 2952 Quare
379 2888 412 2928 ex
433 2871 491 2926 eius
512 2870 588 2926 tonte
610 2886 706 2926 omnes
720 2870 879 2934 hauserunt,
902 2868 947 2942 qui
962 2868 1068 2924 iliorum
1084 2884 1134 2924 vo-

111 2956 253 3014 iuminum
276 2956 407 3013 rationem
430 2955 605 3027 explicarunt,
629 2963 766 3010 ettamen
791 2952 911 3029 plerique
927 2953 953 3008 in
969 2962 1023 3009 tam
1039 2962 1133 3026 aperto
1229 3002 1232 3011 ,

111 3041 264 3115 Epiphanii
286 3041 346 3097 loeo
369 3040 481 3096 muitum
504 3038 659 3097 hallucinati
680 3047 752 3095 sunt.
789 3038 913 3094 Omnium
936 3055 998 3094 vero
1021 3037 1134 3094 maxime

111 3127 256 3183 Marianus
279 3126 420 3189 Victorius,
443 3125 488 3198 qui
512 3124 702 3197 Hieronymum
726 3125 870 3180 recensuit.
901 3124 950 3192 Qui
973 3124 999 3178 in
1018 3122 1133 3178 Scholiis

115 3213 155 3269 ad
188 3211 274 3267 dhe
304 3209 381 3283 Apol.
410 3211 436 3265 in
466 3208 535 3265 uun.
565 3227 589 3264 e.
614 3213 651 3266 63
685 3210 769 3265 credit
799 3208 921 3280 origenis
954 3198 1069 3274 {tanto
1102 3224 1133 3262 ex
1167 3256 1173 3265 .

112 3298 231 3353 Graecis
254 3294 416 3350 editionibus
440 3297 457 3351 6
481 3294 563 3349 tuisse
585 3303 723 3357 contenta,
748 3294 871 3349 nimirum
894 3288 958 3347 [XX
981 3292 1132 3355 Seninrum,

114 3380 242 3454 Aquilae,
265 3380 427 3453 Symmachi.
450 3379 653 3444 theodotionis,
677 3379 773 3447 Quinta
791 3386 818 3433 et
839 3378 928 3439 Serta,
951 3385 979 3432 et
995 3377 1132 3432 Erasmnm

115 3467 199 3522 aliter
220 3465 384 3521 sentientem
399 3464 545 3537 redarguit,
569 3480 600 3519 ex
616 3463 762 3536 Epiphanii‚
786 3471 816 3518 ut
831 3462 936 3523 asserit.
959 3461 1132 3518 authoritate.

114 3551 199 3621 Quod
222 3547 299 3606 r'rlde
321 3550 414 3605 miror.
444 3549 536 3622 Neque
558 3549 630 3604 enim
645 3547 794 3604 cuiusmodi
811 3547 942 3602 editiones
958 3546 1018 3602 illae
1034 3547 1134 3603 inerint

112 3635 288 3711 Epiphanius
311 3633 426 3690 obscure
449 3632 590 3707 significat,
613 3650 674 3688 eum
697 3633 748 3695 bic.
773 3640 829 3688 tum
845 3632 871 3687 in
888 3632 996 3703 origen.
1012 3631 1131 3694 Hneresi,

112 3730 255 3797 quaeest
278 3722 328 3780 ut.
352 3722 411 3776 e.3
434 3718 481 3774 sed
504 3717 548 3774 hie
570 3717 749 3791 potissimum.
794 3718 854 3787 Quo
877 3734 908 3773 ex
930 3716 990 3772 ioco
1013 3717 1133 3789 singuta—

111 3825 179 3865 rem
199 3806 354 3862 editionum
376 3804 497 3859 ordinem
520 3803 545 3859 in
564 3802 661 3876 triplici
676 3802 799 3859 codicum
814 3819 914 3876 genere
930 3801 1054 3878 sequenti
1071 3799 1134 3856 hia-

113 3901 267 3968 grammate
291 3889 493 3964 proposuimus.
