2586 4822
358 397 366 413 Ι

154 786 229 864 ’Μ
618 808 732 859 earam

162 982 253 1029 torum
282 984 392 1032 caussa,
423 984 453 1023 ae
482 974 595 1041 propter
621 966 665 1038 pia
689 964 818 1038 quaedam
842 965 989 1021 ministeria
1013 966 1081 1023 solvi
1105 961 1184 1041 posse

162 1055 285 1132 pluribus
308 1053 434 1111 declarat.

315 1261 318 1268 ¹
357 1273 400 1329 hl)
424 1269 591 1328 datueslh
612 1269 699 1327 Lllllll
722 1269 982 1327 lllElthlThllUll.

248 1392 376 1448 huthorls
404 1389 486 1446 huius
508 1388 604 1444 Sectae
632 1405 730 1444 nornen
761 1389 831 1443 varie
860 1390 1014 1462 concipitur
1038 1392 1119 1446 etiam
1142 1393 1182 1447 hic

163 1478 196 1535 alt
220 1477 378 1551 Epiphanio.
409 1474 474 1529 llam
497 1482 543 1528 aut
559 1471 663 1537 Hieran,
687 1481 734 1528 aut
750 1472 875 1529 Hieracis
897 1484 1018 1530 vocatur.
1051 1477 1108 1544 Qua
1133 1494 1182 1549 po-

162 1563 270 1620 steriori
298 1560 479 1634 appellatione
507 1567 635 1614 censetur
656 1557 727 1631 apud
752 1557 878 1614 llilarium
902 1558 955 1617 l.6
979 1560 1014 1615 de
1039 1560 1133 1616 Trinit.
1155 1570 1182 1616 et

161 1650 230 1720 Aug.
252 1644 356 1700 lili.·de
380 1644 504 1699 llaerea.›
520 1643 591 1698 Sane
613 1642 634 1698 si
658 1642 783 1699 llieracas
807 1643 982 1717 appellandus
1006 1646 1060 1710 sit,
1084 1647 1179 1701 Graece

162 1732 278 1788 fortasse
301 1729 473 1785 scribendum
496 1728 547 1783 erit
565 1720 710 1802 Ἱερακᾶς.
739 1727 792 1783 Sed
815 1728 882 1783 nihil
904 1733 929 1783 in
955 1730 1077 1787 editione
1092 1740 1176 1785 nostra

163 1816 321 1872 mutandum
344 1814 509 1870 censuimus.
546 1813 638 1885 Neque
661 1829 724 1868 vero
748 1812 812 1868 satis
834 1821 908 1869 recte
930 1813 962 1867 ad
987 1831 1051 1871 eum
1074 1815 1174 1871 madum

163 1900 263 1957 inflecti
286 1909 379 1974 putem
402 1915 483 1972 posse
505 1889 521 1954 ὁ
541 1890 678 1972 Ἶέρακας
705 1900 762 1953 τοῦ
780 1891 915 1974 ‘liparem
946 1899 994 1954 sed
1026 1900 1069 1956 vel
1086 1894 1176 1974 ‘lepri-

163 2003 218 2051 κας
240 1988 295 2041 τοῦ
313 1977 444 2061 Ἶεράκα,
467 1983 508 2038 vel
526 1974 664 2059 Ἶερακᾶς
684 1984 739 2038 τοῦ
756 1975 885 2058 ‘leporini

349 2201 392 2258 ΑΙ)
416 2201 581 2258 HhEllESlN
603 2201 700 2257 vattt
723 2201 995 2260 MELETlhh'OllUll.

247 2322 284 2377 lle
308 2321 454 2377 lleletiauis
477 2322 549 2376 dctis
572 2338 603 2377 ac
626 2329 682 2377 tcta
704 2321 862 2377 Schismatis
885 2321 1007 2384 historia,
1044 2340 1123 2396 quiam
1139 2324 1177 2378 hic

161 2408 291 2483 proponit
313 2406 488 2480 Epiphanius,
512 2406 576 2479 quid
599 2405 770 2461 sentiendum
794 2407 837 2469 sit,
861 2407 887 2461 in
912 2406 1070 2463 [laronianis
1093 2411 1176 2464 Anna-

163 2493 233 2555 libus
262 2491 411 2564 explicatur
438 2507 508 2546 annc
534 2493 603 2555 306,
633 2489 732 2564 qttibus
755 2508 805 2565 ego
828 2490 1006 2547 libentissime
1030 2492 1175 2548 subscribo.

111 2571 347 2638 lllCertissimum
371 2577 442 2631 enim
465 2584 515 2639 est,
539 2575 710 2631 alleletiano
732 2576 822 2649 aliquo
845 2576 978 2649 scriptore
1002 2578 1070 2632 ialsa
1085 2577 1175 2633 ttetetii

162 2673 221 2721 acta
244 2661 395 2734 conscripta
418 2661 515 2724 luisse,
539 2661 565 2715 in
589 2659 687 2733 quibus
711 2662 890 2734 turpissimam
914 2662 1033 2717 hominis
1049 2663 1174 2718 inlamiem

162 2757 190 2804 et
212 2746 370 2803 execrabilia
393 2746 508 2801 facinora
532 2744 701 2800 dissimulare
724 2755 836 2802 conatus
859 2754 909 2801 cst.
936 2746 965 2801 ln
989 2764 1021 2801 ea
1047 2765 1107 2803 cum
1128 2749 1174 2802 im-

160 2834 281 2908 prudens
308 2831 447 2887 incidisset
469 2829 648 2903 Epiphanius,
683 2846 769 2885 veram
800 2848 830 2886 ac
857 2831 988 2886 sinceram
1019 2823 1172 2887 illam'esse

159 2917 341 2974 narrationem
370 2916 469 2972 frustra
494 2915 615 2983 credidit.
662 2913 738 2982 Quod
761 2916 862 2971 utinam
886 2915 909 2970 ei
931 2915 958 2970 in
982 2927 1104 2973 mentem
1124 2932 1171 2972 non

160 3002 293 3058 venissetl
325 3001 444 3056 Pessime
467 3000 576 3073 quidem
599 2999 632 3054 de
655 3000 773 3055 hnmano
791 3017 890 3072 genere
905 3010 1049 3057 merentur
1066 3002 1111 3066 illi,
1132 3001 1173 3074 qui

160 3095 359 3143 sacrosanctam
382 3085 511 3141 historiae
533 3083 672 3139 veritatem
694 3085 838 3140 mendaciis
861 3095 1009 3158 aspergunt
1033 3088 1100 3142 suis.
1126 3085 1174 3142 Sed

159 3171 245 3226 multo
274 3169 425 3226 detestandi
454 3170 538 3242 magis
560 3184 591 3224 ac
613 3165 720 3241 publice
742 3170 882 3225 coercendi
906 3169 1048 3235 videntur,
1078 3173 1124 3246 qui
1144 3169 1174 3225 ad

159 3254 301 3310 salsitatem
332 3254 476 3326 impietatis
505 3270 535 3309 ac
567 3253 699 3326 sacrilegii
727 3254 826 3309 crimen
851 3254 1016 3327 adiungunt,
1048 3256 1113 3311 dum
1134 3272 1173 3312 res

159 3337 363 3393 llaoreticorum
387 3338 535 3401 hominnm,
560 3337 763 3412 eorundemque
789 3356 897 3394 caussas
919 3356 950 3394 ac
965 3356 1101 3412 personas
1116 3340 1173 3397 stilo

160 3441 210 3479 suo
232 3439 287 3477 non
311 3421 390 3477 modo
413 3421 563 3484 sublevant.
587 3422 634 3477 sed
658 3423 737 3478 etlam
755 3433 848 3479 contra
865 3423 944 3479 iidem
960 3425 1081 3481 veritatis
1098 3443 1175 3481 eror-

158 3516 233 3564 nant.
265 3506 419 3562 Cuiusmodi
442 3515 530 3563 aetate
553 3516 645 3563 nostra
667 3507 821 3581 complures
837 3507 969 3564 Historiae
991 3511 1173 3581 prodeunua

160 3591 313 3656 Catholicis,
337 3600 368 3647 ut
389 3592 471 3647 videri
493 3590 595 3656 volunt,
620 3601 648 3647 et
663 3592 796 3648 Romanae
807 3592 1004 3649 communionis
1021 3593 1173 3650 hominibus

158 3675 255 3739 editae,
280 3677 327 3732 sed
343 3693 413 3750 quae
429 3677 454 3731 in
467 3676 616 3733 Geneuensi
632 3676 722 3751 aliquo
738 3686 871 3733 conventu
887 3676 1032 3734 meditatae
1048 3680 1174 3736 dictatae·

89 3743 100 3765 ⁶
158 3777 212 3833 que
234 3759 382 3816 videantur.
414 3762 531 3831 Quarum
554 3760 792 3832 praedicandarum
815 3762 896 3817 finem
918 3761 1023 3818 nullum
1044 3763 1173 3820 Haeretici

157 3839 210 3917 ipsi
232 3843 349 3909 iaciunt,
374 3844 502 3901 Catholici
525 3860 580 3900 non
601 3855 633 3901 ut
654 3855 794 3919 suspectas
817 3847 920 3911 solum,
955 3848 1003 3903 sed
1027 3858 1058 3904 ut
1080 3851 1172 3922 impias

156 3943 189 3984 ac
211 3927 347 3984 damnatas
371 3937 538 3985 execrantur.
582 3927 720 3986 Eiusmodi
742 3930 881 3987 lleletiana
908 3931 950 3987 illa
973 3931 1026 3988 iuit
1049 3933 1171 3996 Historia,

157 4030 227 4087 quae
248 4013 446 4070 sanctissimum
469 4013 553 4068 nrum
569 4013 595 4068 in
612 4031 732 4070 errorem
748 4015 866 4072 adduxit.
896 4016 962 4072 Nam
978 4017 1068 4089 qualis
1084 4033 1172 4075 revera

156 4095 281 4155 lleletiua
302 4097 399 4164 luerit,
427 4113 530 4172 quaere
551 4098 703 4156 concitandi
724 4100 877 4158 schismatis
907 4101 1015 4158 occasio
1045 4118 1076 4159 ae
1108 4118 1173 4177 pro-
