2586 4822
120 742 181 806 268
574 753 686 804 raram

120 905 136 968 ὃ
158 911 221 968 τῶν
244 909 438 984 στρατιωτῶν
459 909 513 965 τοῦ
536 900 647 974 ἔθνους
666 896 796 982 ἡγεμών.
827 905 902 973 Quos
919 922 985 962 cum
1001 904 1136 982 λαμπρο-

119 991 229 1062 τάτους
256 996 380 1068 Synodns
404 994 530 1067 appellet,
554 994 724 1049 clarissimos
748 992 923 1064 interpretari
946 993 1030 1048 malui
1053 1010 1136 1066 qmm,

121 1091 150 1137 ut
174 1081 327 1144 Gornarius,
350 1081 562 1135 illustrissimos.
593 1078 657 1133 Nam
681 1087 711 1132 ut
733 1077 766 1132 de
781 1076 872 1130 Beona
897 1085 1015 1142 taceam,
1038 1078 1071 1134 de
1089 1097 1138 1152 quo

40 1225 43 1232 ,
119 1166 186 1221 nihil
210 1166 344 1237 comperi,
375 1165 511 1219 Lauricius
535 1173 608 1219 certe
631 1157 742 1227 ἔθνους
763 1153 900 1235 ἡγεμών,
923 1163 980 1217 hoc
1004 1173 1047 1220 est
1069 1165 1139 1218 isau-

120 1252 174 1305 riae
190 1251 302 1304 Praeses
326 1250 383 1312 luit,
408 1266 488 1320 quiem
511 1266 544 1304 ne
568 1249 742 1303 clarissimum
767 1247 875 1320 quidem
894 1246 991 1311 luisse,
1016 1249 1064 1304 sed
1079 1267 1137 1321 per·

120 1334 294 1390 lectissimum
318 1334 407 1406 ponus
431 1333 516 1388 Guitlo
540 1333 695 1388 pancirolus
718 1332 832 1386 Notitiae
854 1336 953 1388 c.ll5
979 1343 1066 1406 putat„

206 1422 265 1476 stt
282 1437 306 1473 a.
335 1409 518 1492 ὑπέγραψαν
540 1410 567 1471 oi
589 1411 749 1494 πορόντες]
786 1416 849 1470 Tam
873 1417 927 1472 lme
951 1435 967 1472 a
992 1436 1056 1474 sero
1077 1419 1134 1473 alie-

119 1521 183 1559 num
217 1513 258 1557 est
287 1520 366 1576 quam
396 1503 468 1576 qnotl
498 1503 619 1557 nramme.
665 1502 806 1575 Nunquam
828 1501 944 1556 Basilius
969 1513 1017 1558 aut
1040 1503 1134 1558 Blareus

119 1589 264 1643 nearianae
287 1587 331 1642 isti
353 1588 483 1642 lormulae
506 1586 676 1660 subscripsit,
702 1596 730 1641 ut
753 1605 802 1641 nee
825 1586 985 1642 Occidentis
1008 1588 1131 1660 Episcopi,

119 1673 165 1745 qui
187 1673 313 1735 Arimini,
342 1689 395 1727 non
419 1672 557 1728 Seleuciae
580 1681 772 1728 coarceueruut.
818 1671 918 1726 Beimle
943 1690 1074 1746 quorsum
1092 1672 1129 1726 lris

120 1757 228 1830 Georgii
251 1775 281 1812 ac
297 1757 429 1812 Pancratii
452 1759 567 1830 repetita
591 1754 776 1829 subscriptio?
804 1756 885 1827 niqui
909 1773 968 1811 tion
985 1759 1058 1813 aliter
1072 1757 1129 1829 Epi-

119 1843 248 1915 phanium
272 1843 422 1914 scripsisse,
457 1852 503 1898 aut
525 1843 643 1897 sensisse
666 1858 778 1897 necesse
801 1849 842 1895 est
870 1858 954 1914 quam
981 1853 1012 1899 ut
1033 1842 1131 1898 Proles-

119 1927 189 1982 sioni
212 1928 247 1982 illi
271 1927 392 1990 Basilius,
427 1927 531 1983 Marcus
560 1928 658 1998 aliique
681 1925 900 1998 subscripserint.
948 1926 1018 1981 Nam
1040 1929 1066 1983 in
1086 1926 1132 1982 Bne

119 2011 348 2083 subscriptionum
361 2012 509 2084 Episcopus
533 2021 657 2066 natuerat
673 2016 722 2073 43,
746 2019 813 2085 quot
834 2027 928 2065 revera
953 2022 1030 2075 sunt,
1053 2013 1075 2067 si
1089 2011 1133 2067 Ba-

119 2095 216 2157 silium,
235 2096 361 2158 Marcum,
386 2096 558 2169 reliquosque
575 2097 788 2167 complectimur.
815 2096 943 2152 Socrates
960 2099 1129 2153 aritemc.31

118 2197 173 2234 non
197 2179 288 2251 plures
311 2197 389 2251 (piram
416 2184 452 2238 30
478 2198 538 2235 cum
562 2182 666 2241 scarie.
692 2181 807 2253 Georgia
825 2180 1020 2244 Alexandrino,
1044 2182 1130 2237 Granio

119 2274 147 2319 et
169 2264 288 2319 Eudoxio
318 2266 488 2337 conspirasse
518 2266 543 2320 in
573 2283 630 2320 eam
653 2266 794 2321 lornmlam
816 2266 915 2328 relect,
947 2277 979 2323 nt
1004 2268 1030 2322 iu
1054 2277 1130 2322 totum

119 2349 173 2403 siut
197 2352 245 2406 34.
277 2349 347 2404 Satis
371 2350 452 2422 igitur
474 2359 581 2406 coristat
604 2352 669 2405 lraec
692 2361 838 2423 postrema,
862 2342 941 2421 ὁμοῦ
964 2344 1131 2408 Ἔτιίσκοποι

117 2425 178 2508 py‘,
200 2434 341 2507 Epiplianii
364 2453 418 2490 non
442 2453 512 2500 esse,
536 2436 559 2490 si
582 2437 653 2491 lrunc
676 2436 709 2490 ab
733 2436 831 2491 erroris
854 2436 932 2507 eulpa
957 2437 1074 2492 liherare
1092 2455 1133 2491 re-

119 2519 213 2574 limus:
244 2537 332 2592 neque
355 2538 436 2592 porro
460 2522 564 2593 priores
588 2521 662 2584 ittos,
688 2521 827 2583 Basiliam,
850 2521 988 2583 llarcum,
1013 2522 1133 2595 llypatir-

119 2622 183 2659 num
205 2613 233 2659 et
256 2605 440 2661 Orcitlentales
463 2606 611 2678 Episcopos
633 2607 790 2661 Acacianam
815 2599 938 2660 ἔκθεσιν
961 2608 1131 2680 approbasse.

119 2689 207 2756 Quare
235 2699 282 2744 aut
310 2707 403 2744 eorum
437 2689 586 2745 inducenda
613 2691 735 2753 nomina,
771 2698 817 2745 aut
844 2689 880 2745 ita
910 2690 1059 2763 legendum
1087 2700 1130 2753 est,

117 2768 314 2849 γνωρίζουσιν
340 2767 367 2829 oi
396 2769 625 2850 ἐντυγχάνοντες
653 2778 690 2853 τῇ
718 2770 829 2844 πίστει,
858 2757 879 2852 ᾗ
901 2767 1130 2852 ὑπίγραψανοὶ

117 2850 280 2935 παρόντες,
310 2855 472 2926 Basileios
501 2868 552 2915 etc.
591 2856 639 2914 καὶ
668 2853 696 2914 oi
718 2858 852 2915 πλεῖστοι
877 2852 1060 2918 Ἔπίσκοοοι
1084 2863 1130 2934 τῆς

117 2938 241 3009 δύσεως.
272 2944 338 2998 Tum
364 2942 392 2998 Γ
391 2938 515 3020 stripping
533 2936 713 3010 Ἐπίσκοπος
735 2955 785 3000 ete.
817 2946 958 3002 Allrrmant
984 2949 1057 3002 enim
1071 2952 1131 3001 Ara-

117 3029 185 3083 ciani
208 3029 305 3084 editam
328 3048 344 3084 a
366 3048 395 3084 se
418 3030 479 3085 littei
503 3030 699 3085 consessionem
716 3047 775 3084 cum
793 3047 822 3085 ea
839 3032 999 3087 consentire
1016 3031 1130 3093 turmula,

116 3113 142 3167 in
167 3130 245 3184 ipram
270 3114 357 3169 Sirmii
381 3133 441 3169 cum
466 3114 590 3178 Valente,
616 3116 719 3170 Ursatio
743 3124 769 3169 et
793 3115 1016 3173 Bccitlentalilms
1040 3134 1129 3174 coure-

116 3214 181 3250 nere
205 3198 331 3261 Basilius,
364 3200 482 3261 llarcus,
514 3201 659 3272 Georgius,
689 3200 802 3271 aliique,
832 3218 901 3272 qnos
926 3201 1082 3257 Gerntinius
1106 3201 1129 3255 in

115 3280 244 3351 Epistula,
262 3300 330 3355 qaum
348 3283 417 3338 inter
433 3283 522 3339 llilarii
539 3285 686 3356 lralgmcnta
703 3285 844 3356 reperitur,
862 3299 1025 3342 enumerat:
1042 3301 1131 3359 nempe

116 3365 260 3438 Georgium
285 3367 499 3430 Aleaamlrinum,
524 3370 692 3424 l'anrratium
711 3370 877 3432 l'elnsinnm,
902 3371 1034 3427 Basilium
1049 3377 1132 3442 Ancy-

114 3466 219 3515 ranum,
244 3452 390 3515 Valentem,
416 3453 548 3509 Ursatium
573 3465 598 3509 et
617 3455 743 3509 llarrnm.
775 3455 951 3510 Restituenrla
976 3458 1049 3511 enim
1064 3456 1131 3510 l'au·

114 3536 190 3591 cratii
221 3555 270 3595 rou
298 3548 340 3593 est
367 3538 393 3592 in
417 3539 543 3594 Germinii
568 3539 701 3611 Epistola,
731 3539 778 3594 ubi
805 3540 840 3595 ita
864 3540 1000 3611 scriptum
1025 3552 1078 3598 est:
1104 3546 1128 3592 rt

116 3617 236 3691 Georpio
259 3622 399 3695 Episcopo
422 3623 678 3679 Alexandrinorum
700 3624 844 3680 Ecclesiae
863 3626 907 3660 ⁸³*
925 3625 1129 3682 Pelusiuorum.

112 3703 169 3758 lme
193 3723 255 3761 vero
279 3707 336 3762 lteri
368 3718 459 3781 potest
487 3717 518 3763 ut
539 3708 679 3781 llypatiani
702 3727 811 3782 quoqne
832 3725 933 3765 nornen
957 3727 972 3765 a
998 3710 1128 3767 Germiuio

114 3801 353 3846 eornmemoratum
377 3793 514 3848 exciderit.
544 3793 609 3848 Nam
625 3795 790 3868 Epiphanius
813 3795 838 3849 in
862 3793 936 3850 ealce
959 3812 1022 3868 cap.
1037 3797 1074 3853 22
1088 3795 1129 3848 in-

113 3881 155 3927 ter
178 3890 238 3937 eos,
263 3877 308 3947 qui
331 3877 470 3932 Sirmiensi
492 3878 623 3934 formulae
645 3879 882 3952 subscripserunt,
907 3879 1020 3936 affuisse
1044 3886 1128 3936 armat

112 3973 173 4013 cum
196 3960 309 4015 caeteris
331 3961 525 4035 llypatianum‚
549 3964 595 4037 qui
619 3964 763 4021 Heracleae
785 3965 834 4021 luit
856 3963 1021 4038 Episcopus,
1045 3965 1129 4021 nteit

111 4040 219 4100 Sozom.
237 4046 264 4110 6,
275 4047 302 4103 t.
334 4046 383 4104 Ubi
404 4045 493 4105 obiter
508 4048 691 4109 emendandus
707 4058 758 4116 est,
781 4051 845 4108 dum
860 4049 898 4107 rit
911 4049 1128 4112 Macedonianos
