2586 4822
494 845 665 898 anserino.
1026 835 1086 898 tott

61 999 155 1073 phanii
178 998 212 1056 ad
234 999 382 1057 liiodorum'
404 1001 564 1059 Tarsensem
586 1003 695 1059 missam
719 1002 829 1069 dixerit,
859 1020 920 1062 cnm
944 1016 1032 1064 tamen
1056 1023 1150 1069 eassn

61 1095 136 1142 esset
158 1085 242 1141 missa
264 1085 383 1143 [tiodorn
405 1086 477 1161 Tyri.

147 1170 183 1227 th
205 1171 330 1243 quidem,
353 1171 401 1227 ubi
423 1189 481 1228 rem
504 1172 659 1245 diligentius
682 1173 881 1245 expendamus,
910 1174 974 1232 licet
996 1194 1086 1252 noque

65 1266 134 1312 acus
166 1256 287 1312 auctoris
307 1255 463 1329 lipitomes,
491 1273 581 1331 nequo
602 1274 670 1330 gens
692 1266 815 1322 constet,
847 1275 936 1331 neque
959 1262 1085 1328 emditio,

68 1341 120 1396 cius
151 1351 244 1397 nmen
273 1341 462 1398 auctoritatem
489 1343 517 1398 in
547 1343 597 1398 hac
620 1359 649 1398 re
671 1359 763 1399 uonnc
785 1342 850 1400 illud
872 1346 986 1403 maxime
1008 1364 1087 1404 com-

69 1426 183 1490 mendat,
205 1427 279 1499 quod
301 1425 375 1482 nulla
397 1437 524 1483 occurrat
545 1427 629 1490 ratio,
654 1444 705 1500 qua
727 1426 773 1483 ille
796 1445 845 1501 pro
868 1429 986 1488 ltiodorn
1009 1432 1085 1490 Tarsi

70 1509 211 1568 lliodorum
234 1510 296 1584 Tyri
318 1510 521 1569 substitueret?
550 1512 692 1568 Facundus
715 1523 819 1576 contra,
843 1530 876 1569 eo
898 1531 953 1588 quo
977 1517 1086 1573 lercha-

74 1603 108 1650 tur
126 1594 222 1652 studio
242 1586 408 1661 insaniendi,¹
426 1597 473 1673 qui
489 1597 634 1654 Diodorum
651 1597 809 1653 Tarsensem
826 1600 1085 1668 commendaverint,

75 1680 137 1737 heile
159 1681 187 1737 in
211 1697 274 1737 eum
297 1698 417 1737 errorem
439 1683 529 1755 potuit
551 1681 613 1745 labi,
636 1681 663 1737 in
687 1698 767 1754 quem
789 1683 857 1739 alios
880 1684 980 1741 multos
1002 1687 1085 1743 simili

77 1767 151 1823 studio
175 1765 304 1844 abreptos
326 1766 475 1840 scriptores
497 1767 589 1841 lapsos
611 1767 727 1830 scimus,
751 1768 885 1824 referendi
908 1769 1033 1827 nimirum
1056 1774 1084 1829 in

80 1867 135 1916 eum,
157 1868 238 1925 quem
263 1851 452 1908 commendare
475 1852 617 1917 studebat,
644 1852 774 1926 quidquid
798 1855 930 1926 repererit
952 1856 1083 1929 seriptum

82 1934 99 1990 in
115 1937 374 1992 commendationem
398 1937 527 2011 episcopi,
551 1937 597 2013 qui
621 1937 803 2009 appellaretur
826 1938 969 1996 Diodorus.
1000 1941 1083 1999 Prae-

10 2067 11 2075 ,
83 2023 167 2079 sentius
182 2021 310 2079 Facundo
333 2021 416 2078 luisse
438 2021 544 2078 ridetur
565 2022 726 2097 periculum,
750 2024 822 2097 quod
838 2024 897 2079 eius
913 2036 1001 2084 aetate
1018 2027 1084 2084 llio·

10 2162 13 2172 ,
84 2103 146 2162 lorus
168 2105 230 2180 Tyri
252 2106 341 2163 rninus
364 2106 486 2163 fortassis
508 2117 591 2164 notus
615 2118 688 2172 erat,
717 2123 778 2163 cum
801 2107 934 2165 lliodorus
958 2110 1032 2167 Tarsi
1054 2113 1082 2168 in

85 2205 115 2263 ora
132 2191 271 2247 hominum
295 2189 416 2248 volitaret
441 2191 552 2249 maxima
575 2193 682 2267 quidem
708 2209 767 2248 cum
792 2191 957 2258 celebritate,
981 2196 1038 2253 aliis
1055 2206 1082 2253 et

85 2272 170 2332 doctum
187 2286 215 2333 et
229 2277 303 2349 pium
319 2275 547 2349 praedicantibus,
564 2276 622 2333 aliis
638 2296 700 2334 vero
716 2278 747 2332 ad
765 2279 822 2333 eius
839 2279 954 2336 nominis
970 2282 1083 2337 ‹lamna-

85 2357 162 2416 tioncm
184 2359 378 2425 adnitentibus,
401 2361 474 2435 quod
496 2362 631 2419 Theodori
646 2363 829 2436 llopsuesteni
853 2372 880 2419 et
896 2363 1012 2422 Nestorii
1036 2384 1082 2422 er-

10 2482 17 2499 .
85 2443 169 2501 roribus
191 2445 352 2520 praetulisse
374 2446 458 2503 lacem
482 2448 675 2504 existimarent„
1141 2506 1146 2518 ,

145 2531 197 2587 Sed
221 2532 288 2587 haec
310 2547 401 2587 errare
422 2533 545 2605 potuisse
561 2532 725 2596 Facundum,
750 2533 900 2605 etquidem
916 2534 1001 2597 tacite,
1025 2551 1082 2594 non

10 2652 18 2665 .
85 2622 151 2671 anum
173 2616 246 2690 quod
268 2633 362 2672 revera
384 2617 513 2673 erraverit
535 2618 723 2690 comprobant.
753 2617 800 2672 llis
819 2619 925 2690 positis,
950 2620 1083 2675 evincitur

10 2725 15 2763 ι,
85 2695 102 2751 il
117 2717 143 2756 en
163 2702 325 2759 auctoritate
347 2701 470 2758 codicum
492 2701 635 2775 Epitomen
658 2703 720 2758 libri
742 2701 882 2775 Epiplronii
904 2703 946 2758 De
967 2706 1082 2774 geminis

85 2787 267 2851 continentium,
291 2787 336 2860 qui
360 2787 524 2843 unanimiter
545 2788 577 2842 ad
593 2788 739 2843 Diodorum
756 2787 817 2860 Tyri
840 2805 901 2844 esse
923 2789 996 2844 illum
1013 2789 1083 2845 mis-

85 2884 125 2925 snn
151 2889 200 2930 nos
222 2871 333 2929 docent.
378 2871 560 2928 confirmatur
581 2874 694 2946 insuper
714 2872 886 2945 plenissime,
916 2873 988 2947 quod
1011 2891 1082 2931 con·
1153 2877 1154 2880 ’

83 2951 160 3013 intare
185 2957 280 3021 liceat,
311 2966 340 3013 et
364 2957 513 3013 ‘accedente
536 2957 684 3030 Epitomes
700 2958 862 3014 auctoritate
892 2958 948 3015 iere
970 2959 1081 3017 evidens

82 3039 117 3101 rit,
140 3051 221 3115 prout
250 3051 344 3098 censet
367 3041 569 3107 Tillemontius,
598 3043 630 3099 ad
654 3044 777 3100 eumdem
802 3043 947 3100 lliodnrum
970 3032 1089 3102 missam'
1142 3104 1144 3108 Α

82 3137 125 3181 tue
144 3127 284 3201 Epiphanii
313 3126 468 3200 epistolam,
499 3127 532 3182 ad
561 3144 641 3201 quem
671 3128 738 3183 aliae
767 3127 827 3184 rllae
856 3130 925 3185 duae
947 3131 1082 3203 epistolae

78 3212 205 3279 pertinent,
229 3212 355 3268 nimirum
370 3212 506 3267 Athanasii
527 3223 557 3269 et
579 3213 768 3286 episcoporum
784 3215 907 3287 Aegypti,
931 3215 1080 3288 dequibus

77 3306 136 3354 certe
156 3300 222 3354 satis
244 3304 351 3354 constat
372 3297 405 3352 ad
420 3297 567 3352 lliodorum
585 3298 646 3371 l'yri
669 3300 814 3372 pertinere.
844 3299 903 3356 Stat
925 3300 952 3355 in
976 3317 1009 3356 co
1028 3301 1079 3357 ha-

73 3394 120 3437 ran
147 3381 321 3456 epistolarum
350 3392 379 3439 ct
408 3381 539 3455 epistolae
560 3382 701 3456 Epiphanii
724 3385 925 3449 convenientia,
955 3386 1028 3458 qued
1051 3387 1078 3441 in

73 3466 173 3538 epistola
200 3467 390 3541 episcoporum
414 3468 542 3540 Aegypti,
573 3485 680 3524 necnon
708 3468 735 3524 in
761 3469 845 3524 altera
867 3469 938 3525 Petri
960 3470 1080 3527 Alexim·

70 3551 137 3617 drini,
161 3561 216 3607 tam
231 3552 403 3616 Athanasius,
426 3568 506 3625 quam
521 3552 687 3626 Epiphanius
705 3570 766 3609 eum
783 3554 900 3610 Diodoro
916 3554 971 3620 illo,
995 3573 1146 3630 queruntur

68 3638 215 3710 episcopum
232 3636 292 3710 Tyri
317 3653 378 3693 esse
400 3654 450 3710 pro
473 3646 548 3692 ccrto
571 3637 675 3703 damus,
698 3656 752 3695 una
769 3639 850 3695 simul
864 3641 1077 3714 coniunguntur,

65 3720 105 3778 ubi
132 3723 252 3796 episcopi
282 3721 319 3779 illi
348 3732 542 3786 recensentur,
571 3722 671 3796 quibus
699 3723 878 3796 Apollinarius
907 3727 1078 3782 anathemate

63 3822 140 3864 ausus
168 3816 211 3864 cst
232 3807 399 3865 comminari.
444 3807 546 3880 h'empe
568 3808 631 3864 hino
655 3808 800 3865 lliodorum
824 3810 885 3883 Tyri
908 3820 936 3866 et
952 3810 1078 3888 'Epipho-

60 3894 130 3948 nium
153 3893 256 3949 amicos
269 3892 354 3949 luisse
369 3893 553 3966 intelligimus,
577 3903 604 3950 et
619 3894 646 3949 in
663 3895 756 3951 eadem
772 3896 888 3952 lectione
903 3896 1077 3957 coniunctos,

58 3979 208 4052 isdemque
230 3976 361 4035 obnoxios
383 3977 521 4052 periculis.

139 4064 203 4120 Atini
226 4081 290 4120 vero
313 4064 380 4120 hacc
394 4063 503 4120 biodori
526 4063 647 4139 episcopi
664 4064 725 4138 Tyri
748 4082 809 4127 cum
826 4063 975 4139 Epiphanio
994 4062 1077 4119 animi

52 4149 212 4207 coniunctio
233 4149 413 4224 nescioquid
435 4149 463 4206 in
485 4158 602 4206 mentem
625 4160 744 4238 revocat,
766 4151 840 4224 quod
867 4158 933 4222 puto
948 4147 1075 4222 equidem
1135 4152 1138 4161 '
