<?xml version="1.0" encoding="UTF-8"?>
<!DOCTYPE html PUBLIC "-//W3C//DTD XHTML 1.0 Transitional//EN"
    "http://www.w3.org/TR/xhtml1/DTD/xhtml1-transitional.dtd">
<html xmlns="http://www.w3.org/1999/xhtml" xml:lang="en" lang="en">
 <head>
  <title>
</title>
<meta http-equiv="Content-Type" content="text/html;charset=utf-8" />
  <meta name='ocr-system' content='tesseract 3.04.00' />
  <meta name='ocr-capabilities' content='ocr_page ocr_carea ocr_par ocr_line ocrx_word'/>
</head>
<body>
  <div class='ocr_page' id='page_1' title='image "./opera02dindgoog_0691.png"; bbox 0 0 2586 4822; ppageno 0'>
   <div class='ocr_carea' id='block_1_1' title="bbox 435 809 1102 905">
    <p class='ocr_par' dir='ltr' id='par_1_1' title="bbox 435 809 1102 905">
     <span class='ocr_line' id='line_1_1' title="bbox 435 809 1102 905; baseline 0.015 -32"><span class='ocrx_word' id='word_1_1' title='bbox 435 821 725 877; x_wconf 76' lang='lat' dir='ltr'><strong>tuturomesones.</strong></span> <span class='ocrx_word' id='word_1_2' title='bbox 747 897 751 905; x_wconf 82' lang='lat'>.</span> <span class='ocrx_word' id='word_1_3' title='bbox 1032 809 1102 899; x_wconf 52' lang='lat'><strong>292⁵</strong></span> 
     </span>
    </p>
   </div>
   <div class='ocr_carea' id='block_1_2' title="bbox 42 974 1092 2410">
    <p class='ocr_par' dir='ltr' id='par_1_2' title="bbox 66 974 1092 1223">
     <span class='ocr_line' id='line_1_2' title="bbox 66 974 1092 1055; baseline 0.008 -24"><span class='ocrx_word' id='word_1_4' title='bbox 66 974 238 1043; x_wconf 75' lang='lat' dir='ltr'><strong>imitaretur,</strong></span> <span class='ocrx_word' id='word_1_5' title='bbox 267 977 456 1055; x_wconf 72' lang='lat' dir='ltr'><strong>cognominem</strong></span> <span class='ocrx_word' id='word_1_6' title='bbox 485 977 557 1035; x_wconf 82' lang='lat' dir='ltr'><strong>ithus</strong></span> <span class='ocrx_word' id='word_1_7' title='bbox 586 977 717 1053; x_wconf 77' lang='lat' dir='ltr'><strong>Apostolo</strong></span> <span class='ocrx_word' id='word_1_8' title='bbox 745 978 907 1052; x_wconf 80' lang='lat' dir='ltr'><strong>discipulum</strong></span> <span class='ocrx_word' id='word_1_9' title='bbox 934 979 963 1036; x_wconf 87' lang='lat' dir='ltr'><strong>itt</strong></span> <span class='ocrx_word' id='word_1_10' title='bbox 989 979 1092 1039; x_wconf 87' lang='lat' dir='ltr'><strong>indiam</strong></span> 
     </span>
     <span class='ocr_line' id='line_1_3' title="bbox 66 1058 1092 1141; baseline 0.007 -24"><span class='ocrx_word' id='word_1_11' title='bbox 66 1058 203 1135; x_wconf 73' lang='lat' dir='ltr'><strong>allegavit.</strong></span> <span class='ocrx_word' id='word_1_12' title='bbox 249 1058 349 1119; x_wconf 79' lang='lat' dir='ltr'><strong>Verani</strong></span> <span class='ocrx_word' id='word_1_13' title='bbox 377 1062 458 1120; x_wconf 86' lang='lat' dir='ltr'><strong>etiam</strong></span> <span class='ocrx_word' id='word_1_14' title='bbox 480 1063 549 1120; x_wconf 84' lang='lat' dir='ltr'><strong>inira</strong></span> <span class='ocrx_word' id='word_1_15' title='bbox 569 1080 594 1121; x_wconf 85' lang='lat' dir='ltr'><strong>c.-</strong></span> <span class='ocrx_word' id='word_1_16' title='bbox 612 1066 651 1123; x_wconf 78' lang='lat' dir='ltr'><strong>at</strong></span> <span class='ocrx_word' id='word_1_17' title='bbox 675 1063 804 1121; x_wconf 82' lang='lat' dir='ltr'><strong>Thomam</strong></span> <span class='ocrx_word' id='word_1_18' title='bbox 827 1063 909 1121; x_wconf 87' lang='lat' dir='ltr'><strong>istum</strong></span> <span class='ocrx_word' id='word_1_19' title='bbox 932 1063 1092 1141; x_wconf 72' lang='lat' dir='ltr'><strong>Pseudope-</strong></span> 
     </span>
     <span class='ocr_line' id='line_1_4' title="bbox 66 1144 658 1243; baseline 0.007 -42"><span class='ocrx_word' id='word_1_20' title='bbox 66 1145 201 1203; x_wconf 79' lang='lat' dir='ltr'><strong>stolum</strong></span> <span class='ocrx_word' id='word_1_21' title='bbox 194 1163 221 1201; x_wconf 91' lang='lat' dir='ltr'><strong>m</strong></span> <span class='ocrx_word' id='word_1_22' title='bbox 244 1144 347 1243; x_wconf 70' lang='lat' dir='ltr'><strong>Syriam</strong></span> <span class='ocrx_word' id='word_1_23' title='bbox 369 1147 531 1205; x_wconf 88' lang='lat' dir='ltr'><strong>destinatum</strong></span> <span class='ocrx_word' id='word_1_24' title='bbox 554 1147 658 1205; x_wconf 79' lang='lat' dir='ltr'><strong>scribit.</strong></span> 
     </span>
    </p>

    <p class='ocr_par' dir='ltr' id='par_1_3' title="bbox 65 1222 1090 1374">
     <span class='ocr_line' id='line_1_5' title="bbox 156 1222 1090 1309; baseline 0.005 -21"><span class='ocrx_word' id='word_1_25' title='bbox 156 1223 236 1306; x_wconf 71' lang='lat' dir='ltr'><strong>iheya</strong></span> <span class='ocrx_word' id='word_1_26' title='bbox 265 1222 345 1307; x_wconf 48' lang='grc' dir='ltr'><strong>δὴ(</strong></span> <span class='ocrx_word' id='word_1_27' title='bbox 332 1226 442 1289; x_wconf 76' lang='grc' dir='ltr'>ιαυτόν</span> <span class='ocrx_word' id='word_1_28' title='bbox 469 1225 485 1290; x_wconf 98' lang='lat'><strong><em>5</em></strong></span> <span class='ocrx_word' id='word_1_29' title='bbox 508 1227 635 1308; x_wconf 82' lang='grc' dir='ltr'><strong><em>Μάνης]</em></strong></span> <span class='ocrx_word' id='word_1_30' title='bbox 680 1234 736 1291; x_wconf 89' lang='lat' dir='ltr'><strong>imo</strong></span> <span class='ocrx_word' id='word_1_31' title='bbox 759 1242 787 1291; x_wconf 81' lang='lat' dir='ltr'><strong>ct</strong></span> <span class='ocrx_word' id='word_1_32' title='bbox 810 1233 946 1293; x_wconf 79' lang='lat' dir='ltr'>Christum</span> <span class='ocrx_word' id='word_1_33' title='bbox 969 1234 1090 1309; x_wconf 86' lang='lat' dir='ltr'><strong>seipsum</strong></span> 
     </span>
     <span class='ocr_line' id='line_1_6' title="bbox 65 1315 392 1374; baseline 0 -2"><span class='ocrx_word' id='word_1_34' title='bbox 65 1332 131 1373; x_wconf 87' lang='lat' dir='ltr'><strong>esse</strong></span> <span class='ocrx_word' id='word_1_35' title='bbox 154 1315 232 1372; x_wconf 78' lang='lat' dir='ltr'><strong>chit:</strong></span> <span class='ocrx_word' id='word_1_36' title='bbox 257 1316 392 1374; x_wconf 82' lang='lat' dir='ltr'><strong>Theodor.</strong></span> 
     </span>
    </p>

    <p class='ocr_par' dir='ltr' id='par_1_4' title="bbox 65 1394 1089 2242">
     <span class='ocr_line' id='line_1_7' title="bbox 158 1394 1088 1481; baseline 0.001 -21"><span class='ocrx_word' id='word_1_37' title='bbox 158 1402 258 1460; x_wconf 78' lang='lat'><strong>6360</strong></span> <span class='ocrx_word' id='word_1_38' title='bbox 287 1395 477 1475; x_wconf 80' lang='grc' dir='ltr'><em>Ἰάκωβοςὸ</em></span> <span class='ocrx_word' id='word_1_39' title='bbox 500 1394 580 1481; x_wconf 77' lang='grc' dir='ltr'><em>ξύλῳ</em></span> <span class='ocrx_word' id='word_1_40' title='bbox 602 1397 737 1479; x_wconf 75' lang='grc' dir='ltr'><strong>πληγείς]</strong></span> <span class='ocrx_word' id='word_1_41' title='bbox 781 1401 1088 1477; x_wconf 75' lang='lat' dir='ltr'><strong>hierosolymitanorum</strong></span> 
     </span>
     <span class='ocr_line' id='line_1_8' title="bbox 67 1484 1088 1560; baseline 0.004 -19"><span class='ocrx_word' id='word_1_42' title='bbox 67 1486 226 1543; x_wconf 77' lang='lat' dir='ltr'><strong>Antistitum</strong></span> <span class='ocrx_word' id='word_1_43' title='bbox 252 1484 391 1560; x_wconf 80' lang='lat' dir='ltr'><strong>catologus</strong></span> <span class='ocrx_word' id='word_1_44' title='bbox 418 1489 469 1545; x_wconf 87' lang='lat' dir='ltr'><strong>iste</strong></span> <span class='ocrx_word' id='word_1_45' title='bbox 498 1505 529 1544; x_wconf 83' lang='lat' dir='ltr'><strong>er</strong></span> <span class='ocrx_word' id='word_1_46' title='bbox 552 1487 661 1545; x_wconf 85' lang='lat' dir='ltr'><strong>Eusebii</strong></span> <span class='ocrx_word' id='word_1_47' title='bbox 685 1486 819 1545; x_wconf 83' lang='lat' dir='ltr'><strong>Chronico</strong></span> <span class='ocrx_word' id='word_1_48' title='bbox 849 1499 876 1544; x_wconf 88' lang='lat' dir='ltr'><strong>et</strong></span> <span class='ocrx_word' id='word_1_49' title='bbox 899 1487 1014 1545; x_wconf 79' lang='lat' dir='ltr'>Historia</span> <span class='ocrx_word' id='word_1_50' title='bbox 1037 1489 1088 1545; x_wconf 87' lang='lat' dir='ltr'><strong>‹le-</strong></span> 
     </span>
     <span class='ocr_line' id='line_1_9' title="bbox 67 1561 1089 1647; baseline 0.002 -19"><span class='ocrx_word' id='word_1_51' title='bbox 67 1561 189 1644; x_wconf 87' lang='lat' dir='ltr'><strong>scriptus</strong></span> <span class='ocrx_word' id='word_1_52' title='bbox 217 1582 273 1639; x_wconf 88' lang='lat' dir='ltr'><strong>est,</strong></span> <span class='ocrx_word' id='word_1_53' title='bbox 307 1588 387 1647; x_wconf 80' lang='lat' dir='ltr'><strong>quern</strong></span> <span class='ocrx_word' id='word_1_54' title='bbox 416 1582 443 1628; x_wconf 90' lang='lat' dir='ltr'><strong>et</strong></span> <span class='ocrx_word' id='word_1_55' title='bbox 469 1572 676 1629; x_wconf 76' lang='lat' dir='ltr'><strong>Alexandrinum</strong></span> <span class='ocrx_word' id='word_1_56' title='bbox 706 1572 859 1630; x_wconf 75' lang='lat' dir='ltr'>chronicon</span> <span class='ocrx_word' id='word_1_57' title='bbox 888 1583 915 1629; x_wconf 91' lang='lat' dir='ltr'><strong>et</strong></span> <span class='ocrx_word' id='word_1_58' title='bbox 943 1570 1089 1647; x_wconf 82' lang='lat' dir='ltr'><strong>Nicephori</strong></span> 
     </span>
     <span class='ocr_line' id='line_1_10' title="bbox 67 1655 1088 1732; baseline 0.003 -21"><span class='ocrx_word' id='word_1_59' title='bbox 67 1656 182 1730; x_wconf 85' lang='lat' dir='ltr'><strong>perinde</strong></span> <span class='ocrx_word' id='word_1_60' title='bbox 199 1656 351 1714; x_wconf 78' lang='lat' dir='ltr'><strong>chronicon</strong></span> <span class='ocrx_word' id='word_1_61' title='bbox 374 1657 491 1714; x_wconf 82' lang='lat' dir='ltr'><strong>exhibet.</strong></span> <span class='ocrx_word' id='word_1_62' title='bbox 519 1657 556 1714; x_wconf 82' lang='lat' dir='ltr'><strong>Ex</strong></span> <span class='ocrx_word' id='word_1_63' title='bbox 579 1657 678 1732; x_wconf 82' lang='lat' dir='ltr'><strong>quihus</strong></span> <span class='ocrx_word' id='word_1_64' title='bbox 701 1655 835 1720; x_wconf 88' lang='lat' dir='ltr'><strong>omnihus.</strong></span> <span class='ocrx_word' id='word_1_65' title='bbox 859 1659 911 1715; x_wconf 91' lang='lat' dir='ltr'><strong>hoo</strong></span> <span class='ocrx_word' id='word_1_66' title='bbox 927 1666 969 1714; x_wconf 86' lang='lat' dir='ltr'><strong>cst</strong></span> <span class='ocrx_word' id='word_1_67' title='bbox 984 1674 1015 1714; x_wconf 83' lang='lat' dir='ltr'><strong>ex</strong></span> <span class='ocrx_word' id='word_1_68' title='bbox 1030 1658 1088 1714; x_wconf 86' lang='lat' dir='ltr'><strong>Eu-</strong></span> 
     </span>
     <span class='ocr_line' id='line_1_11' title="bbox 67 1720 1087 1817; baseline 0.004 -21"><span class='ocrx_word' id='word_1_69' title='bbox 67 1740 187 1797; x_wconf 88' lang='lat' dir='ltr'><strong>sehianis</strong></span> <span class='ocrx_word' id='word_1_70' title='bbox 214 1741 335 1799; x_wconf 82' lang='lat' dir='ltr'><strong>fontibus</strong></span> <span class='ocrx_word' id='word_1_71' title='bbox 364 1742 546 1798; x_wconf 79' lang='lat' dir='ltr'><strong>emendandus</strong></span> <span class='ocrx_word' id='word_1_72' title='bbox 575 1752 617 1798; x_wconf 88' lang='lat' dir='ltr'><strong>est</strong></span> <span class='ocrx_word' id='word_1_73' title='bbox 644 1741 786 1817; x_wconf 80' lang='lat' dir='ltr'><strong>Epiphanii</strong></span> <span class='ocrx_word' id='word_1_74' title='bbox 813 1720 984 1805; x_wconf 75' lang='lat' dir='ltr'><strong>laterculus.</strong></span> <span class='ocrx_word' id='word_1_75' title='bbox 1015 1743 1087 1800; x_wconf 84' lang='lat' dir='ltr'><strong>vetut</strong></span> 
     </span>
     <span class='ocr_line' id='line_1_12' title="bbox 67 1825 1086 1900; baseline 0.003 -18"><span class='ocrx_word' id='word_1_76' title='bbox 67 1842 131 1882; x_wconf 85' lang='lat' dir='ltr'><strong>cunr</strong></span> <span class='ocrx_word' id='word_1_77' title='bbox 156 1827 264 1882; x_wconf 87' lang='lat' dir='ltr'><strong>tertium</strong></span> <span class='ocrx_word' id='word_1_78' title='bbox 288 1837 413 1883; x_wconf 89' lang='lat' dir='ltr'><strong>numerat</strong></span> <span class='ocrx_word' id='word_1_79' title='bbox 434 1828 535 1894; x_wconf 79' lang='lat' dir='ltr'><strong>laudam,</strong></span> <span class='ocrx_word' id='word_1_80' title='bbox 559 1828 604 1900; x_wconf 90' lang='lat' dir='ltr'><strong>qui</strong></span> <span class='ocrx_word' id='word_1_81' title='bbox 627 1827 660 1882; x_wconf 88' lang='lat' dir='ltr'><strong>ah</strong></span> <span class='ocrx_word' id='word_1_82' title='bbox 675 1825 793 1884; x_wconf 84' lang='lat' dir='ltr'><strong>Eusebio</strong></span> <span class='ocrx_word' id='word_1_83' title='bbox 817 1835 845 1883; x_wconf 87' lang='lat' dir='ltr'><strong>et</strong></span> <span class='ocrx_word' id='word_1_84' title='bbox 866 1827 979 1885; x_wconf 83' lang='lat' dir='ltr'><strong>caeteris</strong></span> <span class='ocrx_word' id='word_1_85' title='bbox 995 1828 1086 1885; x_wconf 79' lang='lat' dir='ltr'><strong>tuscus</strong></span> 
     </span>
     <span class='ocr_line' id='line_1_13' title="bbox 66 1910 1087 1986; baseline 0.002 -20"><span class='ocrx_word' id='word_1_86' title='bbox 66 1910 230 1984; x_wconf 89' lang='lat' dir='ltr'><strong>appellatur.</strong></span> <span class='ocrx_word' id='word_1_87' title='bbox 259 1912 326 1968; x_wconf 87' lang='lat' dir='ltr'><strong>item</strong></span> <span class='ocrx_word' id='word_1_88' title='bbox 350 1916 367 1969; x_wconf 82' lang='lat' dir='ltr'><strong>t</strong></span> <span class='ocrx_word' id='word_1_89' title='bbox 391 1912 532 1968; x_wconf 79' lang='lat' dir='ltr'><strong>Zacharias</strong></span> <span class='ocrx_word' id='word_1_90' title='bbox 553 1912 587 1968; x_wconf 89' lang='lat' dir='ltr'><strong>ah</strong></span> <span class='ocrx_word' id='word_1_91' title='bbox 609 1912 773 1986; x_wconf 81' lang='lat' dir='ltr'><strong>Epiphanio,</strong></span> <span class='ocrx_word' id='word_1_92' title='bbox 797 1911 830 1968; x_wconf 92' lang='lat' dir='ltr'><strong>ab</strong></span> <span class='ocrx_word' id='word_1_93' title='bbox 853 1911 911 1969; x_wconf 88' lang='lat' dir='ltr'><strong>aliis</strong></span> <span class='ocrx_word' id='word_1_94' title='bbox 930 1913 1087 1969; x_wconf 70' lang='lat' dir='ltr'><strong>Zacchaeus</strong></span> 
     </span>
     <span class='ocr_line' id='line_1_14' title="bbox 65 1994 1085 2073; baseline 0.004 -25"><span class='ocrx_word' id='word_1_95' title='bbox 65 2004 190 2052; x_wconf 81' lang='lat' dir='ltr'><strong>vocatur.</strong></span> <span class='ocrx_word' id='word_1_96' title='bbox 220 1995 291 2053; x_wconf 90' lang='lat' dir='ltr'><strong>Sunt</strong></span> <span class='ocrx_word' id='word_1_97' title='bbox 312 2006 339 2053; x_wconf 88' lang='lat' dir='ltr'><strong>et</strong></span> <span class='ocrx_word' id='word_1_98' title='bbox 361 1996 411 2053; x_wconf 87' lang='lat' dir='ltr'><strong>alia</strong></span> <span class='ocrx_word' id='word_1_99' title='bbox 434 1998 564 2070; x_wconf 83' lang='lat' dir='ltr'><strong>quaedam</strong></span> <span class='ocrx_word' id='word_1_100' title='bbox 587 1999 612 2053; x_wconf 89' lang='lat' dir='ltr'><strong>in</strong></span> <span class='ocrx_word' id='word_1_101' title='bbox 630 2007 693 2053; x_wconf 89' lang='lat' dir='ltr'><strong>nota</strong></span> <span class='ocrx_word' id='word_1_102' title='bbox 710 2008 862 2071; x_wconf 88' lang='lat' dir='ltr'><strong>temporum</strong></span> <span class='ocrx_word' id='word_1_103' title='bbox 877 1996 910 2053; x_wconf 88' lang='lat' dir='ltr'><strong>ah</strong></span> <span class='ocrx_word' id='word_1_104' title='bbox 926 1994 1085 2073; x_wconf 81' lang='lat' dir='ltr'><strong>Epiphanio.</strong></span> 
     </span>
     <span class='ocr_line' id='line_1_15' title="bbox 66 2080 1086 2155; baseline 0.001 -20"><span class='ocrx_word' id='word_1_105' title='bbox 66 2080 110 2137; x_wconf 89' lang='lat' dir='ltr'><strong>vel</strong></span> <span class='ocrx_word' id='word_1_106' title='bbox 132 2082 223 2153; x_wconf 90' lang='lat' dir='ltr'><strong>potius</strong></span> <span class='ocrx_word' id='word_1_107' title='bbox 246 2099 260 2136; x_wconf 89' lang='lat' dir='ltr'><strong>a</strong></span> <span class='ocrx_word' id='word_1_108' title='bbox 282 2080 391 2139; x_wconf 88' lang='lat' dir='ltr'><strong>librario</strong></span> <span class='ocrx_word' id='word_1_109' title='bbox 414 2084 566 2148; x_wconf 89' lang='lat' dir='ltr'><strong>commissa,</strong></span> <span class='ocrx_word' id='word_1_110' title='bbox 589 2099 659 2155; x_wconf 89' lang='lat' dir='ltr'><strong>quae</strong></span> <span class='ocrx_word' id='word_1_111' title='bbox 682 2090 711 2138; x_wconf 88' lang='lat' dir='ltr'><strong>nt</strong></span> <span class='ocrx_word' id='word_1_112' title='bbox 726 2083 876 2138; x_wconf 78' lang='lat' dir='ltr'><strong>accuratius</strong></span> <span class='ocrx_word' id='word_1_113' title='bbox 892 2080 1086 2155; x_wconf 76' lang='lat' dir='ltr'><strong>¹disquirantur,</strong></span> 
     </span>
     <span class='ocr_line' id='line_1_16' title="bbox 66 2165 1086 2242; baseline 0.002 -22"><span class='ocrx_word' id='word_1_114' title='bbox 66 2165 185 2239; x_wconf 89' lang='lat' dir='ltr'><strong>primurn</strong></span> <span class='ocrx_word' id='word_1_115' title='bbox 208 2183 223 2223; x_wconf 89' lang='lat' dir='ltr'><strong>e</strong></span> <span class='ocrx_word' id='word_1_116' title='bbox 245 2167 397 2242; x_wconf 85' lang='lat' dir='ltr'><strong>Nicephoro</strong></span> <span class='ocrx_word' id='word_1_117' title='bbox 421 2168 537 2224; x_wconf 88' lang='lat' dir='ltr'><strong>eundem</strong></span> <span class='ocrx_word' id='word_1_118' title='bbox 559 2167 634 2224; x_wconf 89' lang='lat' dir='ltr'><strong>illum</strong></span> <span class='ocrx_word' id='word_1_119' title='bbox 653 2166 809 2242; x_wconf 86' lang='lat' dir='ltr'><strong>Catalogunt</strong></span> <span class='ocrx_word' id='word_1_120' title='bbox 832 2182 894 2223; x_wconf 88' lang='lat' dir='ltr'><strong>cum</strong></span> <span class='ocrx_word' id='word_1_121' title='bbox 916 2166 1086 2240; x_wconf 83' lang='lat' dir='ltr'><strong>singulorum</strong></span> 
     </span>
    </p>

    <p class='ocr_par' dir='ltr' id='par_1_5' title="bbox 42 2249 1087 2410">
     <span class='ocr_line' id='line_1_17' title="bbox 42 2249 1087 2327; baseline 0.004 -22"><span class='ocrx_word' id='word_1_122' title='bbox 42 2249 226 2307; x_wconf 63' lang='lat' dir='ltr'><strong>metistitmn</strong></span> <span class='ocrx_word' id='word_1_123' title='bbox 254 2252 331 2308; x_wconf 88' lang='lat' dir='ltr'><strong>annis</strong></span> <span class='ocrx_word' id='word_1_124' title='bbox 355 2252 552 2318; x_wconf 76' lang='lat' dir='ltr'><strong>austribertus,</strong></span> <span class='ocrx_word' id='word_1_125' title='bbox 583 2262 612 2308; x_wconf 91' lang='lat' dir='ltr'><strong>nt</strong></span> <span class='ocrx_word' id='word_1_126' title='bbox 635 2261 661 2309; x_wconf 88' lang='lat' dir='ltr'><strong>et</strong></span> <span class='ocrx_word' id='word_1_127' title='bbox 683 2250 865 2327; x_wconf 86' lang='lat' dir='ltr'><strong>Nicephorum</strong></span> <span class='ocrx_word' id='word_1_128' title='bbox 888 2250 980 2309; x_wconf 86' lang='lat' dir='ltr'><strong>eadem</strong></span> <span class='ocrx_word' id='word_1_129' title='bbox 1003 2267 1087 2326; x_wconf 86' lang='lat' dir='ltr'><strong>opera</strong></span> 
     </span>
     <span class='ocr_line' id='line_1_18' title="bbox 62 2336 241 2410; baseline 0.011 -19"><span class='ocrx_word' id='word_1_130' title='bbox 62 2336 241 2410; x_wconf 78' lang='lat' dir='ltr'><strong>castigemus.</strong></span> 
     </span>
    </p>
   </div>
   <div class='ocr_carea' id='block_1_3' title="bbox 251 2492 913 2579">
    <p class='ocr_par' dir='ltr' id='par_1_6' title="bbox 251 2492 913 2579">
     <span class='ocr_line' id='line_1_19' title="bbox 251 2492 913 2579; baseline -0.003 -17"><span class='ocrx_word' id='word_1_131' title='bbox 251 2505 387 2562; x_wconf 83' lang='lat' dir='ltr'><strong>indiculus</strong></span> <span class='ocrx_word' id='word_1_132' title='bbox 411 2506 716 2578; x_wconf 73' lang='lat' dir='ltr'><strong>hierosolymitanorum</strong></span> <span class='ocrx_word' id='word_1_133' title='bbox 738 2492 913 2579; x_wconf 75' lang='lat' dir='ltr'><strong>antistitum.¹</strong></span> 
     </span>
    </p>
   </div>
   <div class='ocr_carea' id='block_1_4' title="bbox 809 2651 985 2714">
    <p class='ocr_par' dir='ltr' id='par_1_7' title="bbox 809 2651 985 2714">
     <span class='ocr_line' id='line_1_20' title="bbox 809 2651 985 2714; baseline -0.006 -14"><span class='ocrx_word' id='word_1_134' title='bbox 809 2652 878 2709; x_wconf 79' lang='lat' dir='ltr'><strong>Anni,</strong></span> <span class='ocrx_word' id='word_1_135' title='bbox 896 2651 985 2714; x_wconf 80' lang='lat' dir='ltr'><strong>quihus</strong></span> 
     </span>
    </p>
   </div>
   <div class='ocr_carea' id='block_1_5' title="bbox 519 2688 958 2771">
    <p class='ocr_par' dir='ltr' id='par_1_8' title="bbox 519 2688 958 2771">
     <span class='ocr_line' id='line_1_21' title="bbox 519 2688 958 2771; baseline -0.002 -1"><span class='ocrx_word' id='word_1_136' title='bbox 519 2688 631 2751; x_wconf 52' lang='lat' dir='ltr'><strong>Epi⁸⁰⁰pi</strong></span> <span class='ocrx_word' id='word_1_137' title='bbox 837 2720 958 2771; x_wconf 81' lang='lat' dir='ltr'><strong>scierunt.</strong></span> 
     </span>
    </p>
   </div>
   <div class='ocr_carea' id='block_1_6' title="bbox 371 2854 962 4144">
    <p class='ocr_par' dir='ltr' id='par_1_9' title="bbox 371 2854 962 4144">
     <span class='ocr_line' id='line_1_22' title="bbox 373 2854 950 2918; baseline -0.007 -2"><span class='ocrx_word' id='word_1_138' title='bbox 373 2861 485 2918; x_wconf 87' lang='lat' dir='ltr'><strong>lacohus</strong></span> <span class='ocrx_word' id='word_1_139' title='bbox 508 2859 612 2917; x_wconf 85' lang='lat' dir='ltr'><strong>Domini</strong></span> <span class='ocrx_word' id='word_1_140' title='bbox 636 2859 729 2915; x_wconf 78' lang='lat' dir='ltr'><strong>Frater</strong></span> <span class='ocrx_word' id='word_1_141' title='bbox 847 2854 925 2913; x_wconf 78' lang='lat' dir='ltr'><strong>xxvi</strong></span> <span class='ocrx_word' id='word_1_142' title='bbox 947 2860 950 2865; x_wconf 81' lang='grc'>’</span> 
     </span>
     <span class='ocr_line' id='line_1_23' title="bbox 373 2940 926 3020; baseline -0.011 -18"><span class='ocrx_word' id='word_1_143' title='bbox 373 2945 490 3020; x_wconf 82' lang='lat' dir='ltr'><strong>Symeon</strong></span> <span class='ocrx_word' id='word_1_144' title='bbox 514 2944 648 3018; x_wconf 84' lang='lat' dir='ltr'><strong>Cleophae</strong></span> <span class='ocrx_word' id='word_1_145' title='bbox 671 2944 700 3001; x_wconf 80' lang='lat' dir='ltr'><strong>F.</strong></span> <span class='ocrx_word' id='word_1_146' title='bbox 847 2940 926 2997; x_wconf 70' lang='lat' dir='ltr'><strong>xxm</strong></span> 
     </span>
     <span class='ocr_line' id='line_1_24' title="bbox 372 3024 878 3088; baseline -0.007 -1"><span class='ocrx_word' id='word_1_147' title='bbox 372 3031 462 3088; x_wconf 82' lang='lat' dir='ltr'><strong>iustus</strong></span> <span class='ocrx_word' id='word_1_148' title='bbox 650 3053 655 3062; x_wconf 95' lang='lat'><strong>·</strong></span> <span class='ocrx_word' id='word_1_149' title='bbox 847 3024 878 3083; x_wconf 90' lang='lat' dir='ltr'><strong>vl</strong></span> 
     </span>
     <span class='ocr_line' id='line_1_25' title="bbox 373 3108 952 3172; baseline -0.014 0"><span class='ocrx_word' id='word_1_150' title='bbox 373 3117 513 3172; x_wconf 88' lang='lat' dir='ltr'><strong>Zacharias</strong></span> <span class='ocrx_word' id='word_1_151' title='bbox 845 3108 879 3166; x_wconf 99' lang='grc' dir='ltr'><em>Ν</em></span> <span class='ocrx_word' id='word_1_152' title='bbox 948 3110 952 3119; x_wconf 91' lang='grc'><strong>’</strong></span> 
     </span>
     <span class='ocr_line' id='line_1_26' title="bbox 373 3194 962 3256; baseline -0.012 0"><span class='ocrx_word' id='word_1_153' title='bbox 373 3199 470 3256; x_wconf 79' lang='lat' dir='ltr'><strong>Tobios</strong></span> <span class='ocrx_word' id='word_1_154' title='bbox 846 3194 879 3251; x_wconf 89' lang='grc' dir='ltr'><em>Ν</em></span> <span class='ocrx_word' id='word_1_155' title='bbox 960 3202 962 3206; x_wconf 88' lang='grc'><strong>’</strong></span> 
     </span>
     <span class='ocr_line' id='line_1_27' title="bbox 374 3278 962 3349; baseline -0.009 -8"><span class='ocrx_word' id='word_1_156' title='bbox 374 3286 508 3341; x_wconf 78' lang='lat' dir='ltr'><strong>Beniamin</strong></span> <span class='ocrx_word' id='word_1_157' title='bbox 775 3342 778 3349; x_wconf 63' lang='grc'>,</span> <span class='ocrx_word' id='word_1_158' title='bbox 845 3280 867 3337; x_wconf 87' lang='grc' dir='ltr'><strong>ΙΙ</strong></span> <span class='ocrx_word' id='word_1_159' title='bbox 949 3278 962 3292; x_wconf 78' lang='grc'><strong>’“</strong></span> 
     </span>
     <span class='ocr_line' id='line_1_28' title="bbox 372 3366 906 3443; baseline -0.011 -17"><span class='ocrx_word' id='word_1_160' title='bbox 372 3372 485 3426; x_wconf 83' lang='lat' dir='ltr'><strong>loatnncs</strong></span> <span class='ocrx_word' id='word_1_161' title='bbox 842 3366 867 3436; x_wconf 85' lang='lat' dir='ltr'><strong>tl</strong></span> <span class='ocrx_word' id='word_1_162' title='bbox 903 3436 906 3443; x_wconf 33' lang='grc' dir='ltr'>Ι</span> 
     </span>
     <span class='ocr_line' id='line_1_29' title="bbox 372 3451 868 3513; baseline -0.008 -3"><span class='ocrx_word' id='word_1_163' title='bbox 372 3455 522 3513; x_wconf 75' lang='lat' dir='ltr'><strong>Matthaeus</strong></span> <span class='ocrx_word' id='word_1_164' title='bbox 846 3451 868 3506; x_wconf 91' lang='lat' dir='ltr'><strong>il</strong></span> 
     </span>
     <span class='ocr_line' id='line_1_30' title="bbox 373 3535 855 3613; baseline -0.012 -18"><span class='ocrx_word' id='word_1_165' title='bbox 373 3538 512 3613; x_wconf 81' lang='lat' dir='ltr'><strong>Phiiippus</strong></span> <span class='ocrx_word' id='word_1_166' title='bbox 665 3538 669 3545; x_wconf 82' lang='grc'><strong><em>’</em></strong></span> <span class='ocrx_word' id='word_1_167' title='bbox 846 3535 855 3589; x_wconf 94' lang='lat' dir='ltr'>l</span> 
     </span>
     <span class='ocr_line' id='line_1_31' title="bbox 372 3620 878 3681; baseline -0.014 0"><span class='ocrx_word' id='word_1_168' title='bbox 372 3624 475 3681; x_wconf 86' lang='lat' dir='ltr'><strong>Seneca</strong></span> <span class='ocrx_word' id='word_1_169' title='bbox 846 3620 878 3674; x_wconf 86' lang='grc' dir='ltr'><em>Ν</em></span> 
     </span>
     <span class='ocr_line' id='line_1_32' title="bbox 372 3704 878 3767; baseline -0.014 -1"><span class='ocrx_word' id='word_1_170' title='bbox 372 3710 462 3767; x_wconf 87' lang='lat' dir='ltr'><strong>iustus</strong></span> <span class='ocrx_word' id='word_1_171' title='bbox 845 3704 878 3759; x_wconf 90' lang='grc' dir='ltr'><em>Ν</em></span> 
     </span>
     <span class='ocr_line' id='line_1_33' title="bbox 373 3789 867 3851; baseline -0.014 -1"><span class='ocrx_word' id='word_1_172' title='bbox 373 3795 433 3851; x_wconf 79' lang='lat' dir='ltr'><strong>Levi</strong></span> <span class='ocrx_word' id='word_1_173' title='bbox 845 3789 867 3844; x_wconf 87' lang='lat' dir='ltr'><strong>lt</strong></span> 
     </span>
     <span class='ocr_line' id='line_1_34' title="bbox 372 3873 866 3953; baseline -0.014 -19"><span class='ocrx_word' id='word_1_174' title='bbox 372 3879 497 3953; x_wconf 86' lang='lat' dir='ltr'><strong>Ephraim</strong></span> <span class='ocrx_word' id='word_1_175' title='bbox 555 3936 560 3945; x_wconf 58' lang='grc'><em>,</em></span> <span class='ocrx_word' id='word_1_176' title='bbox 845 3873 866 3928; x_wconf 92' lang='lat'><strong>11</strong></span> 
     </span>
     <span class='ocr_line' id='line_1_35' title="bbox 371 3951 886 4038; baseline -0.014 -18"><span class='ocrx_word' id='word_1_177' title='bbox 371 3963 470 4038; x_wconf 88' lang='lat' dir='ltr'><strong>ioseph</strong></span> <span class='ocrx_word' id='word_1_178' title='bbox 846 3951 886 4013; x_wconf 82' lang='lat' dir='ltr'><strong>tl&#39;</strong></span> 
     </span>
     <span class='ocr_line' id='line_1_36' title="bbox 373 4043 867 4144; baseline -0.016 -38"><span class='ocrx_word' id='word_1_179' title='bbox 373 4048 450 4144; x_wconf 74' lang='lat' dir='ltr'><strong>iudas</strong></span> <span class='ocrx_word' id='word_1_180' title='bbox 847 4043 867 4098; x_wconf 90' lang='grc' dir='ltr'><strong>ΙΙ</strong></span> 
     </span>
    </p>
   </div>
   <div class='ocr_carea' id='block_1_7' title="bbox 0 0 1298 4822">
    <p class='ocr_par' dir='ltr' id='par_1_10' title="bbox 0 0 1298 4822">
     <span class='ocr_line' id='line_1_37' title="bbox 0 0 1298 4822; baseline 0 1"><span class='ocrx_word' id='word_1_181' title='bbox 0 0 1298 4822; x_wconf 95' lang='lat' dir='ltr'><strong> </strong></span> 
     </span>
    </p>
   </div>
  </div>
 </body>
</html>
