2586 4822
115 772 177 834 rto
561 783 682 833 ,euritii

116 941 224 998 Graecis
246 939 326 1012 vulgo
349 932 582 1011 Μαωμετισμὸς
603 936 761 1011 appellatur.
798 936 851 991 Sed
875 936 943 993 baec
965 938 1049 1010 longe
1070 936 1134 1011 Epi·

115 1026 207 1100 phanii
230 1022 396 1098 temporibus
419 1025 570 1079 recentiora
592 1020 707 1079 sortasse
723 1038 778 1077 non
793 1032 960 1094 congruunt.
994 1021 1134 1090 Quaeren-

116 1111 179 1166 dum
200 1109 283 1183 igitur
304 1107 428 1181 amplius.

200 1196 254 1267 τῆς
274 1212 306 1250 re
328 1194 390 1249 τῶν
411 1185 569 1264 Σκόπτων]
615 1192 674 1248 Non
697 1192 781 1256 male,
811 1200 842 1246 ut
864 1191 979 1263 opinor,
1009 1183 1134 1248 Σκάτων

115 1297 165 1353 pro
177 1270 324 1335 Σκόπτων
345 1278 525 1350 reposuimus.
555 1277 630 1334 Scoti
649 1277 682 1332 ab
705 1275 830 1350 Hispanis
852 1285 943 1331 ortmn
968 1275 1131 1333 habuerunt.

114 1369 149 1422 tt
170 1363 265 1420 Franci
287 1363 426 1436 Epiphanii
444 1366 578 1436 'tempore
606 1379 693 1436 prope
715 1361 840 1417 Rhenum
867 1360 939 1416 circa
966 1360 1079 1417 Frisium
1106 1369 1133 1418 et

114 1449 247 1505 Bataviam
269 1446 434 1503 babitabant.

201 1535 261 1590 tot
276 1532 302 1586 d.
333 1527 383 1586 καὶ
406 1524 478 1586 καθ’
495 1521 625 1605 ἑκάστην
645 1522 774 1606 ἡμέραν]
805 1529 872 1586 illud
893 1520 970 1596 ἴσως
986 1546 1039 1585 non
1056 1522 1132 1584 dao-

115 1616 246 1694 ρητικιῦς
266 1617 336 1671 sumi
357 1625 434 1688 puto,
457 1616 504 1671 sed
527 1616 596 1671 idem
620 1634 680 1673 esse
702 1625 784 1688 atque
806 1613 965 1686 aequaliter.
998 1615 1075 1682 Quod
1095 1615 1130 1671 ait

115 1693 187 1757 καθ’
204 1692 334 1775 ἑκάστην
354 1693 471 1776 ἡμέραν
493 1700 617 1757 lucernas
632 1701 740 1764 arsisse.
764 1702 797 1756 de
813 1708 902 1762 nocte,
927 1716 1000 1771 quae
1015 1697 1128 1772 νυχθη·

114 1779 209 1860 pdpov
231 1802 293 1859 pars
316 1795 367 1848 est,
391 1784 502 1840 dubium
525 1795 566 1841 est
588 1786 702 1842 nullum.
732 1784 786 1841 Sed
808 1793 899 1840 utrum
923 1785 1042 1840 interdiu
1057 1801 1126 1856 qno-

115 1888 168 1943 que
190 1870 307 1928 luxerint
329 1887 383 1926 non
406 1870 473 1926 adeo
496 1879 611 1927 constat.
642 1871 761 1944 Lyrauus
784 1879 811 1926 et
833 1868 981 1925 dbirlensis
1003 1870 1036 1925 ad
1053 1868 1120 1924 tint

114 1955 180 2029 Reg.
204 1965 287 2012 noctu
317 1956 418 2029 dinque
447 1955 546 2026 pariter
567 1957 666 2011 arsisse
688 1954 826 2018 scribunt,
850 1952 898 2008 sed
921 1964 1009 2010 noctu
1031 1954 1126 2026 plnres,

114 2041 148 2096 de
175 2041 218 2096 dic
241 2040 398 2113 pauciores,
428 2040 480 2095 boe
503 2049 560 2103 est,
590 2050 621 2096 ut
642 2040 774 2112 Iosephus
795 2039 892 2094 asserit
916 2042 945 2099 3,
964 2042 981 2096 9
1006 2049 1127 2110 quatuor.

115 2125 235 2193 Quorum
258 2124 349 2197 opinio
371 2125 536 2180 authoritate
558 2126 713 2198 Scripturas
736 2125 840 2180 nititur.
871 2122 898 2177 Si
921 2123 1033 2195 quidem
1051 2122 1127 2180 Exodi

117 2212 200 2271 30,8
224 2219 277 2264 tam
300 2225 378 2264 nrane
407 2209 534 2280 componi
565 2210 692 2265 lucernae
720 2225 800 2282 quam
822 2206 856 2262 ad
878 2224 1024 2280 vesperum
1047 2208 1127 2263 coilo-

115 2293 167 2349 cari
191 2293 326 2348 dicuntur.
374 2293 493 2361 Quootlo
516 2303 660 2366 componet
681 2296 827 2356 lucernas,
850 2293 983 2348 incendet
1003 2294 1082 2355 illud
1102 2300 1126 2345 et

115 2380 228 2451 quondo
257 2378 406 2434 collocabit
434 2396 482 2434 eos
511 2382 550 2435 nd
579 2395 725 2452 vesperem
746 2387 811 2441 etc..
842 2377 916 2449 ‹pirod
940 2377 1056 2450 intelligi
1075 2394 1123 2432 non

114 2473 219 2537 potest,
244 2464 265 2519 si
289 2480 398 2536 uespere
421 2464 550 2519 duntaxat
571 2464 680 2519 accendi
703 2463 827 2519 lucernas
849 2464 932 2517 moris
958 2462 1049 2517 tuerit.
1079 2461 1123 2517 l'e-

114 2565 173 2604 runr
203 2553 285 2605 noctu
314 2547 442 2604 duntaxat
469 2549 569 2605 luxisse
598 2549 741 2622 perspicue
770 2548 883 2604 docetur
905 2545 989 2602 Exodi
1015 2548 1063 2607 26.
1080 2549 1121 2609 21,

81 2648 88 2661 ‘
114 2633 160 2689 ubi
182 2633 216 2689 de
237 2633 346 2689 lucerna
367 2633 404 2689 ita
427 2633 634 2707 praescribitur:
657 2633 693 2689 Et
715 2633 892 2690 collocabunt
914 2648 980 2687 eum
994 2631 1123 2687 doronet

111 2720 165 2793 ptis·
193 2719 267 2782 eius,
295 2726 326 2772 ut
353 2735 439 2790 nsque
467 2735 549 2774 mone
577 2720 671 2774 laceat
698 2734 793 2773 coram
820 2716 959 2782 Decetiam,-
988 2717 1053 2773 th'
1074 2707 1120 2790 ἀφ’

114 2792 242 2879 ἑσπέρας
270 2796 325 2869 ἕως
351 2800 440 2878 πρωΐ.
484 2803 602 2876 ldipsurn
629 2813 658 2859 et
679 2820 711 2858 er
733 2801 775 2859 tt
804 2802 869 2874 lleg.
888 2804 952 2864 3,3
979 2801 1121 2858 deducitur.

113 2888 243 2943 Lucemo
265 2887 317 2942 Dei
339 2895 488 2959 antequam
510 2890 727 2960 colloqueretur,
749 2887 851 2959 inquit,
874 2885 992 2942 Samuel
1013 2887 1122 2942 dornic-

113 2974 161 3028 bnt
181 2974 213 3028 io
234 2974 334 3045 templo
357 2972 479 3041 boetici,
501 2975 549 3028 ubi
571 2981 633 3028 eret
654 2971 729 3028 drea
750 2972 812 3028 Dei.
843 2970 893 3039 Qui
915 2971 996 3026 locus
1019 2971 1123 3027 <dimin

113 3057 212 3114 Latinis
240 3056 378 3113 codicibus
407 3057 537 3113 mendose
564 3057 705 3132 legebatur
733 3058 784 3113 hoc
812 3056 908 3111 modo:
937 3054 1000 3111 Nec
1017 3061 1125 3130 poteret

112 3143 207 3197 nidere
229 3144 373 3197 lucentem
393 3142 446 3196 Dei
468 3150 618 3214 antequam
640 3145 856 3214 excoqueretur,
879 3140 1010 3196 adsersus
1033 3151 1061 3197 et
1075 3139 1125 3195 ile·

113 3222 229 3280 braicam
252 3225 330 3280 fidem
350 3235 378 3281 et
393 3226 555 3282 Graecorum
572 3228 831 3300 interpretationem.
862 3225 940 3293 Quod
957 3226 1052 3282 vitium
1066 3224 1123 3280 olirn

113 3308 164 3364 iam
187 3307 368 3364 subodoratus
391 3321 448 3366 crat
464 3312 583 3384 byranus
605 3321 633 3368 et
654 3330 668 3367 a
685 3312 822 3368 Clemente
838 3309 969 3366 Pontifice
987 3311 1124 3367 norissima

112 3392 271 3448 recensione
292 3392 428 3450 sublatum
451 3404 502 3452 cst.
542 3398 630 3465 Quare
652 3396 750 3452 trustra
774 3394 870 3451 Ribera
892 3405 990 3451 noster
1011 3395 1124 3453 itaer

112 3476 149 3532 ita
171 3476 309 3534 obsoletae
331 3477 394 3534 hnic
415 3479 524 3537 lectioni
547 3482 739 3554 patrocinatur,
762 3481 839 3555 quasi
861 3495 872 3537 n
895 3480 1124 3552 copuletirnmir

108 3560 235 3625 'Hebraeo
265 3561 411 3619 redundet:
440 3565 478 3620 Et
507 3583 564 3621 oon
588 3574 701 3638 poterat
728 3566 822 3620 nidere
850 3573 875 3618 et
897 3565 1046 3621 lucernam
1065 3564 1124 3623 bet

112 3645 165 3702 Sed
188 3663 235 3702 eos
252 3646 463 3706 Commentarios
485 3660 547 3707 ante
569 3652 764 3707 correctionem
780 3649 889 3722 scripsit
904 3647 1013 3706 Bibere.
1044 3649 1125 3705 Hortis

111 3746 175 3786 vero
198 3747 258 3786 cum
274 3730 402 3789 Hebraeis
429 3743 457 3789 et
471 3734 579 3790 Graecis
601 3736 687 3793 Latini
702 3735 809 3791 codices
824 3731 903 3788 verba
919 3733 975 3798 illa,
1000 3734 1125 3791 tecm

111 3813 224 3870 Domini
245 3824 395 3888 antequam
416 3819 633 3889 ecttnpueretor,
656 3819 733 3875 alteri
756 3817 881 3874 commati
904 3816 1040 3876 tribuunt.
1064 3817 1125 3875 itte·

112 3915 240 3973 ronymus
268 3901 294 3956 iu
317 3901 417 3958 Tradit.
440 3901 522 3959 llebr.
551 3904 624 3961 hunc
653 3905 741 3978 ipsum
769 3903 858 3959 loeurn
892 3902 1034 3961 declarans
1062 3902 1125 3958 baec

112 3983 219 4040 scribit:
248 3983 330 4053 Quod
349 4004 415 4042 cero
438 3987 495 4042 nit:
518 3998 544 4043 et
565 3997 715 4061 antequem
735 3991 853 4045 lucerna
873 3984 928 4042 Dei
951 3991 1124 4060 extimu-

110 4076 158 4127 ttrr
177 4071 208 4137 iit
229 4072 330 4146 templo
350 4069 473 4138 Deretini,
494 4074 544 4130 ool
564 4083 627 4131 ertu
643 4090 719 4141 orco
739 4072 802 4139 rtet,
824 4071 940 4131 &mel
960 4074 1123 4131 demebat·
