<?xml version="1.0" encoding="UTF-8"?>
<!DOCTYPE html PUBLIC "-//W3C//DTD XHTML 1.0 Transitional//EN"
    "http://www.w3.org/TR/xhtml1/DTD/xhtml1-transitional.dtd">
<html xmlns="http://www.w3.org/1999/xhtml" xml:lang="en" lang="en">
 <head>
  <title>
</title>
<meta http-equiv="Content-Type" content="text/html;charset=utf-8" />
  <meta name='ocr-system' content='tesseract 3.04.00' />
  <meta name='ocr-capabilities' content='ocr_page ocr_carea ocr_par ocr_line ocrx_word'/>
</head>
<body>
  <div class='ocr_page' id='page_1' title='image "./opera02dindgoog_0140.png"; bbox 0 0 2586 4822; ppageno 0'>
   <div class='ocr_carea' id='block_1_1' title="bbox 375 816 1125 886">
    <p class='ocr_par' dir='ltr' id='par_1_1' title="bbox 375 816 1125 886">
     <span class='ocr_line' id='line_1_1' title="bbox 375 816 1125 886; baseline 0.001 -4"><span class='ocrx_word' id='word_1_1' title='bbox 375 832 416 883; x_wconf 83' lang='lat' dir='ltr'><strong>ne</strong></span> <span class='ocrx_word' id='word_1_2' title='bbox 432 830 584 884; x_wconf 79' lang='lat' dir='ltr'><strong>aessens</strong></span> <span class='ocrx_word' id='word_1_3' title='bbox 603 832 640 884; x_wconf 83' lang='lat' dir='ltr'><strong>er</strong></span> <span class='ocrx_word' id='word_1_4' title='bbox 657 832 857 886; x_wconf 79' lang='lat' dir='ltr'><strong>innormans,</strong></span> <span class='ocrx_word' id='word_1_5' title='bbox 1067 816 1125 884; x_wconf 84' lang='lat' dir='ltr'><strong>tii</strong></span> 
     </span>
    </p>
   </div>
   <div class='ocr_carea' id='block_1_2' title="bbox 67 973 1183 4207">
    <p class='ocr_par' dir='ltr' id='par_1_2' title="bbox 67 973 1183 4207">
     <span class='ocr_line' id='line_1_2' title="bbox 110 973 1129 1086; baseline 0 -41"><span class='ocrx_word' id='word_1_6' title='bbox 110 980 244 1064; x_wconf 72' lang='grc' dir='ltr'><strong><em>ἀργύρια</em></strong></span> <span class='ocrx_word' id='word_1_7' title='bbox 268 977 419 1086; x_wconf 72' lang='grc' dir='ltr'><strong><em>συνήγετο</em></strong></span> <span class='ocrx_word' id='word_1_8' title='bbox 448 983 491 1057; x_wconf 71' lang='grc' dir='ltr'><strong>εἰς</strong></span> <span class='ocrx_word' id='word_1_9' title='bbox 516 979 694 1064; x_wconf 77' lang='grc' dir='ltr'>ἀπόδεσμον</span> <span class='ocrx_word' id='word_1_10' title='bbox 715 983 781 1047; x_wconf 68' lang='grc' dir='ltr'><strong><em>ἵνα·</em></strong></span> <span class='ocrx_word' id='word_1_11' title='bbox 810 983 859 1046; x_wconf 72' lang='grc' dir='ltr'><strong><em>καὶ</em></strong></span> <span class='ocrx_word' id='word_1_12' title='bbox 882 973 972 1056; x_wconf 72' lang='grc' dir='ltr'><strong><em>οὗτος</em></strong></span> <span class='ocrx_word' id='word_1_13' title='bbox 993 985 1129 1047; x_wconf 65' lang='grc' dir='ltr'><strong><em>ἐκαλεῖτο</em></strong></span> 
     </span>
     <span class='ocr_line' id='line_1_3' title="bbox 110 1065 1130 1176; baseline 0.001 -46"><span class='ocrx_word' id='word_1_14' title='bbox 110 1067 224 1151; x_wconf 40' lang='grc' dir='ltr'><strong><em>ρίὶηλις</em></strong></span> <span class='ocrx_word' id='word_1_15' title='bbox 266 1065 330 1130; x_wconf 77' lang='lat' dir='ltr'><strong>lim</strong></span> <span class='ocrx_word' id='word_1_16' title='bbox 360 1068 393 1130; x_wconf 71' lang='lat' dir='ltr'><strong>de*</strong></span> <span class='ocrx_word' id='word_1_17' title='bbox 414 1069 464 1129; x_wconf 81' lang='grc' dir='ltr'><strong><em>καί</em></strong></span> <span class='ocrx_word' id='word_1_18' title='bbox 488 1067 590 1151; x_wconf 63' lang='grc' dir='ltr'><strong><em>ἕτερος</em></strong></span> <span class='ocrx_word' id='word_1_19' title='bbox 612 1065 721 1151; x_wconf 74' lang='grc' dir='ltr'><strong><em>φόλλις</em></strong></span> <span class='ocrx_word' id='word_1_20' title='bbox 742 1067 952 1176; x_wconf 72' lang='grc' dir='ltr'><strong><em>διαφόρους</em></strong></span> <span class='ocrx_word' id='word_1_21' title='bbox 933 1093 1010 1148; x_wconf 80' lang='grc' dir='ltr'><strong><em>ιχιον</em></strong></span> <span class='ocrx_word' id='word_1_22' title='bbox 1032 1067 1130 1131; x_wconf 79' lang='lat' dir='ltr'><strong>nond·</strong></span> 
     </span>
     <span class='ocr_line' id='line_1_4' title="bbox 112 1148 1131 1260; baseline 0 -45"><span class='ocrx_word' id='word_1_23' title='bbox 112 1176 210 1233; x_wconf 78' lang='grc' dir='ltr'><strong><em>τιτας.</em></strong></span> <span class='ocrx_word' id='word_1_24' title='bbox 253 1148 316 1215; x_wconf 74' lang='lat' dir='ltr'><strong>dud</strong></span> <span class='ocrx_word' id='word_1_25' title='bbox 336 1151 397 1234; x_wconf 78' lang='grc' dir='ltr'><strong>γὰρ</strong></span> <span class='ocrx_word' id='word_1_26' title='bbox 420 1149 475 1214; x_wconf 75' lang='grc' dir='ltr'><strong>δύο</strong></span> <span class='ocrx_word' id='word_1_27' title='bbox 494 1153 626 1236; x_wconf 75' lang='grc' dir='ltr'><strong><em>χροιιίου</em></strong></span> <span class='ocrx_word' id='word_1_28' title='bbox 643 1152 797 1258; x_wconf 60' lang='lat' dir='ltr'><strong>drappis</strong></span> <span class='ocrx_word' id='word_1_29' title='bbox 780 1151 963 1260; x_wconf 79' lang='grc' dir='ltr'><strong><em>αρχόμενος,</em></strong></span> <span class='ocrx_word' id='word_1_30' title='bbox 986 1155 1029 1226; x_wconf 77' lang='grc' dir='ltr'><strong>είς</strong></span> <span class='ocrx_word' id='word_1_31' title='bbox 1048 1151 1131 1216; x_wconf 76' lang='grc' dir='ltr'><strong><em>ὀκτὼ</em></strong></span> 
     </span>
     <span class='ocr_line' id='line_1_5' title="bbox 113 1235 1130 1344; baseline 0.004 -46"><span class='ocrx_word' id='word_1_32' title='bbox 113 1236 214 1321; x_wconf 78' lang='grc' dir='ltr'><strong><em>προῄει</em></strong></span> <span class='ocrx_word' id='word_1_33' title='bbox 238 1237 318 1300; x_wconf 79' lang='grc' dir='ltr'><strong><em>κατὰ</em></strong></span> <span class='ocrx_word' id='word_1_34' title='bbox 340 1237 397 1318; x_wconf 74' lang='grc' dir='ltr'><strong>τὴν</strong></span> <span class='ocrx_word' id='word_1_35' title='bbox 428 1235 517 1312; x_wconf 77' lang='grc' dir='ltr'><strong><em>ἀξίαν</em></strong></span> <span class='ocrx_word' id='word_1_36' title='bbox 546 1239 595 1299; x_wconf 82' lang='grc' dir='ltr'><strong><em>καὶ</em></strong></span> <span class='ocrx_word' id='word_1_37' title='bbox 619 1235 673 1316; x_wconf 77' lang='grc' dir='ltr'><strong><em>τὴν</em></strong></span> <span class='ocrx_word' id='word_1_38' title='bbox 694 1236 840 1319; x_wconf 77' lang='grc' dir='ltr'><strong>εὐπορίαι</strong></span> <span class='ocrx_word' id='word_1_39' title='bbox 861 1246 922 1300; x_wconf 80' lang='grc' dir='ltr'><strong><em>τῶν</em></strong></span> <span class='ocrx_word' id='word_1_40' title='bbox 943 1235 1130 1344; x_wconf 69' lang='lat' dir='ltr'><strong>dneirpvpl-</strong></span> 
     </span>
     <span class='ocr_line' id='line_1_6' title="bbox 116 1312 1130 1403; baseline 0.001 -19"><span class='ocrx_word' id='word_1_41' title='bbox 116 1347 176 1384; x_wconf 83' lang='grc' dir='ltr'><strong><em>ιοιν.</em></strong></span> <span class='ocrx_word' id='word_1_42' title='bbox 222 1312 260 1383; x_wconf 91' lang='grc' dir='ltr'><strong>οι</strong></span> <span class='ocrx_word' id='word_1_43' title='bbox 281 1324 432 1402; x_wconf 63' lang='grc' dir='ltr'><strong><em>μέμνηται</em></strong></span> <span class='ocrx_word' id='word_1_44' title='bbox 455 1324 512 1401; x_wconf 69' lang='grc' dir='ltr'><strong>μὲν</strong></span> <span class='ocrx_word' id='word_1_45' title='bbox 534 1325 583 1384; x_wconf 75' lang='grc' dir='ltr'><strong><em>καί</em></strong></span> <span class='ocrx_word' id='word_1_46' title='bbox 603 1322 789 1401; x_wconf 59' lang='lat' dir='ltr'><strong>‘Hesperi</strong></span> <span class='ocrx_word' id='word_1_47' title='bbox 810 1321 1048 1403; x_wconf 77' lang='grc' dir='ltr'><strong><em>Ἰλλοιίστριος</em></strong></span> <span class='ocrx_word' id='word_1_48' title='bbox 1034 1349 1066 1385; x_wconf 85' lang='grc' dir='ltr'><strong>εν</strong></span> <span class='ocrx_word' id='word_1_49' title='bbox 1088 1349 1130 1385; x_wconf 84' lang='grc' dir='ltr'><strong>τοι</strong></span> 
     </span>
     <span class='ocr_line' id='line_1_7' title="bbox 111 1387 1130 1490; baseline 0.005 -24"><span class='ocrx_word' id='word_1_50' title='bbox 111 1416 239 1490; x_wconf 75' lang='grc' dir='ltr'><strong><em>χροιικῴ</em></strong></span> <span class='ocrx_word' id='word_1_51' title='bbox 263 1406 448 1487; x_wconf 76' lang='grc' dir='ltr'><strong><em>διαστήματι</em></strong></span> <span class='ocrx_word' id='word_1_52' title='bbox 473 1416 526 1487; x_wconf 79' lang='grc' dir='ltr'><strong><em>τῆς</em></strong></span> <span class='ocrx_word' id='word_1_53' title='bbox 547 1407 649 1487; x_wconf 77' lang='lat' dir='ltr'><strong>luropl</strong></span> <span class='ocrx_word' id='word_1_54' title='bbox 648 1432 698 1482; x_wconf 86' lang='grc' dir='ltr'><strong><em>ας,</em></strong></span> <span class='ocrx_word' id='word_1_55' title='bbox 724 1408 874 1488; x_wconf 82' lang='grc' dir='ltr'><strong><em>μίμνηται</em></strong></span> <span class='ocrx_word' id='word_1_56' title='bbox 897 1409 930 1470; x_wconf 75' lang='lat' dir='ltr'><strong>dl</strong></span> <span class='ocrx_word' id='word_1_57' title='bbox 953 1409 1003 1470; x_wconf 76' lang='grc' dir='ltr'><strong><em>καὶ</em></strong></span> <span class='ocrx_word' id='word_1_58' title='bbox 1030 1387 1130 1471; x_wconf 79' lang='grc' dir='ltr'><strong><em>Θαλί-</em></strong></span> 
     </span>
     <span class='ocr_line' id='line_1_8' title="bbox 116 1490 1131 1598; baseline 0.002 -47"><span class='ocrx_word' id='word_1_59' title='bbox 116 1495 229 1564; x_wconf 78' lang='grc' dir='ltr'><strong><em>ίαιος</em></strong></span> <span class='ocrx_word' id='word_1_60' title='bbox 215 1516 249 1554; x_wconf 81' lang='grc' dir='ltr'><strong><em>ιν</em></strong></span> <span class='ocrx_word' id='word_1_61' title='bbox 249 1492 360 1598; x_wconf 57' lang='lat' dir='ltr'><strong>appi</strong></span> <span class='ocrx_word' id='word_1_62' title='bbox 385 1490 519 1565; x_wconf 77' lang='grc' dir='ltr'><strong><em>διατάξει</em></strong></span> <span class='ocrx_word' id='word_1_63' title='bbox 543 1490 641 1571; x_wconf 58' lang='grc' dir='ltr'><strong><em>τοῦτο’</em></strong></span> <span class='ocrx_word' id='word_1_64' title='bbox 664 1496 778 1569; x_wconf 84' lang='grc' dir='ltr'><strong><em>τι’,τλιιυ</em></strong></span> <span class='ocrx_word' id='word_1_65' title='bbox 802 1517 856 1554; x_wconf 84' lang='grc' dir='ltr'><strong><em>του</em></strong></span> <span class='ocrx_word' id='word_1_66' title='bbox 873 1490 914 1571; x_wconf 62' lang='lat' dir='ltr'><strong>eff</strong></span> <span class='ocrx_word' id='word_1_67' title='bbox 928 1494 1053 1571; x_wconf 70' lang='grc' dir='ltr'><strong><em>βιβλιοιι</em></strong></span> <span class='ocrx_word' id='word_1_68' title='bbox 1069 1518 1131 1556; x_wconf 87' lang='grc' dir='ltr'><strong><em>των</em></strong></span> 
     </span>
     <span class='ocr_line' id='line_1_9' title="bbox 116 1575 1129 1662; baseline 0.001 -24"><span class='ocrx_word' id='word_1_69' title='bbox 116 1579 195 1638; x_wconf 73' lang='lat' dir='ltr'><strong>diod.</strong></span> <span class='ocrx_word' id='word_1_70' title='bbox 225 1600 347 1651; x_wconf 85' lang='grc' dir='ltr'><strong><em>οιιτινος</em></strong></span> <span class='ocrx_word' id='word_1_71' title='bbox 375 1576 523 1639; x_wconf 70' lang='grc' dir='ltr'><strong>τίτλονι</strong></span> <span class='ocrx_word' id='word_1_72' title='bbox 505 1602 525 1657; x_wconf 88' lang='grc' dir='ltr'><em>η</em></span> <span class='ocrx_word' id='word_1_73' title='bbox 552 1577 609 1657; x_wconf 77' lang='grc' dir='ltr'><strong>μίν</strong></span> <span class='ocrx_word' id='word_1_74' title='bbox 637 1603 657 1640; x_wconf 92' lang='grc' dir='ltr'><strong><em>α</em></strong></span> <span class='ocrx_word' id='word_1_75' title='bbox 658 1575 826 1652; x_wconf 77' lang='grc' dir='ltr'><strong><em>’διάταξις</em></strong></span> <span class='ocrx_word' id='word_1_76' title='bbox 846 1579 1003 1662; x_wconf 70' lang='lat' dir='ltr'><strong>d‘g‘elpiptln</strong></span> <span class='ocrx_word' id='word_1_77' title='bbox 1026 1579 1129 1657; x_wconf 66' lang='lat' dir='ltr'><strong>infil-</strong></span> 
     </span>
     <span class='ocr_line' id='line_1_10' title="bbox 116 1659 1130 1748; baseline 0.004 -27"><span class='ocrx_word' id='word_1_78' title='bbox 116 1667 173 1747; x_wconf 68' lang='grc' dir='ltr'><strong>βίῳ</strong></span> <span class='ocrx_word' id='word_1_79' title='bbox 197 1670 259 1725; x_wconf 82' lang='grc' dir='ltr'><strong><em>τῶν</em></strong></span> <span class='ocrx_word' id='word_1_80' title='bbox 281 1659 504 1724; x_wconf 82' lang='grc' dir='ltr'><strong><em>Βασιλικῶν’</em></strong></span> <span class='ocrx_word' id='word_1_81' title='bbox 478 1683 514 1739; x_wconf 83' lang='grc' dir='ltr'><strong>ς,</strong></span> <span class='ocrx_word' id='word_1_82' title='bbox 537 1663 676 1748; x_wconf 55' lang='lat' dir='ltr'><strong>adripit*</strong></span> <span class='ocrx_word' id='word_1_83' title='bbox 700 1667 806 1745; x_wconf 64' lang='lat' dir='ltr'><strong>uenat..</strong></span> <span class='ocrx_word' id='word_1_84' title='bbox 830 1661 872 1724; x_wconf 77' lang='grc' dir='ltr'><strong>δ’·</strong></span> <span class='ocrx_word' id='word_1_85' title='bbox 895 1660 1017 1743; x_wconf 56' lang='grc' dir='ltr'><strong>ηδίβ</strong></span> <span class='ocrx_word' id='word_1_86' title='bbox 1033 1687 1130 1746; x_wconf 80' lang='grc' dir='ltr'><strong><em>παρε-</em></strong></span> 
     </span>
     <span class='ocr_line' id='line_1_11' title="bbox 118 1744 1129 1830; baseline 0.001 -22"><span class='ocrx_word' id='word_1_87' title='bbox 118 1745 279 1830; x_wconf 71' lang='grc' dir='ltr'><strong><em>λιίρθη,</em></strong></span> <span class='ocrx_word' id='word_1_88' title='bbox 257 1771 299 1820; x_wconf 87' lang='grc' dir='ltr'><strong>αις</strong></span> <span class='ocrx_word' id='word_1_89' title='bbox 319 1747 414 1808; x_wconf 80' lang='grc' dir='ltr'><strong><em>πάλαι</em></strong></span> <span class='ocrx_word' id='word_1_90' title='bbox 437 1744 637 1827; x_wconf 59' lang='lat' dir='ltr'><strong>arnapi-Seruo</strong></span> <span class='ocrx_word' id='word_1_91' title='bbox 658 1748 742 1830; x_wconf 79' lang='grc' dir='ltr'><strong><em>παρὰ</em></strong></span> <span class='ocrx_word' id='word_1_92' title='bbox 758 1773 812 1811; x_wconf 87' lang='grc' dir='ltr'><strong><em>του</em></strong></span> <span class='ocrx_word' id='word_1_93' title='bbox 798 1750 916 1810; x_wconf 76' lang='grc' dir='ltr'><strong><em>θείου</em></strong></span> <span class='ocrx_word' id='word_1_94' title='bbox 932 1750 1129 1829; x_wconf 84' lang='grc' dir='ltr'><strong><em>Μαρκιανοῦ.</em></strong></span> 
     </span>
     <span class='ocr_line' id='line_1_12' title="bbox 192 1838 1130 1912; baseline -0.001 -18"><span class='ocrx_word' id='word_1_95' title='bbox 192 1838 332 1894; x_wconf 78' lang='lat' dir='ltr'>Hactenus</span> <span class='ocrx_word' id='word_1_96' title='bbox 355 1838 476 1894; x_wconf 83' lang='lat' dir='ltr'><strong>Glessae.</strong></span> <span class='ocrx_word' id='word_1_97' title='bbox 507 1839 579 1906; x_wconf 79' lang='lat' dir='ltr'><strong>Quas</strong></span> <span class='ocrx_word' id='word_1_98' title='bbox 602 1839 720 1895; x_wconf 77' lang='lat' dir='ltr'><strong>Aleiatus</strong></span> <span class='ocrx_word' id='word_1_99' title='bbox 742 1839 847 1902; x_wconf 84' lang='lat' dir='ltr'><strong>laudat</strong></span> <span class='ocrx_word' id='word_1_100' title='bbox 872 1857 903 1894; x_wconf 82' lang='lat' dir='ltr'><strong>ex</strong></span> <span class='ocrx_word' id='word_1_101' title='bbox 927 1855 1014 1912; x_wconf 88' lang='lat' dir='ltr'><strong>enque</strong></span> <span class='ocrx_word' id='word_1_102' title='bbox 1037 1839 1130 1894; x_wconf 88' lang='lat' dir='ltr'><strong>Ludo·</strong></span> 
     </span>
     <span class='ocr_line' id='line_1_13' title="bbox 119 1902 1129 1980; baseline 0 -2"><span class='ocrx_word' id='word_1_103' title='bbox 119 1923 180 1978; x_wconf 80' lang='lat' dir='ltr'><strong>dous</strong></span> <span class='ocrx_word' id='word_1_104' title='bbox 204 1902 317 1979; x_wconf 75' lang='lat' dir='ltr'><strong>lives</strong></span> <span class='ocrx_word' id='word_1_105' title='bbox 311 1941 338 1980; x_wconf 86' lang='grc' dir='ltr'><strong>ιιι</strong></span> <span class='ocrx_word' id='word_1_106' title='bbox 368 1923 518 1979; x_wconf 78' lang='lat' dir='ltr'><strong>comment.</strong></span> <span class='ocrx_word' id='word_1_107' title='bbox 544 1923 578 1978; x_wconf 90' lang='lat' dir='ltr'><strong>ad</strong></span> <span class='ocrx_word' id='word_1_108' title='bbox 599 1923 646 1979; x_wconf 89' lang='lat' dir='ltr'><strong>lib.</strong></span> <span class='ocrx_word' id='word_1_109' title='bbox 664 1926 702 1980; x_wconf 80' lang='lat'><strong>22</strong></span> <span class='ocrx_word' id='word_1_110' title='bbox 726 1924 759 1978; x_wconf 92' lang='lat' dir='ltr'><strong>de</strong></span> <span class='ocrx_word' id='word_1_111' title='bbox 782 1924 856 1980; x_wconf 85' lang='lat' dir='ltr'><strong>Civit.</strong></span> <span class='ocrx_word' id='word_1_112' title='bbox 881 1923 937 1978; x_wconf 87' lang='lat' dir='ltr'><strong>Dei.</strong></span> <span class='ocrx_word' id='word_1_113' title='bbox 961 1941 985 1979; x_wconf 87' lang='lat' dir='ltr'><strong>e.</strong></span> <span class='ocrx_word' id='word_1_114' title='bbox 1004 1926 1030 1980; x_wconf 85' lang='lat'><strong>3.</strong></span> <span class='ocrx_word' id='word_1_115' title='bbox 1075 1923 1129 1979; x_wconf 86' lang='lat' dir='ltr'><strong>Sed</strong></span> 
     </span>
     <span class='ocr_line' id='line_1_14' title="bbox 121 2007 1130 2083; baseline 0.002 -22"><span class='ocrx_word' id='word_1_116' title='bbox 121 2007 163 2063; x_wconf 85' lang='lat' dir='ltr'><strong>illie</strong></span> <span class='ocrx_word' id='word_1_117' title='bbox 184 2009 280 2064; x_wconf 87' lang='lat' dir='ltr'><strong>Latine</strong></span> <span class='ocrx_word' id='word_1_118' title='bbox 308 2011 441 2083; x_wconf 87' lang='lat' dir='ltr'><strong>quaedam</strong></span> <span class='ocrx_word' id='word_1_119' title='bbox 469 2025 564 2081; x_wconf 87' lang='lat' dir='ltr'><strong>parum</strong></span> <span class='ocrx_word' id='word_1_120' title='bbox 588 2025 714 2081; x_wconf 87' lang='lat' dir='ltr'><strong>expressa</strong></span> <span class='ocrx_word' id='word_1_121' title='bbox 737 2010 857 2073; x_wconf 86' lang='lat' dir='ltr'><strong>sineere,</strong></span> <span class='ocrx_word' id='word_1_122' title='bbox 891 2017 920 2064; x_wconf 92' lang='lat' dir='ltr'><strong>ut</strong></span> <span class='ocrx_word' id='word_1_123' title='bbox 942 2009 976 2063; x_wconf 87' lang='lat' dir='ltr'><strong>in·</strong></span> <span class='ocrx_word' id='word_1_124' title='bbox 991 2007 1130 2064; x_wconf 87' lang='lat' dir='ltr'><strong>mendosis</strong></span> 
     </span>
     <span class='ocr_line' id='line_1_15' title="bbox 120 2092 1129 2167; baseline 0.001 -20"><span class='ocrx_word' id='word_1_125' title='bbox 120 2093 309 2167; x_wconf 77' lang='lat' dir='ltr'><strong>exemplaribus</strong></span> <span class='ocrx_word' id='word_1_126' title='bbox 331 2092 442 2156; x_wconf 85' lang='lat' dir='ltr'><strong>accidit,</strong></span> <span class='ocrx_word' id='word_1_127' title='bbox 471 2110 542 2165; x_wconf 85' lang='lat' dir='ltr'><strong>quae</strong></span> <span class='ocrx_word' id='word_1_128' title='bbox 564 2111 596 2148; x_wconf 80' lang='lat' dir='ltr'><strong>ex</strong></span> <span class='ocrx_word' id='word_1_129' title='bbox 619 2094 727 2149; x_wconf 85' lang='lat' dir='ltr'><strong>Graecis</strong></span> <span class='ocrx_word' id='word_1_130' title='bbox 750 2093 850 2149; x_wconf 86' lang='lat' dir='ltr'><strong>nostris</strong></span> <span class='ocrx_word' id='word_1_131' title='bbox 874 2093 1018 2149; x_wconf 86' lang='lat' dir='ltr'><strong>emendare</strong></span> <span class='ocrx_word' id='word_1_132' title='bbox 1040 2094 1129 2149; x_wconf 89' lang='lat' dir='ltr'><strong>lieeat.</strong></span> 
     </span>
     <span class='ocr_line' id='line_1_16' title="bbox 121 2175 1129 2252; baseline 0.003 -22"><span class='ocrx_word' id='word_1_133' title='bbox 121 2175 217 2251; x_wconf 76' lang='lat' dir='ltr'>Triplex</span> <span class='ocrx_word' id='word_1_134' title='bbox 244 2196 310 2235; x_wconf 79' lang='lat' dir='ltr'><strong>sero</strong></span> <span class='ocrx_word' id='word_1_135' title='bbox 339 2177 456 2234; x_wconf 77' lang='lat' dir='ltr'>indidem</span> <span class='ocrx_word' id='word_1_136' title='bbox 480 2177 561 2234; x_wconf 77' lang='lat' dir='ltr'><strong>Follis</strong></span> <span class='ocrx_word' id='word_1_137' title='bbox 590 2179 665 2235; x_wconf 90' lang='lat' dir='ltr'><strong>notio</strong></span> <span class='ocrx_word' id='word_1_138' title='bbox 693 2179 844 2234; x_wconf 78' lang='lat' dir='ltr'><strong>deducitur.</strong></span> <span class='ocrx_word' id='word_1_139' title='bbox 888 2178 954 2233; x_wconf 83' lang='lat' dir='ltr'><strong>llum</strong></span> <span class='ocrx_word' id='word_1_140' title='bbox 977 2188 1019 2234; x_wconf 87' lang='lat' dir='ltr'><strong>est</strong></span> <span class='ocrx_word' id='word_1_141' title='bbox 1042 2179 1129 2252; x_wconf 87' lang='lat' dir='ltr'><strong>primo</strong></span> 
     </span>
     <span class='ocr_line' id='line_1_17' title="bbox 88 2262 1129 2338; baseline 0.001 -21"><span class='ocrx_word' id='word_1_142' title='bbox 88 2304 92 2310; x_wconf 83' lang='lat'><strong>.</strong></span> <span class='ocrx_word' id='word_1_143' title='bbox 121 2262 203 2318; x_wconf 83' lang='lat' dir='ltr'><strong>tributi</strong></span> <span class='ocrx_word' id='word_1_144' title='bbox 232 2273 261 2319; x_wconf 89' lang='lat' dir='ltr'><strong>et</strong></span> <span class='ocrx_word' id='word_1_145' title='bbox 290 2262 477 2336; x_wconf 75' lang='lat' dir='ltr'><strong>pensitationis</strong></span> <span class='ocrx_word' id='word_1_146' title='bbox 505 2281 607 2336; x_wconf 80' lang='lat' dir='ltr'><strong>genus,</strong></span> <span class='ocrx_word' id='word_1_147' title='bbox 636 2265 716 2338; x_wconf 89' lang='lat' dir='ltr'><strong>idque</strong></span> <span class='ocrx_word' id='word_1_148' title='bbox 745 2263 858 2336; x_wconf 81' lang='lat' dir='ltr'><strong>duplos,</strong></span> <span class='ocrx_word' id='word_1_149' title='bbox 889 2263 1004 2319; x_wconf 84' lang='lat' dir='ltr'><strong>alterurn</strong></span> <span class='ocrx_word' id='word_1_150' title='bbox 1026 2264 1129 2319; x_wconf 86' lang='lat' dir='ltr'><strong>mulare</strong></span> 
     </span>
     <span class='ocr_line' id='line_1_18' title="bbox 119 2347 1129 2422; baseline -0.001 -17"><span class='ocrx_word' id='word_1_151' title='bbox 119 2347 262 2421; x_wconf 81' lang='lat' dir='ltr'><strong>lperperam</strong></span> <span class='ocrx_word' id='word_1_152' title='bbox 285 2349 358 2422; x_wconf 83' lang='lat' dir='ltr'><strong>apud</strong></span> <span class='ocrx_word' id='word_1_153' title='bbox 374 2348 461 2402; x_wconf 81' lang='lat' dir='ltr'><strong>Virem</strong></span> <span class='ocrx_word' id='word_1_154' title='bbox 482 2349 639 2413; x_wconf 78' lang='lat' dir='ltr'><strong>multorom,</strong></span> <span class='ocrx_word' id='word_1_155' title='bbox 663 2366 713 2422; x_wconf 92' lang='lat' dir='ltr'><strong>pro</strong></span> <span class='ocrx_word' id='word_1_156' title='bbox 734 2351 882 2414; x_wconf 84' lang='lat' dir='ltr'><strong>mulorum,</strong></span> <span class='ocrx_word' id='word_1_157' title='bbox 907 2360 991 2414; x_wconf 67' lang='lat' dir='ltr'><strong>extat)</strong></span> <span class='ocrx_word' id='word_1_158' title='bbox 1013 2349 1129 2404; x_wconf 87' lang='lat' dir='ltr'><strong>alterum</strong></span> 
     </span>
     <span class='ocr_line' id='line_1_19' title="bbox 119 2431 1130 2507; baseline 0.002 -21"><span class='ocrx_word' id='word_1_159' title='bbox 119 2431 289 2489; x_wconf 78' lang='lat' dir='ltr'><strong>nobilioribus</strong></span> <span class='ocrx_word' id='word_1_160' title='bbox 313 2431 417 2487; x_wconf 79' lang='lat' dir='ltr'><strong>familiis</strong></span> <span class='ocrx_word' id='word_1_161' title='bbox 440 2432 579 2497; x_wconf 82' lang='lat' dir='ltr'><strong>indictum,</strong></span> <span class='ocrx_word' id='word_1_162' title='bbox 603 2434 679 2489; x_wconf 87' lang='lat' dir='ltr'><strong>euius</strong></span> <span class='ocrx_word' id='word_1_163' title='bbox 702 2435 801 2490; x_wconf 79' lang='lat' dir='ltr'><strong>author</strong></span> <span class='ocrx_word' id='word_1_164' title='bbox 823 2444 865 2490; x_wconf 88' lang='lat' dir='ltr'><strong>est</strong></span> <span class='ocrx_word' id='word_1_165' title='bbox 888 2434 1036 2507; x_wconf 79' lang='lat' dir='ltr'><strong>Hesychius</strong></span> <span class='ocrx_word' id='word_1_166' title='bbox 1064 2433 1130 2488; x_wconf 88' lang='lat' dir='ltr'><strong>lllu-</strong></span> 
     </span>
     <span class='ocr_line' id='line_1_20' title="bbox 118 2517 1130 2590; baseline 0.006 -21"><span class='ocrx_word' id='word_1_167' title='bbox 118 2519 190 2573; x_wconf 82' lang='lat' dir='ltr'><strong>etn&#39;us</strong></span> <span class='ocrx_word' id='word_1_168' title='bbox 214 2518 280 2574; x_wconf 81' lang='grc'><strong>1.·6.</strong></span> <span class='ocrx_word' id='word_1_169' title='bbox 312 2518 388 2586; x_wconf 80' lang='lat' dir='ltr'><strong>Quod</strong></span> <span class='ocrx_word' id='word_1_170' title='bbox 411 2517 548 2590; x_wconf 87' lang='lat' dir='ltr'><strong>posterius</strong></span> <span class='ocrx_word' id='word_1_171' title='bbox 570 2518 724 2573; x_wconf 83' lang='lat' dir='ltr'><strong>institutum</strong></span> <span class='ocrx_word' id='word_1_172' title='bbox 747 2537 761 2573; x_wconf 89' lang='lat' dir='ltr'><strong>a</strong></span> <span class='ocrx_word' id='word_1_173' title='bbox 784 2519 961 2575; x_wconf 81' lang='lat' dir='ltr'><strong>Constantino</strong></span> <span class='ocrx_word' id='word_1_174' title='bbox 978 2519 1012 2573; x_wconf 91' lang='lat' dir='ltr'><strong>ll</strong></span> <span class='ocrx_word' id='word_1_175' title='bbox 1036 2517 1130 2575; x_wconf 80' lang='lat' dir='ltr'><strong>scribit</strong></span> 
     </span>
     <span class='ocr_line' id='line_1_21' title="bbox 118 2593 1130 2703; baseline 0.001 -47"><span class='ocrx_word' id='word_1_176' title='bbox 118 2600 268 2659; x_wconf 82' lang='lat' dir='ltr'><strong>Zosimusl.</strong></span> <span class='ocrx_word' id='word_1_177' title='bbox 282 2605 311 2660; x_wconf 83' lang='lat'><strong>2.</strong></span> <span class='ocrx_word' id='word_1_178' title='bbox 335 2593 539 2703; x_wconf 76' lang='grc' dir='ltr'><strong><em>ἀπεγράψατο</em></strong></span> <span class='ocrx_word' id='word_1_179' title='bbox 562 2596 596 2656; x_wconf 72' lang='lat' dir='ltr'><strong>dl</strong></span> <span class='ocrx_word' id='word_1_180' title='bbox 617 2594 673 2668; x_wconf 83' lang='grc' dir='ltr'><strong><em>τὰς</em></strong></span> <span class='ocrx_word' id='word_1_181' title='bbox 694 2604 756 2658; x_wconf 82' lang='grc' dir='ltr'><strong><em>τῶν</em></strong></span> <span class='ocrx_word' id='word_1_182' title='bbox 777 2595 1003 2677; x_wconf 79' lang='grc' dir='ltr'><strong><em>λαμπροτάτων</em></strong></span> <span class='ocrx_word' id='word_1_183' title='bbox 1024 2594 1130 2669; x_wconf 79' lang='grc' dir='ltr'><strong><em>οὐσίας</em></strong></span> 
     </span>
     <span class='ocr_line' id='line_1_22' title="bbox 118 2678 1130 2766; baseline 0.002 -26"><span class='ocrx_word' id='word_1_184' title='bbox 118 2683 192 2754; x_wconf 75' lang='grc' dir='ltr'><strong><em>τέλος</em></strong></span> <span class='ocrx_word' id='word_1_185' title='bbox 214 2683 348 2754; x_wconf 74' lang='grc' dir='ltr'><strong><em>ἐντιθεὶς,</em></strong></span> <span class='ocrx_word' id='word_1_186' title='bbox 371 2705 454 2766; x_wconf 81' lang='grc' dir='ltr'><strong><em>ῳτινι</em></strong></span> <span class='ocrx_word' id='word_1_187' title='bbox 478 2678 588 2762; x_wconf 59' lang='lat' dir='ltr'><strong>pollen</strong></span> <span class='ocrx_word' id='word_1_188' title='bbox 610 2679 704 2753; x_wconf 81' lang='grc' dir='ltr'><strong><em>αὐτὸς</em></strong></span> <span class='ocrx_word' id='word_1_189' title='bbox 732 2678 918 2761; x_wconf 73' lang='grc' dir='ltr'><strong>ἐπέθηκεν</strong></span> <span class='ocrx_word' id='word_1_190' title='bbox 902 2705 1010 2759; x_wconf 88' lang='grc' dir='ltr'><strong><em>ονομα.</em></strong></span> <span class='ocrx_word' id='word_1_191' title='bbox 1050 2687 1130 2742; x_wconf 82' lang='lat' dir='ltr'><strong>Eius-</strong></span> 
     </span>
     <span class='ocr_line' id='line_1_23' title="bbox 117 2771 1169 2866; baseline 0 -40"><span class='ocrx_word' id='word_1_192' title='bbox 117 2775 176 2828; x_wconf 79' lang='lat' dir='ltr'><strong>nodr</strong></span> <span class='ocrx_word' id='word_1_193' title='bbox 200 2772 305 2837; x_wconf 86' lang='lat' dir='ltr'><strong>lollem,</strong></span> <span class='ocrx_word' id='word_1_194' title='bbox 328 2772 383 2827; x_wconf 84' lang='lat' dir='ltr'><strong>sive</strong></span> <span class='ocrx_word' id='word_1_195' title='bbox 393 2772 604 2866; x_wconf 72' lang='lat' dir='ltr'><strong>praestationem</strong></span> <span class='ocrx_word' id='word_1_196' title='bbox 621 2771 798 2835; x_wconf 76' lang='lat' dir='ltr'><strong>Senatorium</strong></span> <span class='ocrx_word' id='word_1_197' title='bbox 821 2773 951 2845; x_wconf 80' lang='lat' dir='ltr'><strong>gradatim</strong></span> <span class='ocrx_word' id='word_1_198' title='bbox 968 2789 1017 2866; x_wconf 86' lang='lat' dir='ltr'><strong>per</strong></span> <span class='ocrx_word' id='word_1_199' title='bbox 1031 2773 1129 2845; x_wconf 84' lang='lat' dir='ltr'><strong>triplex</strong></span> <span class='ocrx_word' id='word_1_200' title='bbox 1154 2800 1169 2826; x_wconf 74' lang='grc' dir='ltr'><strong><em>ι</em></strong></span> 
     </span>
     <span class='ocr_line' id='line_1_24' title="bbox 116 2856 1130 2932; baseline 0.003 -22"><span class='ocrx_word' id='word_1_201' title='bbox 116 2857 253 2914; x_wconf 79' lang='lat' dir='ltr'><strong>discrimen</strong></span> <span class='ocrx_word' id='word_1_202' title='bbox 277 2857 454 2931; x_wconf 86' lang='lat' dir='ltr'><strong>processisse,</strong></span> <span class='ocrx_word' id='word_1_203' title='bbox 478 2856 589 2911; x_wconf 84' lang='lat' dir='ltr'><strong>Glossae</strong></span> <span class='ocrx_word' id='word_1_204' title='bbox 612 2856 808 2919; x_wconf 86' lang='lat' dir='ltr'><strong>demonstrant,</strong></span> <span class='ocrx_word' id='word_1_205' title='bbox 832 2857 868 2912; x_wconf 85' lang='lat' dir='ltr'><strong>ita</strong></span> <span class='ocrx_word' id='word_1_206' title='bbox 892 2867 921 2913; x_wconf 93' lang='lat' dir='ltr'><strong>ut</strong></span> <span class='ocrx_word' id='word_1_207' title='bbox 943 2857 1046 2930; x_wconf 86' lang='lat' dir='ltr'><strong>primus</strong></span> <span class='ocrx_word' id='word_1_208' title='bbox 1065 2875 1130 2932; x_wconf 81' lang='lat' dir='ltr'><strong>gra-</strong></span> 
     </span>
     <span class='ocr_line' id='line_1_25' title="bbox 116 2940 1127 3015; baseline 0.001 -18"><span class='ocrx_word' id='word_1_209' title='bbox 116 2941 155 2998; x_wconf 81' lang='lat' dir='ltr'><strong>dus</strong></span> <span class='ocrx_word' id='word_1_210' title='bbox 177 2942 293 2999; x_wconf 82' lang='lat' dir='ltr'><strong>follibus</strong></span> <span class='ocrx_word' id='word_1_211' title='bbox 316 2941 424 2998; x_wconf 91' lang='lat' dir='ltr'><strong>duobus</strong></span> <span class='ocrx_word' id='word_1_212' title='bbox 442 2950 515 2997; x_wconf 86' lang='lat' dir='ltr'><strong>esset</strong></span> <span class='ocrx_word' id='word_1_213' title='bbox 530 2940 671 3007; x_wconf 78' lang='lat' dir='ltr'><strong>obnoxius,</strong></span> <span class='ocrx_word' id='word_1_214' title='bbox 696 2942 841 3007; x_wconf 74' lang='lat' dir='ltr'><strong>secundus,</strong></span> <span class='ocrx_word' id='word_1_215' title='bbox 865 2951 998 3015; x_wconf 77' lang='lat' dir='ltr'><strong>qrratu0r3</strong></span> <span class='ocrx_word' id='word_1_216' title='bbox 1023 2945 1127 3006; x_wconf 86' lang='lat' dir='ltr'><strong>tertius,</strong></span> 
     </span>
     <span class='ocr_line' id='line_1_26' title="bbox 115 3025 1128 3085; baseline -0.001 -2"><span class='ocrx_word' id='word_1_217' title='bbox 115 3038 177 3085; x_wconf 81' lang='lat' dir='ltr'><strong>nte.</strong></span> <span class='ocrx_word' id='word_1_218' title='bbox 226 3027 265 3082; x_wconf 86' lang='lat' dir='ltr'><strong>lle</strong></span> <span class='ocrx_word' id='word_1_219' title='bbox 288 3028 320 3082; x_wconf 89' lang='lat' dir='ltr'><strong>iis</strong></span> <span class='ocrx_word' id='word_1_220' title='bbox 344 3025 464 3082; x_wconf 79' lang='lat' dir='ltr'><strong>Follibus</strong></span> <span class='ocrx_word' id='word_1_221' title='bbox 492 3026 594 3082; x_wconf 89' lang='lat' dir='ltr'><strong>mentio</strong></span> <span class='ocrx_word' id='word_1_222' title='bbox 617 3037 659 3083; x_wconf 91' lang='lat' dir='ltr'><strong>est</strong></span> <span class='ocrx_word' id='word_1_223' title='bbox 680 3026 699 3082; x_wconf 89' lang='lat' dir='ltr'><strong>l.</strong></span> <span class='ocrx_word' id='word_1_224' title='bbox 717 3029 752 3084; x_wconf 79' lang='lat'><strong>21</strong></span> <span class='ocrx_word' id='word_1_225' title='bbox 780 3028 856 3084; x_wconf 75' lang='lat' dir='ltr'><strong>utu</strong></span> <span class='ocrx_word' id='word_1_226' title='bbox 880 3027 945 3083; x_wconf 84' lang='lat' dir='ltr'><strong>Cod.</strong></span> <span class='ocrx_word' id='word_1_227' title='bbox 970 3027 1072 3083; x_wconf 86' lang='lat' dir='ltr'><strong>Theod.</strong></span> <span class='ocrx_word' id='word_1_228' title='bbox 1096 3028 1128 3083; x_wconf 88' lang='lat' dir='ltr'><strong>de</strong></span> 
     </span>
     <span class='ocr_line' id='line_1_27' title="bbox 114 3110 1130 3175; baseline -0.001 -7"><span class='ocrx_word' id='word_1_229' title='bbox 114 3110 194 3168; x_wconf 81' lang='lat' dir='ltr'><strong>Praet.</strong></span> <span class='ocrx_word' id='word_1_230' title='bbox 221 3128 284 3168; x_wconf 85' lang='lat' dir='ltr'><strong>curn</strong></span> <span class='ocrx_word' id='word_1_231' title='bbox 307 3111 478 3167; x_wconf 86' lang='lat' dir='ltr'><strong>Senatorium</strong></span> <span class='ocrx_word' id='word_1_232' title='bbox 507 3111 629 3167; x_wconf 86' lang='lat' dir='ltr'><strong>ordinem</strong></span> <span class='ocrx_word' id='word_1_233' title='bbox 652 3112 779 3167; x_wconf 81' lang='lat' dir='ltr'><strong>trifariam</strong></span> <span class='ocrx_word' id='word_1_234' title='bbox 802 3111 982 3175; x_wconf 76' lang='lat' dir='ltr'><strong>distribuam,</strong></span> <span class='ocrx_word' id='word_1_235' title='bbox 1013 3111 1079 3167; x_wconf 88' lang='lat' dir='ltr'><strong>alios</strong></span> <span class='ocrx_word' id='word_1_236' title='bbox 1102 3112 1130 3167; x_wconf 91' lang='lat' dir='ltr'><strong>in</strong></span> 
     </span>
     <span class='ocr_line' id='line_1_28' title="bbox 67 3196 1131 3270; baseline -0.003 -17"><span class='ocrx_word' id='word_1_237' title='bbox 67 3218 69 3229; x_wconf 91' lang='lat'>·</span> <span class='ocrx_word' id='word_1_238' title='bbox 114 3198 308 3270; x_wconf 80' lang='lat' dir='ltr'><strong>prolessionem</strong></span> <span class='ocrx_word' id='word_1_239' title='bbox 337 3196 438 3252; x_wconf 86' lang='lat' dir='ltr'><strong>babere</strong></span> <span class='ocrx_word' id='word_1_240' title='bbox 461 3197 538 3252; x_wconf 88' lang='lat' dir='ltr'><strong>lolles</strong></span> <span class='ocrx_word' id='word_1_241' title='bbox 561 3196 598 3251; x_wconf 91' lang='lat' dir='ltr'><strong>ait</strong></span> <span class='ocrx_word' id='word_1_242' title='bbox 620 3198 704 3260; x_wconf 87' lang='lat' dir='ltr'><strong>duos,</strong></span> <span class='ocrx_word' id='word_1_243' title='bbox 733 3197 800 3252; x_wconf 85' lang='lat' dir='ltr'><strong>alios</strong></span> <span class='ocrx_word' id='word_1_244' title='bbox 822 3207 953 3270; x_wconf 86' lang='lat' dir='ltr'><strong>quatuor,</strong></span> <span class='ocrx_word' id='word_1_245' title='bbox 983 3197 1049 3251; x_wconf 84' lang='lat' dir='ltr'><strong>alios</strong></span> <span class='ocrx_word' id='word_1_246' title='bbox 1072 3213 1131 3250; x_wconf 89' lang='lat' dir='ltr'><strong>arn-</strong></span> 
     </span>
     <span class='ocr_line' id='line_1_29' title="bbox 67 3280 1131 3355; baseline -0.002 -17"><span class='ocrx_word' id='word_1_247' title='bbox 67 3308 69 3318; x_wconf 92' lang='lat'>·</span> <span class='ocrx_word' id='word_1_248' title='bbox 114 3281 184 3355; x_wconf 83' lang='lat' dir='ltr'><strong>plius.</strong></span> <span class='ocrx_word' id='word_1_249' title='bbox 218 3281 334 3337; x_wconf 82' lang='lat' dir='ltr'><strong>Glossae</strong></span> <span class='ocrx_word' id='word_1_250' title='bbox 356 3281 469 3353; x_wconf 81' lang='lat' dir='ltr'><strong>singulis</strong></span> <span class='ocrx_word' id='word_1_251' title='bbox 490 3280 600 3336; x_wconf 89' lang='lat' dir='ltr'><strong>lollibus</strong></span> <span class='ocrx_word' id='word_1_252' title='bbox 623 3281 1045 3354; x_wconf 83' lang='lat' dir='ltr'><strong>unamaurilibramimputant.</strong></span> <span class='ocrx_word' id='word_1_253' title='bbox 1077 3280 1131 3336; x_wconf 88' lang='lat' dir='ltr'><strong>Sed</strong></span> 
     </span>
     <span class='ocr_line' id='line_1_30' title="bbox 113 3365 1132 3440; baseline -0.001 -17"><span class='ocrx_word' id='word_1_254' title='bbox 113 3365 133 3422; x_wconf 76' lang='lat' dir='ltr'><strong>ie</strong></span> <span class='ocrx_word' id='word_1_255' title='bbox 152 3368 315 3423; x_wconf 88' lang='lat' dir='ltr'><strong>tenuiorum</strong></span> <span class='ocrx_word' id='word_1_256' title='bbox 338 3366 450 3439; x_wconf 76' lang='lat' dir='ltr'><strong>gratiam</strong></span> <span class='ocrx_word' id='word_1_257' title='bbox 474 3375 568 3440; x_wconf 84' lang='lat' dir='ltr'><strong>postea</strong></span> <span class='ocrx_word' id='word_1_258' title='bbox 591 3366 624 3422; x_wconf 93' lang='lat' dir='ltr'><strong>de</strong></span> <span class='ocrx_word' id='word_1_259' title='bbox 646 3384 750 3422; x_wconf 85' lang='lat' dir='ltr'><strong>canone</strong></span> <span class='ocrx_word' id='word_1_260' title='bbox 773 3367 924 3422; x_wconf 88' lang='lat' dir='ltr'><strong>detraeturn</strong></span> <span class='ocrx_word' id='word_1_261' title='bbox 947 3375 974 3421; x_wconf 89' lang='lat' dir='ltr'><strong>et</strong></span> <span class='ocrx_word' id='word_1_262' title='bbox 989 3366 1022 3422; x_wconf 84' lang='lat' dir='ltr'><strong>ad</strong></span> <span class='ocrx_word' id='word_1_263' title='bbox 1038 3376 1132 3440; x_wconf 85' lang='lat' dir='ltr'><strong>septe·</strong></span> 
     </span>
     <span class='ocr_line' id='line_1_31' title="bbox 114 3451 1131 3524; baseline -0.003 -15"><span class='ocrx_word' id='word_1_264' title='bbox 114 3467 154 3508; x_wconf 80' lang='lat' dir='ltr'><strong>tos</strong></span> <span class='ocrx_word' id='word_1_265' title='bbox 175 3452 286 3509; x_wconf 79' lang='lat' dir='ltr'><strong>subdes</strong></span> <span class='ocrx_word' id='word_1_266' title='bbox 308 3453 417 3506; x_wconf 86' lang='lat' dir='ltr'><strong>minima</strong></span> <span class='ocrx_word' id='word_1_267' title='bbox 432 3452 593 3507; x_wconf 87' lang='lat' dir='ltr'><strong>Senatorum</strong></span> <span class='ocrx_word' id='word_1_268' title='bbox 616 3452 724 3508; x_wconf 82' lang='lat' dir='ltr'><strong>redacta</strong></span> <span class='ocrx_word' id='word_1_269' title='bbox 747 3453 900 3524; x_wconf 81' lang='lat' dir='ltr'><strong>pensitatio,</strong></span> <span class='ocrx_word' id='word_1_270' title='bbox 925 3468 994 3524; x_wconf 85' lang='lat' dir='ltr'><strong>quae</strong></span> <span class='ocrx_word' id='word_1_271' title='bbox 1017 3451 1131 3524; x_wconf 88' lang='lat' dir='ltr'><strong>proinde</strong></span> 
     </span>
     <span class='ocr_line' id='line_1_32' title="bbox 114 3535 1130 3610; baseline -0.001 -19"><span class='ocrx_word' id='word_1_272' title='bbox 114 3538 208 3594; x_wconf 83' lang='lat' dir='ltr'><strong>alolle</strong></span> <span class='ocrx_word' id='word_1_273' title='bbox 231 3536 420 3610; x_wconf 77' lang='lat' dir='ltr'><strong>distinguitur.</strong></span> <span class='ocrx_word' id='word_1_274' title='bbox 451 3535 556 3592; x_wconf 83' lang='lat' dir='ltr'><strong>Etenim</strong></span> <span class='ocrx_word' id='word_1_275' title='bbox 578 3536 597 3592; x_wconf 91' lang='lat' dir='ltr'><strong>l.</strong></span> <span class='ocrx_word' id='word_1_276' title='bbox 614 3539 632 3594; x_wconf 85' lang='grc'>6</span> <span class='ocrx_word' id='word_1_277' title='bbox 650 3537 714 3593; x_wconf 86' lang='lat' dir='ltr'><strong>Cod.</strong></span> <span class='ocrx_word' id='word_1_278' title='bbox 732 3536 834 3593; x_wconf 78' lang='lat' dir='ltr'><strong>Theod.</strong></span> <span class='ocrx_word' id='word_1_279' title='bbox 859 3537 923 3594; x_wconf 83' lang='lat' dir='ltr'><strong>titi</strong></span> <span class='ocrx_word' id='word_1_280' title='bbox 950 3536 1010 3609; x_wconf 84' lang='lat' dir='ltr'><strong>lege</strong></span> <span class='ocrx_word' id='word_1_281' title='bbox 1033 3541 1040 3592; x_wconf 91' lang='grc' dir='ltr'>Ι</span> <span class='ocrx_word' id='word_1_282' title='bbox 1069 3553 1130 3592; x_wconf 91' lang='lat' dir='ltr'><strong>eum</strong></span> 
     </span>
     <span class='ocr_line' id='line_1_33' title="bbox 114 3619 1131 3700; baseline -0.003 -21"><span class='ocrx_word' id='word_1_283' title='bbox 114 3619 264 3686; x_wconf 64' lang='lat' dir='ltr'><strong>balianus,</strong></span> <span class='ocrx_word' id='word_1_284' title='bbox 289 3621 422 3676; x_wconf 85' lang='lat' dir='ltr'><strong>Valentin.</strong></span> <span class='ocrx_word' id='word_1_285' title='bbox 446 3630 473 3677; x_wconf 85' lang='lat' dir='ltr'><strong>ot</strong></span> <span class='ocrx_word' id='word_1_286' title='bbox 489 3620 591 3676; x_wconf 85' lang='lat' dir='ltr'><strong>Theod.</strong></span> <span class='ocrx_word' id='word_1_287' title='bbox 615 3623 653 3678; x_wconf 86' lang='lat' dir='ltr'><strong>sie</strong></span> <span class='ocrx_word' id='word_1_288' title='bbox 669 3622 830 3678; x_wconf 85' lang='lat' dir='ltr'><strong>edixissent:</strong></span> <span class='ocrx_word' id='word_1_289' title='bbox 841 3692 844 3700; x_wconf 28' lang='grc' dir='ltr'>Ι</span> <span class='ocrx_word' id='word_1_290' title='bbox 855 3621 980 3677; x_wconf 73' lang='lat' dir='ltr'><strong>buorom</strong></span> <span class='ocrx_word' id='word_1_291' title='bbox 993 3638 1061 3675; x_wconf 80' lang='lat' dir='ltr'><strong>uero</strong></span> <span class='ocrx_word' id='word_1_292' title='bbox 1075 3621 1131 3692; x_wconf 69' lang='lat' dir='ltr'><strong>sol·</strong></span> 
     </span>
     <span class='ocr_line' id='line_1_34' title="bbox 116 3705 1132 3781; baseline -0.004 -18"><span class='ocrx_word' id='word_1_293' title='bbox 116 3705 177 3763; x_wconf 71' lang='lat' dir='ltr'><strong>dent</strong></span> <span class='ocrx_word' id='word_1_294' title='bbox 205 3716 325 3763; x_wconf 74' lang='lat' dir='ltr'><strong>maneat</strong></span> <span class='ocrx_word' id='word_1_295' title='bbox 348 3715 462 3762; x_wconf 77' lang='grc' dir='ltr'><strong><em>οιιιιαίοτ</em></strong></span> <span class='ocrx_word' id='word_1_296' title='bbox 484 3707 638 3762; x_wconf 75' lang='lat' dir='ltr'><strong>indisereta</strong></span> <span class='ocrx_word' id='word_1_297' title='bbox 657 3709 815 3781; x_wconf 69' lang='lat' dir='ltr'><strong>professio,</strong></span> <span class='ocrx_word' id='word_1_298' title='bbox 847 3709 956 3762; x_wconf 68' lang='lat' dir='ltr'><strong>edumei</strong></span> <span class='ocrx_word' id='word_1_299' title='bbox 974 3707 1132 3778; x_wconf 84' lang='lat' dir='ltr'><strong>possessio·</strong></span> 
     </span>
     <span class='ocr_line' id='line_1_35' title="bbox 115 3789 1129 3866; baseline -0.004 -18"><span class='ocrx_word' id='word_1_300' title='bbox 115 3807 168 3848; x_wconf 77' lang='lat' dir='ltr'><strong>aene</strong></span> <span class='ocrx_word' id='word_1_301' title='bbox 195 3793 277 3866; x_wconf 76' lang='lat' dir='ltr'><strong>sorte</strong></span> <span class='ocrx_word' id='word_1_302' title='bbox 304 3808 363 3847; x_wconf 82' lang='grc' dir='ltr'><strong><em>αοιι</em></strong></span> <span class='ocrx_word' id='word_1_303' title='bbox 383 3791 521 3856; x_wconf 60' lang='lat' dir='ltr'><strong>babeant·</strong></span> <span class='ocrx_word' id='word_1_304' title='bbox 550 3802 644 3865; x_wconf 87' lang='lat' dir='ltr'><strong>postea</strong></span> <span class='ocrx_word' id='word_1_305' title='bbox 668 3811 681 3846; x_wconf 88' lang='lat' dir='ltr'><strong>a</strong></span> <span class='ocrx_word' id='word_1_306' title='bbox 704 3791 836 3848; x_wconf 85' lang='lat' dir='ltr'><strong>Valentio.</strong></span> <span class='ocrx_word' id='word_1_307' title='bbox 860 3792 962 3849; x_wconf 85' lang='lat' dir='ltr'><strong>Theod.</strong></span> <span class='ocrx_word' id='word_1_308' title='bbox 986 3801 1014 3847; x_wconf 87' lang='lat' dir='ltr'><strong>et</strong></span> <span class='ocrx_word' id='word_1_309' title='bbox 1035 3789 1129 3846; x_wconf 76' lang='lat' dir='ltr'><strong>dread.</strong></span> 
     </span>
     <span class='ocr_line' id='line_1_36' title="bbox 117 3874 1131 3951; baseline -0.005 -17"><span class='ocrx_word' id='word_1_310' title='bbox 117 3874 251 3934; x_wconf 69' lang='lat' dir='ltr'><strong>diminuta</strong></span> <span class='ocrx_word' id='word_1_311' title='bbox 274 3877 423 3951; x_wconf 84' lang='lat' dir='ltr'><strong>praestatio</strong></span> <span class='ocrx_word' id='word_1_312' title='bbox 446 3885 496 3940; x_wconf 87' lang='lat' dir='ltr'><strong>est.</strong></span> <span class='ocrx_word' id='word_1_313' title='bbox 521 3886 548 3932; x_wconf 89' lang='lat' dir='ltr'><strong>et</strong></span> <span class='ocrx_word' id='word_1_314' title='bbox 570 3877 796 3950; x_wconf 85' lang='lat' dir='ltr'><strong>amplissimorum</strong></span> <span class='ocrx_word' id='word_1_315' title='bbox 819 3878 936 3934; x_wconf 86' lang='lat' dir='ltr'><strong>virorum</strong></span> <span class='ocrx_word' id='word_1_316' title='bbox 953 3876 1066 3933; x_wconf 87' lang='lat' dir='ltr'><strong>consilio</strong></span> <span class='ocrx_word' id='word_1_317' title='bbox 1081 3874 1131 3929; x_wconf 89' lang='lat' dir='ltr'><strong>de-</strong></span> 
     </span>
     <span class='ocr_line' id='line_1_37' title="bbox 118 3958 1132 4036; baseline -0.004 -19"><span class='ocrx_word' id='word_1_318' title='bbox 118 3958 216 4020; x_wconf 65' lang='lat' dir='ltr'><strong>mitum</strong></span> <span class='ocrx_word' id='word_1_319' title='bbox 238 3962 349 4028; x_wconf 85' lang='lat' dir='ltr'><strong>dieitur,</strong></span> <span class='ocrx_word' id='word_1_320' title='bbox 373 3972 405 4017; x_wconf 90' lang='lat' dir='ltr'><strong>ut</strong></span> <span class='ocrx_word' id='word_1_321' title='bbox 426 3970 556 4035; x_wconf 82' lang='lat' dir='ltr'><strong>septenos</strong></span> <span class='ocrx_word' id='word_1_322' title='bbox 578 3964 723 4035; x_wconf 81' lang='lat' dir='ltr'><strong>quotannis</strong></span> <span class='ocrx_word' id='word_1_323' title='bbox 749 3964 854 4018; x_wconf 80' lang='lat' dir='ltr'><strong>solidor</strong></span> <span class='ocrx_word' id='word_1_324' title='bbox 867 3981 921 4036; x_wconf 86' lang='lat' dir='ltr'><strong>pro</strong></span> <span class='ocrx_word' id='word_1_325' title='bbox 935 3977 989 4017; x_wconf 82' lang='lat' dir='ltr'><strong>aaa</strong></span> <span class='ocrx_word' id='word_1_326' title='bbox 1001 3961 1132 4032; x_wconf 79' lang='lat' dir='ltr'><strong>portione</strong></span> 
     </span>
     <span class='ocr_line' id='line_1_38' title="bbox 118 4043 1183 4122; baseline -0.004 -18"><span class='ocrx_word' id='word_1_327' title='bbox 118 4049 265 4119; x_wconf 65' lang='lat' dir='ltr'><strong>mimae,</strong></span> <span class='ocrx_word' id='word_1_328' title='bbox 290 4047 340 4122; x_wconf 75' lang='lat' dir='ltr'><strong>qai</strong></span> <span class='ocrx_word' id='word_1_329' title='bbox 357 4047 553 4120; x_wconf 68' lang='lat' dir='ltr'><strong>praebitionem</strong></span> <span class='ocrx_word' id='word_1_330' title='bbox 573 4048 690 4121; x_wconf 77' lang='lat' dir='ltr'><strong>implere</strong></span> <span class='ocrx_word' id='word_1_331' title='bbox 710 4048 821 4121; x_wconf 74' lang='lat' dir='ltr'><strong>sollium</strong></span> <span class='ocrx_word' id='word_1_332' title='bbox 842 4064 900 4102; x_wconf 81' lang='grc' dir='ltr'><strong><em>ιιοιτ</em></strong></span> <span class='ocrx_word' id='word_1_333' title='bbox 920 4049 1036 4102; x_wconf 78' lang='lat' dir='ltr'><strong>valeret.</strong></span> <span class='ocrx_word' id='word_1_334' title='bbox 1082 4043 1183 4100; x_wconf 64' lang='lat' dir='ltr'><strong>libitas</strong></span> 
     </span>
     <span class='ocr_line' id='line_1_39' title="bbox 119 4129 1131 4207; baseline -0.005 -17"><span class='ocrx_word' id='word_1_335' title='bbox 119 4143 213 4206; x_wconf 73' lang='lat' dir='ltr'><strong>sptem</strong></span> <span class='ocrx_word' id='word_1_336' title='bbox 236 4132 387 4191; x_wconf 85' lang='lat' dir='ltr'><strong>solidorum</strong></span> <span class='ocrx_word' id='word_1_337' title='bbox 411 4132 513 4189; x_wconf 79' lang='lat' dir='ltr'><strong>luuedo</strong></span> <span class='ocrx_word' id='word_1_338' title='bbox 535 4147 550 4188; x_wconf 85' lang='lat' dir='ltr'><strong>a</strong></span> <span class='ocrx_word' id='word_1_339' title='bbox 573 4132 636 4189; x_wconf 86' lang='lat' dir='ltr'><strong>lolle</strong></span> <span class='ocrx_word' id='word_1_340' title='bbox 658 4134 801 4207; x_wconf 75' lang='lat' dir='ltr'><strong>perspicue</strong></span> <span class='ocrx_word' id='word_1_341' title='bbox 826 4141 982 4206; x_wconf 84' lang='lat' dir='ltr'><strong>separatur,</strong></span> <span class='ocrx_word' id='word_1_342' title='bbox 1010 4129 1131 4205; x_wconf 81' lang='lat' dir='ltr'><strong>quamvis</strong></span> 
     </span>
    </p>
   </div>
   <div class='ocr_carea' id='block_1_3' title="bbox 0 0 1302 4822">
    <p class='ocr_par' dir='ltr' id='par_1_3' title="bbox 0 0 1302 4822">
     <span class='ocr_line' id='line_1_40' title="bbox 0 0 1302 4822; baseline 0 0"><span class='ocrx_word' id='word_1_343' title='bbox 0 0 1302 4822; x_wconf 95' lang='lat' dir='ltr'><strong> </strong></span> 
     </span>
    </p>
   </div>
  </div>
 </body>
</html>
