2586 4822
165 174 207 239 'll
391 184 466 239 Vm.
500 188 806 241 uanestnmtranr
827 189 951 235 anrmn.

164 350 326 425 ponemus
346 339 412 405 eins
431 358 534 405 aereae
555 339 713 415 enutritae,
746 349 777 403 et
802 348 899 402 vectes
927 340 1012 401 terrei
1043 344 1183 399 catenant

167 448 252 515 suut,
281 438 504 521 ellugeruntqne
525 446 695 503 sanctarum
721 436 853 511 animae,
884 444 1044 517 sequentes
1064 438 1185 516 vestigia
1192 456 1212 507 B

167 535 285 601 Glrritti.
326 536 470 619 ¹luneque
495 536 614 618 impleta
642 542 688 597 eat
715 535 876 615 demptura:
911 532 952 595 nt
980 534 1186 597 enutriremnt

165 644 268 719 partes
288 652 389 697 aereas
410 643 440 697 et
460 644 557 698 reatae
578 634 691 696 lemene
710 633 929 713 confregerunt.
970 630 1115 695 meruerit
1134 650 1187 695 au·

141 742 226 801 sum
247 741 277 795 et
298 740 376 794 terra
397 730 514 793 dinem:
546 729 671 793 [lamine
692 728 783 793 libem
804 748 852 793 me
872 748 890 791 a
911 728 1005 805 malis,
1033 728 1118 811 eripe
1137 746 1187 791 me

166 830 203 895 tlt
224 829 276 904 ira,
300 828 379 891 solve
400 848 448 891 me
469 848 485 890 a
508 828 720 902 maledictione,
751 846 806 909 pra
827 826 936 909 quibus
957 826 1134 909 sanguinem
1156 834 1187 889 et

166 928 293 991 humana
316 946 438 1007 corpora
467 926 593 1007 suscepi,
622 927 681 987 ima
709 934 739 987 et
761 936 844 987 tuum
865 944 984 1007 eorpus,
1012 924 1186 1003 adomim,

166 1024 277 1105 recepit
296 1034 393 1085 autem
417 1035 498 1086 tuum
514 1025 665 1086 aldamum.
699 1025 832 1086 Surrexit
853 1042 923 1103 erga
945 1024 1085 1086 dominns
1107 1023 1214 1087 intrat

165 1122 304 1195 triduum,
328 1123 437 1184 doeens
460 1142 515 1183 nas
529 1122 559 1183 in
577 1123 687 1184 unitate
701 1123 824 1184 adorare
840 1122 1021 1183 Trinitatem.
1054 1122 1187 1183 Cunctae

127 1228 263 1291 tuentem
286 1220 403 1282 Christo
426 1219 550 1281 salvatae
572 1230 643 1283 sunt
664 1232 776 1299 gentes.
828 1220 912 1282 Unus
939 1220 1018 1282 enim
1040 1218 1186 1281 iudicatus

165 1326 220 1393 ert,
249 1327 278 1379 et
300 1318 403 1379 inlmiti
428 1317 528 1379 salvati
550 1337 662 1392 surmus,
692 1317 830 1397 qtraniam
854 1337 907 1397 pro
930 1316 1069 1379 omnibus
1093 1317 1186 1379 domi-

165 1434 223 1477 nus
245 1423 378 1477 mortuns
401 1424 454 1477 est.
504 1416 546 1476 dd
569 1418 695 1478 eundem
717 1416 803 1496 plane
826 1416 955 1490 madum,
981 1424 1076 1477 tatum
1100 1414 1184 1476 indu·

165 1522 214 1575 tua
235 1513 394 1581 hominem,
417 1513 599 1574 altitudinem
620 1515 746 1593 pervasit
760 1513 919 1587 caelorum,
942 1512 1134 1593 ascenditque
1155 1512 1181 1572 in

165 1608 346 1673 altitudinem
370 1610 478 1688 gloriae
500 1611 582 1689 regni
606 1611 708 1691 ipsius,
731 1612 842 1672 danum
865 1613 941 1691 patri
958 1613 1102 1683 reserens,
1126 1628 1179 1671 nan

128 1724 279 1784 turturum,
304 1727 363 1769 non
385 1715 548 1783 argentum,
573 1727 667 1788 neque
682 1708 807 1788 lapidem
825 1709 997 1790 pretiosum,
1020 1709 1074 1771 aed
1091 1707 1178 1769 horni-

166 1823 249 1879 nem‚
289 1824 375 1885 quem
408 1806 444 1867 ad
473 1805 628 1885 imaginem
661 1807 706 1867 sni
741 1807 832 1868 llnnit.
891 1806 977 1869 Hune
1003 1826 1075 1869 vero
1104 1816 1239 1887 μεικτὴ

165 1904 296 1967 exaltans
324 1904 359 1963 ad
389 1902 537 1965 dexteram
565 1924 648 1966 stram
677 1904 707 1965 in
737 1904 855 1967 sublimi
889 1906 996 1966 tlrrono
1024 1904 1195 1981 collocarit„

165 2000 260 2063 donee
281 2010 431 2081 ponantur
452 2000 563 2062 inimici
587 2001 680 2082 ipsius
703 2002 758 2063 sub
779 2002 905 2083 pedibus
926 2003 998 2065 eiua.
1037 2003 1203 2067 Venturua

166 2110 212 2161 eat
234 2099 311 2161 enim
334 2099 419 2160 iudex
450 2099 580 2161 virorum
610 2109 639 2161 et
666 2110 867 2175 morinorum,
899 2101 982 2162 errius
1010 2100 1096 2181 regni
1123 2118 1209 2162 non

127 2196 222 2273 merit
243 2196 318 2257 linis.
363 2195 509 2268 Quoniam
532 2196 706 2275 gloriaest,
737 2196 814 2259 Patri
838 2208 866 2260 et
888 2198 978 2274 Filia,
1012 2208 1041 2260 et
1063 2192 1216 2279 Spiritui

168 2301 279 2369 saneta,
303 2313 382 2356 nune
405 2304 434 2355 et
455 2312 580 2375 semper,
604 2294 684 2356 etin
707 2295 821 2358 saecula
844 2296 1037 2359 saecularum.
1082 2300 1223 2359 dme-
