2586 4822
194 825 236 891 96
485 837 912 900 -rerauiamstmuasioues

194 993 255 1058 irus,
280 1005 309 1051 ιιι
330 1012 380 1068 pro
402 1012 444 1060 eo,
467 996 588 1068 quodie
612 994 735 1053 Hebraeo
758 1005 800 1053 est
821 1004 925 1057 nunaut
946 990 1011 1070 pub
1035 994 1087 1051 boc
1109 1003 1151 1050 est
1166 995 1212 1050 ae·-

192 1081 278 1134 midio
300 1097 365 1135 coro
386 1080 493 1146 bordei,
517 1082 654 1143 verterint,
679 1076 728 1136 καὶ
752 1075 837 1153 efflei
859 1071 952 1135 οἴνου.
981 1079 1059 1148 Quod
1075 1078 1212 1154 Hierony·

142 1170 254 1222 murus
277 1165 428 1222 adnotavit:
452 1183 513 1221 nam
535 1168 633 1222 caeteri
658 1165 823 1238 interpretes
838 1156 1210 1241 r‘pptlxopov‘transtulemnt.

193 1248 249 1323 Epo
272 1266 334 1306 vero
357 1250 517 1307 mendosum
540 1251 622 1307 ruisse
644 1250 708 1306 Lxx
731 1250 874 1316 Seniornm
897 1249 1017 1306 codicem
1039 1248 1114 1305 iilum
1136 1248 1212 1305 arbi-

193 1343 261 1400 tror,
284 1350 338 1408 quo
361 1351 427 1391 usus
451 1344 493 1391 est
515 1335 708 1408 Hieronymus,
728 1336 758 1392 iu
782 1351 870 1411 eoque
892 1351 954 1391 eum
976 1350 1056 1391 voees
1078 1333 1137 1390 illas
1160 1334 1212 1391 de-

193 1418 332 1484 sideratas,
356 1436 425 1492 quae
447 1418 552 1476 du'abus
574 1420 625 1477 iliis
648 1419 785 1476 Hebraicis
807 1421 1014 1493 responderent,
1039 1428 1135 1491 utputa
1159 1414 1211 1474 καὶ

192 1495 346 1579 ἧμίκορον1
362 1502 490 1579 κριθῶν,
512 1504 553 1561 vei
572 1514 602 1560 ut
617 1504 782 1578 Epiphanius
797 1505 871 1578 legit,
895 1497 986 1560 λεθὲκ
1000 1501 1128 1581 κριθῶν,
1151 1513 1211 1561 tum

194 1588 345 1663 superdueo
367 1588 431 1644 alias
455 1590 578 1655 insertas,
602 1584 651 1644 καὶ
674 1583 760 1660 videi
783 1582 875 1660 οἴνου,
899 1590 971 1662 quod
993 1606 1043 1662 pro
1064 1587 1213 1645 Hebraica-

194 1688 254 1729 rum
284 1673 422 1729 ambarum
451 1675 692 1747 interpretamento
721 1691 863 1748 perperam
891 1683 933 1730 cst
962 1682 1118 1746 acceptum.
1149 1690 1213 1729 cum

193 1756 260 1814 aliae
282 1759 334 1814 iam
356 1767 448 1815 essent
471 1760 591 1816 extritae.
638 1759 814 1816 Coniecturae
837 1760 918 1815 huius
940 1758 1067 1815 admonet
1088 1774 1143 1813 non
1167 1759 1213 1816 bic

194 1842 282 1899 solum
310 1843 451 1917 Epiphanii
478 1844 571 1909 iocus,
601 1843 649 1900 sed
678 1844 757 1901 etiam
785 1843 959 1908 Ambrosius,
989 1843 1036 1917 qni
1058 1842 1142 1915 Epist.
1163 1844 1212 1909 52,

194 1944 264 2002 qnae
287 1935 328 1983 est
350 1928 443 1985 ultima
465 1930 483 1985 l.
501 1931 528 1993 2,
553 1930 591 1986 sio
613 1929 688 1984 illum
712 1930 797 1985 Oseae
818 1928 1063 2000 locum-concipit:
1088 1927 1123 1982 ur
1144 1945 1213 1984 eoa·

194 2013 264 2068 daei
291 2029 353 2068 eom
378 2029 476 2084 pomer
502 2014 601 2069 bordei
629 2022 659 2068 et
681 2016 848 2085 semipomor
874 2014 973 2069 bordei
994 2022 1019 2068 et
1040 2014 1121 2069 nevel
1142 2014 1212 2069 taini.

194 2096 315 2152 Priorem
338 2107 428 2153 autem
451 2115 557 2154 versum
580 2099 615 2154 ita
631 2099 712 2172 legit:
738 2099 849 2154 Couduc
864 2101 915 2155 tibi
928 2099 1115 2170 formandam
1129 2100 1215 2170 pois·

194 2182 282 2237 &cim
310 2183 445 2238 mnemia.
490 2183 538 2239 Ubi
561 2183 713 2256 quindecim
736 2193 880 2257 argenteos
902 2183 943 2249 ab,
959 2182 1054 2239 bordei
1076 2182 1213 2240 mensuris

194 2266 319 2331 seiunxit,
343 2268 420 2340 qnasi
442 2269 559 2340 pretium
580 2268 646 2324 illud
668 2267 764 2324 hordei
787 2269 876 2335 fuerit,
901 2285 954 2324 non
970 2277 1060 2324 atatem
1076 2268 1216 2325 meretrici

194 2350 230 2407 ad
250 2349 307 2407 ilias
330 2367 470 2417 mensuras
493 2369 652 2426 appensum.
684 2353 753 2427 Ergo
776 2345 946 2429 ἦμίγομορ,
969 2352 1010 2409 vei
1033 2346 1124 2408 λιθὲκ
1146 2369 1217 2430 κρι-

195 2431 265 2491 θῶν
286 2436 390 2492 fortean
413 2437 577 2511 scripserant
593 2437 666 2494 Lxx.
698 2439 752 2493 Nisi
768 2438 901 2495 Ambrosii
923 2438 1068 2495 lectionem
1090 2437 1162 2493 iilam
1182 2454 1216 2494 ex

194 2520 312 2588 miscella
342 2538 388 2587 ea,
418 2539 496 2595 quam
521 2523 651 2596 Origenes
680 2540 712 2579 ex
739 2524 850 2580 diversis
873 2523 1058 2586 concinnavit,
1088 2538 1215 2579 manasse

194 2607 374 2680 suspicemur.

284 2693 341 2750 178
357 2709 382 2747 a.
404 2684 440 2749 τὸ
463 2685 496 2748 δὲ
519 2683 595 2750 αὐτὸ
618 2688 668 2748 καὶ
691 2684 726 2750 τὸ
748 2683 856 2768 γόμορ]
888 2691 943 2747 Vox
962 2691 1012 2747 ista
1027 2682 1124 2767 ydriop
1141 2691 1216 2765 apud

197 2775 313 2831 Graecos
342 2775 465 2849 ambigua
495 2786 546 2833 cst.
591 2776 648 2834 buo
678 2778 749 2833 enim
771 2794 802 2834 ac
824 2775 1001 2833 diversissima
1024 2793 1215 2833 mensurarum

194 2875 295 2933 genera
317 2861 458 2932 significat,
483 2862 534 2917 lroe
557 2871 599 2917 est
621 2876 689 2921 murt
706 2872 733 2920 et
749 2877 823 2926 aua,
847 2878 927 2936 quam
950 2870 1093 2934 utramque
1115 2861 1217 2917 dictio·

196 2960 257 3001 uem
281 2943 374 3000 Gracci
397 2961 446 3017 per
468 2945 580 3001 eandem
603 2945 727 3011 efferunt,
751 2940 858 3021 γόμορ.
888 2946 993 3003 Etenim
1015 2948 1041 3002 in
1066 2944 1110 3001 illo
1127 2947 1216 3003 Oscae

195 3027 271 3090 loeo.
302 3027 349 3084 ubi
379 3039 420 3085 est
444 3042 528 3094 mm,
559 3030 586 3086 id
608 3041 650 3086 cst
670 3031 780 3098 bomer,
803 3026 900 3108 γόμορ
924 3031 995 3104 apud
1017 3031 1077 3087 illos
1100 3029 1211 3103 iegitur.

196 3115 229 3169 m
248 3112 329 3169 Exodi
351 3115 395 3177 16,
419 3112 464 3168 ubi
487 3123 529 3170 est
552 3128 626 3181 mma,
650 3115 762 3189 perinde
784 3118 864 3172 etiam
886 3107 984 3194 γόμιιρ
1007 3115 1072 3172 Lxx
1093 3116 1216 3189 seripse-

196 3204 269 3262 runt,
293 3205 323 3252 ut
346 3208 373 3253 et
388 3197 485 3255 Ezeeh.
503 3202 597 3264 uult
618 3210 646 3257 et
665 3204 710 3258 14.
742 3202 794 3257 Sed
817 3198 976 3258 vocabulum
999 3194 1096 3277 γόμορ
1111 3201 1215 3257 rectius

195 3283 341 3356 posteriori
363 3284 426 3339 hnic
448 3283 590 3350 tribueris,
614 3286 676 3359 qnia
698 3287 856 3343 densissima
880 3285 1062 3343 Hebraeorum
1086 3286 1216 3358 aspiratio

195 3380 287 3439 aper
308 3360 334 3443 γ’
364 3368 464 3425 Graece
492 3369 568 3426 reddi
596 3371 674 3428 solet.
718 3372 812 3445 ltaque
841 3371 871 3428 D.
886 3371 996 3428 Hieron.
1021 3383 1086 3428 'rua
1109 3370 1214 3437 Latine,

194 3466 300 3523 mmor,
325 3467 392 3512 marr
409 3464 505 3511 autem
528 3472 624 3511 corum
645 3457 839 3529 interpretatus
863 3466 913 3512 est.
943 3455 1028 3512 Porro
1045 3455 1148 3512 Gomon
1164 3455 1217 3512 de·

196 3536 265 3593 cina
286 3553 348 3610 pars
371 3547 412 3594 est
435 3539 510 3612 Epiri.
555 3543 589 3596 ut
611 3540 678 3614 Epiri
701 3542 802 3598 decima
826 3558 888 3615 pars
911 3541 984 3605 cori,
1013 3540 1068 3596 sive
1090 3540 1216 3597 cbomer.

196 3621 282 3696 igitur
304 3639 400 3695 gomor
421 3626 567 3680 centesima
591 3643 652 3699 pars
676 3635 717 3681 est
732 3628 853 3683 cbomer.
883 3625 1057 3699 Epiphanius,
1082 3624 1127 3697 qui
1144 3623 1218 3698 apud

197 3707 295 3764 Oscum
323 3707 376 3764 duo
405 3707 448 3763 iiia
476 3709 556 3765 simul
584 3727 639 3767 non
666 3711 785 3784 legerat,
813 3705 911 3786 yo'pop
940 3707 1051 3787 κριθῆς
1072 3718 1100 3765 et
1123 3703 1218 3765 meix

197 3791 318 3865 κριθῆς,
341 3792 381 3848 vei
405 3791 538 3869 κριθῶν,
562 3795 609 3851 sed
631 3795 745 3852 aiterum
768 3805 882 3862 tantum,
907 3788 999 3851 λεθέιι
1020 3791 1151 3871 κριθῶν,
1174 3793 1217 3850 rel

195 3872 294 3956 γόμορ
316 3875 449 3952 κριθῶν,
483 3897 623 3953 perperam
647 3880 791 3936 arbitratus
814 3890 857 3937 est
882 3873 981 3958 γόμορ
1003 3878 1123 3956 κριθῶν
1146 3878 1218 3935 idem

197 3980 258 4021 esse
285 3981 317 4020 ac
339 3957 437 4018 λλεθὲκ
465 3963 599 4040 κριθῶν,
628 3982 741 4038 eamque
770 3967 867 4023 variam
896 3966 1063 4023 diversorum
1092 3963 1220 4021 codicum

196 4047 340 4107 lectionem
362 4050 474 4124 putarit,
496 4067 566 4123 qnae
589 4066 672 4107 unum
695 4050 819 4124 idemque
842 4051 1015 4125 significaret,
1038 4065 1100 4107 cum
1122 4056 1221 4107 essent

198 4133 320 4192 eiusdem
346 4134 399 4193 ioci
428 4135 498 4193 duaa
525 4144 554 4193 et
581 4134 690 4210 quidem
717 4137 886 4205 necessariae
913 4135 1093 4209 diversaeque
1110 4141 1218 4223 partu.
