2586 4822
450 850 558 902 vrnsto
577 851 718 911 surrour.
1041 837 1100 902 187

71 1008 208 1071 priscorum
228 1003 337 1053 codicum
356 1003 494 1062 auctoritas,
514 1011 539 1052 ut
556 1011 639 1054 monet
651 1004 744 1054 clariss.
779 1005 916 1068 Vallsrsius,
935 1020 1028 1055 necnon
1039 1008 1100 1055 ratio

65 1074 173 1138 quidem
192 1074 245 1136 ipsa
263 1072 363 1135 prohat:
389 1071 496 1134 loquitur
514 1072 578 1120 euim
597 1087 626 1121 ιο
645 1071 691 1121 lori
710 1073 869 1136 Hieronymus
887 1074 917 1123 de
936 1073 1014 1137 lapide
1033 1075 1067 1123 sic
1086 1089 1101 1125 s

63 1143 150 1192 sacris
168 1141 255 1190 litteris
273 1139 405 1203 appellato,
424 1139 489 1202 quod
508 1140 528 1187 si
547 1140 753 1190 animadvertisset
772 1141 907 1205 Gesnerus,
934 1151 955 1190 et
975 1143 1027 1206 ipse
1045 1157 1101 1206 pro·

62 1211 137 1261 lecto
161 1210 260 1258 vidisset
279 1207 417 1271 Epitumen,
442 1222 504 1270 quae
529 1208 618 1270 pariter
642 1209 713 1257 habet
730 1201 869 1276 λιγύριον,
895 1225 973 1258 rerarn
993 1224 1101 1260 sertasss

61 1278 217 1339 sectionem,
242 1290 287 1325 nec
310 1276 390 1324 rninus
415 1283 469 1337 apte
493 1276 647 1338 apposuisset
665 1277 688 1325 in
708 1278 827 1338 margine,
850 1283 910 1341 sorte
927 1270 1097 1342 λοκγούριον.

61 1348 148 1398 l‘orro
171 1341 297 1410 λιγύριον
321 1352 344 1392 ιι
361 1336 517 1410 λιγκούριον
538 1345 602 1391 nullo
622 1345 760 1394 discrimine
779 1347 841 1394 inter
859 1361 886 1395 se
904 1346 1001 1395 differre
1019 1347 1101 1409 plures

58 1421 133 1465 suut
154 1413 276 1474 arbitrati,
301 1412 357 1461 lieet
380 1411 439 1460 illud
463 1414 556 1474 ipsum,
581 1413 645 1475 quud
670 1415 713 1462 SS.
733 1414 880 1476 Epiphanius
899 1423 922 1463 et
942 1415 1101 1477 Hieronymus

54 1490 200 1543 asserunt,
225 1481 256 1530 de
280 1479 362 1544 ligerio
381 1479 438 1528 nihil
457 1480 595 1529 adnotatum
614 1495 627 1528 a
647 1482 792 1544 physiologis
808 1481 943 1543 invenisse,
970 1483 1101 1533 discrimen

57 1550 174 1614 aliquod
197 1549 299 1611 probare
316 1548 449 1609 rideretur,
475 1562 528 1596 oum
549 1548 577 1596 de
597 1548 703 1611 lyncurio
723 1557 776 1599 ante
796 1549 954 1612 Epiphaniam
973 1560 997 1599 et
1016 1552 1101 1600 lliero·

57 1633 171 1681 ntmum
189 1617 263 1666 locuti
282 1616 371 1665 luerint
389 1615 470 1677 multi,
489 1616 676 1678 Theophrastus,
695 1617 842 1679 Aristoteles,
862 1619 983 1679 Aelianus,
1002 1619 1100 1681 Plinius,

61 1685 181 1747 Solinus,
201 1684 364 1745 Dioscorides,
384 1684 488 1746 Ovidius,
508 1685 604 1746 aliique.
641 1685 733 1734 l'sellus
752 1687 775 1734 iu
794 1686 835 1735 lib.
855 1688 886 1736 lle
904 1689 1008 1750 lapidum
1025 1690 1100 1736 sirto-

63 1756 139 1806 ss'tss
155 1752 180 1818 q.
195 1756 214 1816 l,
233 1755 297 1802 inter
314 1752 406 1816 lapides
424 1754 518 1814 ignotos
537 1762 652 1802 memorat
670 1753 773 1816 lapidem
791 1749 943 1821 λίγκοορον,
982 1745 1100 1818 Λιγγιύ·

61 1835 140 1883 ριον
155 1837 198 1871 seu
216 1812 383 1887 λνγγιύριον
401 1820 574 1869 restituendum
595 1822 633 1870 hic
653 1830 735 1871 censet
749 1823 896 1882 hlaussacus,
914 1822 957 1871 sed
976 1824 1028 1884 ipse
1047 1822 1100 1885 qul-

68 1890 136 1937 dem
149 1889 324 1939 restituendum
343 1895 451 1952 putarem
469 1881 602 1952 λιγύριον,
623 1904 677 1938 curn
697 1891 735 1938 hie
753 1890 813 1954 lapis
832 1892 894 1939 inter
908 1893 1001 1951 ignotos
1016 1889 1101 1939 reterri

75 1959 168 2020 possit,
191 1972 239 2006 nou
263 1949 441 2021 λυγκούριον,
467 1961 508 2019 qu'r
527 1956 588 2018 lapis
606 1965 654 2006 tam
679 1966 750 2006 notus
777 1966 813 2007 est
838 1973 910 2020 quam
929 1958 969 2007 ille
987 1960 1097 2019 iquotust

74 2026 169 2076 seilicet
185 2027 260 2090 lepis,
286 2039 358 2087 quern
375 2017 500 2089 λιγύριον
517 2032 613 2085 ιυιοοι,
639 2025 715 2086 primo
735 2033 806 2075 notus
824 2028 850 2074 tlt
869 2041 896 2074 ex
915 2028 1023 2075 versione
1043 2024 1101 2075 txtt

80 2092 151 2143 Erod.
168 2093 328 2159 capllll'lll,
342 2093 386 2142 ts:
412 2093 475 2141 unde
494 2101 616 2141 mutuatus
635 2101 671 2141 est
689 2094 759 2142 etiam
779 2094 896 2156 Iosephus
914 2095 954 2143 lib.
972 2097 1047 2158 dntiq.
1067 2092 1101 2143 lli

86 2163 153 2223 capl
172 2160 196 2226 §-
206 2161 231 2223 6,
251 2170 273 2210 ιι
292 2163 323 2211 lle
342 2162 401 2210 lello
420 2163 514 2210 ludoico
534 2161 601 2210 lih.ll
621 2163 699 2220 caps
717 2158 776 2223 §.l
814 2162 926 2219 Quinirno
945 2162 1048 2224 idipsum
1069 2162 1101 2211 do

87 2230 184 2288 ‹quolihet
207 2229 253 2278 atio
278 2236 376 2277 auctore
401 2229 509 2291 {tgr-rium
534 2236 681 2277 memorante
707 2231 854 2279 censendum
880 2237 923 2279 est.
960 2231 1050 2279 Omnes
1069 2229 1099 2279 ds

94 2295 157 2356 lapide
178 2300 212 2347 sie
237 2298 302 2347 dicto
327 2296 390 2361 apud
415 2311 497 2346 sacras
518 2298 618 2346 Litteras
638 2299 691 2359 rupi
710 2299 796 2346 solunt.
833 2301 918 2346 l'erum
937 2298 995 2347 illud
1015 2306 1099 2346 notan-

97 2361 140 2413 dum
153 2368 252 2416 maxime
271 2374 315 2425 est,
334 2365 412 2428 ipsum
423 2365 589 2428 Epiphaniam,
609 2380 661 2413 curn
681 2365 710 2413 de
728 2365 809 2428 legiris
829 2366 887 2414 nihil
905 2366 1021 2415 invenerit
1040 2368 1100 2414 scri-

99 2438 148 2489 ptun
169 2435 230 2498 apud
255 2433 421 2497 physiologos,
445 2433 639 2482 subdubitantem
657 2432 730 2481 rideri
750 2435 813 2482 huno
831 2433 933 2495 lapidem
952 2448 964 2482 a
983 2434 1100 2496 lyncurio,

103 2498 122 2544 ab
139 2516 162 2550 ιο
180 2504 311 2567 lruquriurn
330 2503 411 2564 potius
429 2501 534 2562 dictum,
561 2501 678 2548 diversum
698 2515 745 2549 non
765 2515 827 2548 esse.
864 2501 946 2563 Neque
965 2515 1019 2549 vero
1038 2501 1099 2549 ratio

103 2564 156 2631 deest,
173 2571 301 2634 quominus
320 2569 394 2633 ligurii
413 2583 500 2617 nomen
520 2569 590 2631 lapidi
610 2569 716 2631 lyncurio
734 2569 869 2629 obvenerit,
891 2570 911 2617 si
929 2568 989 2616 tides
1008 2567 1100 2617 Salrnn·

103 2633 128 2680 sio
145 2640 284 2689 insitiuum
302 2637 380 2700 pse,
405 2637 531 2698 aliiquria
557 2637 614 2684 illud
640 2643 718 2684 ortum
742 2650 797 2685 esse
815 2635 925 2696 docenti,
951 2644 974 2684 et
992 2635 1100 2700 lyncurio

104 2699 173 2766 latum,
195 2707 260 2770 quud
282 2706 393 2754 nirnirutn
418 2705 442 2753 in
462 2705 554 2765 liguria
575 2704 705 2766 lyncurium
725 2704 863 2753 invenietur.
899 2703 947 2752 Sed
967 2706 1026 2753 haec
1044 2704 1100 2767 quis

104 2771 174 2835 credat,
196 2789 249 2824 cum
274 2773 348 2837 ligprii
373 2773 471 2822 nornine
489 2774 525 2821 usi
545 2772 593 2820 siut
612 2773 689 2820 solum
710 2772 764 2821 Lllll
782 2771 947 2834 interpretes?
983 2773 1054 2822 Porro
1074 2779 1100 2820 ιιι

104 2839 165 2895 trehet
181 2841 310 2906 lyncurium
330 2842 353 2889 iu
366 2841 457 2902 Liguria
477 2842 550 2898 nasci,
569 2840 759 2902 Theophrastum
778 2841 866 2890 laudat.
902 2841 983 2890 Satius
1002 2841 1100 2890 laudare

105 2909 196 2963 recinet
211 2910 371 2960 Strabonem:
397 2909 436 2957 lric
455 2909 518 2957 enirn
537 2909 627 2957 diserte
645 2908 743 2971 quidem
761 2908 800 2959 lib.
813 2910 839 2957 tt
859 2923 881 2970 p.
892 2909 941 2958 202
959 2917 1000 2958 aut
1019 2909 1100 2971 pato
1131 2958 1135 2977 ,

105 2972 131 3020 tl.
144 2977 207 3027 lmst.
222 2978 302 3037 tint,
323 2978 454 3040 lyncurium
472 2976 537 3040 apud
555 2977 653 3037 Ligures
673 2977 771 3039 copiose
789 2977 911 3026 abundare
929 2978 974 3033 uit,
999 2985 1022 3026 et
1041 2976 1099 3026 illud

105 3039 127 3114 lh
138 3043 179 3093 aliis
196 3046 285 3094 dictum
304 3044 379 3095 fuisse
398 3045 521 3105 electrum,
540 3039 679 3100 πλεονάζει
697 3039 726 3093 δὲ
744 3039 789 3092 καὶ
807 3039 837 3092 τὸ
855 3038 1016 3111 λιγγούριον
1033 3033 1096 3109 παρ’

106 3111 181 3167 ocreis,
204 3105 219 3162 ύ
239 3126 309 3165 τινες
328 3103 457 3178 ἤλεκτρον
473 3107 721 3176 προσαγορεύουσι.
762 3115 882 3177 thpiosum
901 3123 933 3163 est
951 3117 1019 3164 etium
1038 3114 1100 3177 opud

106 3190 133 3221 ιιι
146 3184 229 3245 (nempe
249 3183 357 3243 Ligureot
376 3183 514 3244 lynpurium,
535 3184 597 3245 quod
615 3182 722 3230 ooortrrili
741 3184 901 3244 copaorrrs'nant
920 3184 1035 3231 electrum.
1071 3182 1101 3228 dt

106 3239 255 3310 Theophrastus
280 3249 310 3298 de
333 3249 432 3297 succino
456 3248 577 3312 loquitur,
602 3263 649 3297 non
675 3257 753 3296 autern
773 3249 803 3297 de
821 3249 936 3311 lyncurio.
972 3249 1022 3298 h'eo
1040 3247 1102 3297 iavet

106 3308 208 3385 Sllnssio,
232 3318 298 3381 quod
317 3317 397 3379 addit,
415 3318 539 3365 succinum
559 3331 613 3365 cum
633 3316 740 3380 lyncurio
759 3316 885 3365 confusum
904 3316 993 3365 luisse:
1021 3330 1100 3378 nequs

106 3390 151 3428 llll
163 3384 337 3449 Theophrastus
361 3384 500 3444 contundit,
525 3385 566 3448 qui
591 3400 644 3433 cum
670 3384 779 3433 docuerit
802 3384 934 3446 lyncurium
954 3384 1100 3433 soliditatem

107 3441 167 3520 'stitis
184 3455 279 3517 hahere,
297 3455 417 3502 attrahere
436 3461 529 3512 autem,
550 3460 576 3502 ut
593 3453 732 3513 succinum,
759 3459 782 3500 et
800 3467 827 3500 es
847 3466 875 3501 eo
895 3452 970 3512 sigilla
988 3453 1039 3501 ileri
1058 3451 1101 3501 ad·

106 3510 141 3574 dt,
154 3520 201 3570 illud
220 3523 296 3585 polire
314 3521 382 3570 rnulti
400 3520 489 3570 laboris
507 3535 557 3569 rem
576 3534 644 3582 esse,
664 3527 687 3568 ct
706 3518 807 3578 deinde,
832 3519 911 3582 ipsum
929 3528 1009 3569 autem
1029 3521 1101 3569 etiam

107 3585 202 3638 sutrinum
219 3605 274 3640 esse
292 3588 404 3652 lapidem,
423 3589 487 3652 quod
506 3589 530 3637 in
544 3589 638 3649 Liguria
657 3589 689 3636 sit
706 3588 797 3636 tosstte.
833 3588 925 3636 ilerum
944 3589 1050 3636 sensisse
1067 3587 1100 3637 ι’ν-

106 3647 156 3701 detur
173 3659 239 3707 stiam
260 3656 350 3706 Plinius
368 3656 515 3706 lihllelllll
535 3657 627 3719 cuph:
654 3657 684 3705 de
708 3655 808 3705 succino
833 3656 895 3705 euim
915 3670 1002 3717 agens,
1029 3655 1099 3703 etde

10 3746 13 3763 .
106 3719 155 3769 rariit
173 3725 193 3774 in
216 3725 305 3790 quihus
329 3725 392 3787 gigni
410 3724 497 3774 dicitur
516 3725 590 3785 locis,
615 3725 806 3787 Theophrastum
825 3724 920 3772 laudat:
946 3739 1001 3773 curn
1019 3730 1099 3771 autem

106 3783 163 3860 telert,
178 3795 215 3858 qui
235 3808 289 3842 oum
308 3792 415 3857 lyncurio
433 3793 557 3842 succinum
577 3793 788 3854 commiscuerunt,
806 3792 870 3840 illius
887 3805 1038 3855 nequaquem
1050 3803 1100 3837 me·

105 3856 159 3928 aruit.
190 3863 308 3923 Ceterum,
327 3860 393 3924 quod
411 3875 425 3910 a
443 3861 563 3911 nonnullis
582 3862 697 3910 electrum
716 3875 770 3910 cum
790 3861 896 3924 lyncurio
909 3859 1034 3909 coniusum
1048 3856 1101 3906 ius·

105 3927 128 3967 rit
140 3924 216 3978 iullcias
233 3931 269 3979 ire
288 3930 401 3992 squidem
420 3944 523 3993 nequeo,
541 3943 595 3978 curn
615 3930 791 3979 allemostrato
811 3929 926 3978 electrum
945 3927 985 3976 tali
1004 3925 1100 3974 nomine

103 4000 186 4045 tentum
207 3999 282 4048 luisse
307 3997 375 4047 testis
401 3998 431 4045 sit
454 3998 517 4046 idem
537 3997 625 4047 Plinius
650 3998 745 4047 laudato
764 3997 833 4059 loeo,
858 4006 882 4046 et
900 4011 943 4060 pro
963 3992 1100 4058 synonymis

103 4056 294 4129 interstrataque
312 4079 400 4115 nomeu
419 4066 560 4128 Hesychius,
579 4074 604 4115 st
622 4066 735 4115 hahuisse
754 4066 825 4115 etiam
839 4066 981 4114 Strabonem
1001 4075 1028 4109 es
1047 4061 1101 4110 eius

102 4134 204 4196 sententia,
222 4148 295 4198 quem
313 4148 387 4197 supra
405 4134 538 4195 retulimus,
557 4141 658 4183 constet.
695 4134 781 4184 llesum
804 4149 830 4183 er
850 4131 924 4182 Plinio
944 4129 1033 4193 pariter
1050 4129 1100 4180 col-
