2586 4822
141 781 202 825 exit
504 798 508 803 ·
553 776 749 829 steterumt
788 792 794 809 ¹

141 935 212 993 ierat
233 932 415 990 namationem
439 932 474 989 tie
495 947 644 1007 congressu
667 941 697 989 et
713 930 892 989 contentione
913 931 1057 1006 Epipinenii
1078 940 1159 1008 atqss

142 1018 287 1076 Eudosiee.
315 1017 371 1074 Nec
392 1016 476 1074 reisrt
498 1017 573 1090 quoti
593 1016 687 1074 eadem
710 1018 805 1073 eodem
827 1015 885 1074 iere
900 1017 981 1074 noto
995 1017 1025 1074 in
1038 1016 1159 1076 steu-

140 1104 186 1161 nis
212 1103 398 1178 chrysostomi
429 1102 559 1159 encomio
585 1102 696 1175 scripsit
722 1102 777 1158 Leo
810 1102 972 1175 imperator:
1004 1102 1051 1159 irie
1078 1100 1158 1168 eain.

142 1188 265 1265 quinque
290 1197 354 1261 post
381 1203 440 1244 rem
467 1196 570 1260 gestam
597 1185 728 1248 sacculis.
757 1186 888 1261 deceptus
913 1186 965 1244 tuit
986 1186 1088 1262 spatiis
1109 1186 1159 1244 iliis

142 1273 232 1338 stetise
253 1289 340 1346 enque
362 1271 532 1345 transcripsit
553 1280 687 1345 quatenos
708 1271 742 1327 aii
764 1288 844 1328 suom
863 1281 1057 1346 argumentum
1072 1273 1159 1330 iim

142 1357 311 1415 ridebantur.
1106 1376 1110 1381 ·
1140 1380 1143 1385 ·

567 1506 674 1565 uiuet
697 1507 738 1565 tt.

184 1629 396 1685 Ereminuntur
415 1625 486 1683 Actu
508 1627 763 1786 euittxn'pentenue
785 1644 805 1683 o
825 1627 933 1684 ionem
955 1629 1120 1702 comeripte
1147 1636 1150 1641 '

613 1719 725 1784 punior.

228 1869 280 1924 45.
313 1865 402 1924 Vitem
423 1865 551 1922 Graecum
574 1864 603 1921 S.
621 1864 771 1938 Epiphanii,
795 1881 866 1939 quse
887 1865 950 1921 oiim
972 1865 1068 1922 mune
1090 1864 1159 1923 οἴη

142 1949 300 2008 habebitur.
315 1951 343 2007 in
364 1951 389 2006 tt
409 1958 484 2007 tomo
505 1951 623 2024 Operum
647 1949 715 2015 eius,
738 1949 819 2006 etiem
835 1949 939 2006 mettis
952 1949 988 2005 ia¹
1003 1949 1076 2007 iocis
1094 1966 1160 2009 aas

142 2035 309 2109 recognitam
330 2036 395 2092 dere
417 2035 501 2092 voluit
515 2034 658 2109 Dionysius
674 2034 808 2097 Petnrius,
832 2044 890 2091 “ne
907 2035 983 2110 quid,
1004 2034 1081 2109 quoti
1097 2034 1165 2110 upt-

136 2121 232 2194 pimnii
261 2121 371 2177 nominc
398 2129 539 2195 uteunque
565 2130 608 2176 est
640 2119 815 2194 inscriptum,
848 2119 1015 2176 desideraret
1047 2120 1158 2179 tector&

141 2205 300 2278 Quinquies
321 2205 394 2262 enim
415 2206 474 2278 ipse
496 2220 605 2278 qnoque
628 2204 773 2270 iudicaret,
803 2204 877 2278 quoi
897 2221 930 2261 oa
952 2205 999 2260 “in
1022 2205 1161 2280 plerisque

140 2289 246 2348 tabulae
269 2299 312 2347 eat
333 2307 413 2363 quiem
435 2290 564 2346 historiae
586 2289 707 2363 propior,
730 2298 762 2347 ut
775 2288 930 2346 iamdudum
951 2290 979 2347 in
1001 2288 1159 2347 Annaliun

141 2375 271 2433 Batonius
292 2375 457 2440 tedrnonuit,u
479 2374 607 2449 sperabat
628 2384 718 2432 tamon
742 2375 836 2432 “iore''
857 2385 888 2431 ut
904 2376 952 2430 “in
967 2373 1104 2433 lutulenta
1119 2375 1160 2432 itti

140 2460 311 2517 nerratmn&
331 2470 406 2517 esset
428 2460 571 2517 “tortussis
593 2459 667 2534 quoti
690 2458 787 2516 toiisre
808 2459 912 2533 possis:
935 2475 997 2517 nim
1013 2451 1160 2534 “alioqui'!

140 2545 237 2619 inquit,
261 2545 365 2602 “mirtta
387 2545 517 2608 eontinet,
540 2562 610 2619 quac
633 2560 694 2601 cum
718 2561 779 2601 vem
800 2554 965 2619 receptoque
982 2544 1018 2601 eb
1034 2545 1159 2603 omnibu

140 2631 253 2689 historie
274 2639 455 2687 consentaneo
477 2639 550 2693 sunt,
574 2630 623 2687 setl
644 2629 738 2687 eedem
759 2631 873 2687 admisto
895 2630 982 2686 falsis:
1009 2630 1038 2687 in
1062 2629 1159 2705 quibas

140 2715 334 2781 discernendis,
357 2715 381 2772 si
402 2714 476 2771 ninii·
490 2714 571 2780 atiud,
595 2723 682 2778 tuom,
705 2714 792 2771 tector
806 2714 1008 2781 humanissime,
1031 2715 1159 2773 iudicia!

139 2817 171 2857 ec
199 2795 315 2878 κριτικὴ
343 2802 398 2875 τῆς
425 2793 563 2876 ἱστορίας
584 2793 713 2873 δύναμις
733 2798 853 2857 exerceri
876 2797 987 2873 possit''.
1033 2798 1157 2869 Quaeri

140 2895 275 2959 quatenns
297 2902 358 2942 vera
380 2886 453 2942 credi
475 2884 606 2949 debeant,
635 2885 701 2940 satis
723 2901 756 2941 ex
778 2883 911 2959 capitibus
931 2884 1157 2958 praecedentibus

138 2968 227 3027 lector
247 2969 395 3043 intelliget:
419 2987 499 3044 quem
521 2969 605 3026 muita
627 2969 684 3026 sint
704 2969 845 3027 manifeste
866 2968 941 3034 sulse,
964 2986 1041 3027 nunc
1062 2985 1158 3045 aggre-

140 3053 198 3109 diar
218 3054 363 3127 explicare.
393 3053 451 3112 iioc
471 3064 561 3111 nutem
585 3054 666 3119 iacto,
690 3053 846 3129 apparebit,
869 3063 974 3111 caetera
996 3054 1071 3112 inter
1093 3055 1157 3112 itaet

139 3137 226 3195 media
249 3138 381 3196 eiusmodi
404 3156 480 3203 esso,
502 3148 535 3194 ut
555 3139 620 3197 iicet
641 3156 692 3213 per
713 3140 801 3212 seipsa
824 3139 903 3195 tidem
926 3155 980 3195 non
1004 3139 1155 3204 exertant,

140 3238 197 3279 mot
221 3231 311 3279 temen
332 3223 452 3295 prudens
474 3240 555 3279 nemo
577 3223 641 3281 dare
656 3225 721 3298 ipsis
743 3225 839 3298 possit,
863 3223 982 3297 quaudiu
1004 3241 1062 3281 non
1077 3224 1155 3283 auo·

139 3316 277 3364 auctorem
306 3309 432 3365 sciuntur
458 3308 559 3366 hebere
580 3327 595 3365 a
618 3309 823 3366 mendacissimo
845 3309 924 3365 istius
951 3310 1031 3368 i'a'tne
1054 3308 1156 3383 conpi-

135 3391 234 3449 latore.
278 3391 356 3449 Hono
382 3402 413 3451 tu
441 3410 505 3452 cere
532 3411 567 3452 ne
588 3394 797 3468 Memphrestem
826 3410 887 3451 esse
915 3410 947 3449 en
969 3394 1042 3468 mtgt
1065 3408 1155 3453 emere

138 3476 243 3542 credas,
266 3492 326 3533 cum
349 3478 436 3552 stylus
458 3480 557 3554 passim
579 3479 706 3535 concisus
727 3495 743 3534 s
764 3479 835 3553 stylo
851 3478 1043 3552 iietephrastis
1064 3481 1155 3554 perio·

139 3561 199 3619 dico
222 3571 250 3618 ct
271 3561 354 3619 fluido
377 3563 573 3621 diversissimus
595 3564 640 3620 sit.
671 3563 792 3620 Praefert
807 3563 850 3620 iiia
867 3563 928 3621 Vite
943 3563 1061 3621 duorum
1077 3563 1156 3621 disei-

138 3645 265 3721 pulorum
287 3647 395 3704 ioannis
416 3659 444 3706 et
466 3648 586 3722 Polybi,
610 3658 641 3705 ut
663 3648 731 3713 dixi,
755 3649 878 3707 nomino:
902 3649 948 3723 qui
971 3659 999 3709 et
1021 3650 1049 3711 in
1073 3648 1156 3724 prin

136 3747 253 3806 persona
282 3731 383 3805 ubique
409 3734 575 3809 loquuntur,
605 3733 670 3790 iicet
690 3749 761 3789 unus
782 3733 908 3809 idemque
930 3733 966 3790 sit
987 3749 1003 3790 a
1026 3733 1157 3809 principie

138 3833 224 3890 usque
252 3816 288 3873 ed
315 3817 396 3874 tinem
423 3817 525 3892 ntyiur,
554 3817 669 3892 proinde
690 3833 746 3873 uon
767 3818 819 3874 nisi
841 3835 926 3874 unum
948 3828 1091 3876 auctorem
1112 3834 1159 3876 re·

137 3903 220 3968 ierat;
243 3919 298 3958 nou
321 3912 410 3960 tamen
433 3903 545 3960 omuino
565 3902 751 3969 reiciendum,
775 3903 798 3959 si
820 3919 881 3960 vern
901 3903 1021 3960 onomat
1043 3905 1158 3962 istorum

137 3989 236 4063 scripta
264 4003 330 4062 pree
358 3988 444 4045 oculis
458 3988 592 4053 iubens,
620 4004 673 4045 suo
699 3987 744 4045 iiie
766 3987 896 4046 duntamt
916 3998 1078 4058 emmisset
1098 4004 1160 4047 ser·

137 4090 232 4141 mone,
261 4089 346 4132 suso
373 4083 491 4132 servito.
536 4073 593 4143 Qua
620 4083 711 4131 autem
733 4083 823 4133 estete
844 4073 890 4132 iiie
909 4074 1069 4150 scripserit,
1096 4074 1161 4151 quis
