2586 4822
116 788 167 835 m

202 941 253 999 36.
284 939 396 1001 ‘⁴Porro,
411 938 594 1015 epiphanius,
614 939 669 1012 -qui
690 937 814 1014 odpenh
840 936 926 995 libros
953 936 1008 995 isa
1028 934 1128 1011 pum

118 1024 306 1091 acamamtur,
332 1024 476 1099 Theophili
496 1023 594 1083 litteris
615 1023 693 1085 lacile
714 1038 856 1081 amaneum
878 1020 1021 1096 praebuit:
1047 1020 1131 1087 cahe-

33 1155 36 1161 .
115 1102 217 1185 etnqbe
245 1109 405 1185 cypriorum
432 1109 624 1185 opiscoporum
649 1109 781 1177 cnidda.
816 1106 941 1181 origenis
967 1105 1054 1165 ntro·
1070 1105 1130 1181 dam'

116 1193 267 1271 probibuit.
305 1193 380 1253 batis
401 1192 499 1253 deinde
519 1193 627 1258 truens
650 1203 708 1257 lum
728 1193 762 1251 ad
784 1191 865 1258 allos.
889 1200 948 1251 uun
968 1191 1004 1249 ad
1024 1192 1132 1265 apinae

115 1296 182 1357 pum
205 1279 548 1354 musunnaspotiunum.
576 1295 608 1341 ca
635 1295 706 1353 quae
734 1278 876 1352 aspnodo
896 1277 1006 1335 deumne
1027 1276 1133 1337 truse

115 1363 327 1431 insinuantibus,
350 1364 476 1423 hortatos
496 1371 540 1427 est
559 1363 621 1421 illos
635 1372 667 1421 nt
680 1363 814 1439 synodum
828 1371 1012 1421 commearent
1023 1360 1134 1425 abm-

116 1467 171 1526 que
194 1448 382 1509 decernerent.
426 1448 646 1511 Animaduertcns
668 1449 751 1524 igitur
771 1446 940 1522 Theophilus
960 1463 993 1505 ee
1015 1445 1133 1521 Epipha-

116 1535 191 1593 nium
220 1533 325 1608 absque
351 1533 471 1609 periculo
493 1534 571 1609 sequi
592 1550 690 1608 posse,
718 1543 816 1608 umote
836 1549 917 1606 qnam
939 1531 1024 1589 multi
1039 1530 1133 1591 buda·

116 1628 188 1687 rent,
211 1627 239 1677 et
260 1618 337 1677 cuius
359 1618 522 1683 sententiam
542 1618 579 1677 ob
601 1619 670 1677 sitan
684 1619 855 1685 sanctitatem
869 1616 1053 1691 suspicerent:
1076 1616 1133 1691 ipse

116 1720 236 1778 quoque,
259 1720 321 1759 cum
343 1704 477 1778 episcopis
499 1704 545 1778 qui
567 1703 617 1761 snb
640 1704 699 1778 ipso
723 1712 810 1769 erant.
831 1702 902 1761 idem
924 1701 1000 1777 quot
1013 1700 1133 1776 Epipha-

116 1788 178 1846 nius
200 1787 327 1845 decrevit.
357 1788 455 1845 Verum
478 1789 592 1846 loannes
614 1789 732 1846 studium
748 1788 856 1845 illorum
871 1780 942 1843 haud
958 1786 1049 1859 magni
1064 1802 1133 1860 pon-

117 1874 188 1931 deris
211 1890 272 1930 esse
295 1874 462 1938 existimavit,
486 1882 513 1930 ot
534 1873 675 1948 Epiphanii
696 1891 728 1931 ac
743 1871 887 1946 Theophili
908 1872 1014 1928 litteras
1038 1871 1132 1944 nome

116 1959 167 2015 xit:
191 1975 223 2015 ex
245 1959 444 2032 potentioribus
467 1977 529 2015 vero
552 1959 589 2023 hi,
611 1959 660 2032 qui
679 1959 773 2016 loanm
795 1957 916 2032 privatim
932 1956 1031 2012 inlensi
1046 1965 1131 2020 erant,

115 2059 178 2101 eum
199 2042 394 2101 intellexissent
415 2043 596 2119 Theophilum
617 2044 645 2101 id
666 2061 757 2119 agere.
779 2052 810 2103 ut
824 2043 952 2101 loannem
974 2041 1132 2117 episcopatu

116 2134 237 2192 exueret,
260 2126 311 2201 ipsi
333 2145 443 2202 quoquo
465 2146 575 2203 operam
597 2145 674 2185 suam
695 2146 727 2187 ac
744 2128 863 2185 studium
878 2126 1065 2191 contulerunt.
1089 2134 1132 2183 ut·

115 2228 170 2287 que
185 2212 418 2287 Constantinopoli
440 2214 551 2273 unanima
573 2215 693 2288 synodus
714 2212 794 2273 lieret
808 2220 999 2286 procurarent.
1029 2208 1132 2280 Quibus

115 2296 232 2372 cognitis
247 2296 413 2371 Theophilus
435 2297 524 2357 adhuc
545 2299 631 2372 magis
651 2298 784 2364 incubuit,
808 2307 836 2357 ot
857 2298 1003 2371 episcopos
1025 2296 1133 2371 quida·

115 2382 229 2459 Aegypti
250 2383 376 2456 nauigare
397 2383 478 2440 iussit
492 2383 762 2458 Constantinopolim.
785 2383 935 2457 Epiphanio
951 2398 1017 2439 vero
1031 2390 1062 2441 et
1074 2380 1133 2441 ants

114 2483 165 2541 per
179 2466 316 2527 Orientem
339 2467 473 2543 episeopis
493 2469 611 2542 scripsit,
635 2479 667 2527 ut
687 2486 767 2545 qnam
789 2468 905 2542 primum
920 2467 949 2525 in
963 2482 1050 2525 unum
1066 2482 1134 2525 oon·

115 2553 252 2613 lenirent:
275 2553 334 2628 ipse
353 2553 476 2627 pedestri
495 2554 593 2613 iuuere
615 2553 820 2628 proficiscitur'.

201 2640 251 2697 32.
282 2637 358 2695 “lieo
378 2638 465 2697 multo
486 2649 551 2713 post
570 2639 752 2713 Epiphanius,
781 2654 843 2695 cum
865 2635 968 2711 primns
985 2652 1025 2697 'cx
1046 2634 1134 2695 insti

115 2722 204 2797 Cypro
225 2722 360 2788 solvisset.
382 2725 416 2781 ad
436 2723 527 2781 locum
550 2724 621 2783 haud
643 2722 794 2798 proculab
817 2721 885 2781 urbe
901 2720 1134 2795 Constantinopo-

114 2807 212 2873 litana,
236 2825 316 2882 quem
338 2808 490 2883 Septimum
512 2819 616 2873 vocant.
640 2807 784 2883 applicuit;
814 2808 936 2882 luctaque
958 2807 1085 2864 oratione
1105 2805 1133 2863 in

115 2891 229 2951 ecclesa
251 2910 320 2968 quae
342 2893 396 2951 illic
418 2903 474 2958 est,
501 2894 530 2951 iu
556 2893 653 2951 urbam
673 2893 802 2951 introivit.
844 2892 913 2949 llum
934 2891 1133 2965 ingrediente·

114 2977 228 3035 loannes
250 2994 366 3035 occursu
388 2978 453 3035 cleri
476 2978 559 3037 totius
582 2979 738 3037 honoravit:
762 2988 790 3035 at
803 2977 969 3051 Epiphanius
989 2975 1133 3052 perspicae

115 3060 272 3127 declaravit.
304 3062 376 3134 quod
399 3062 540 3121 calumniis
562 3062 691 3121 advorsus
713 3064 840 3121 loannem
862 3061 1032 3119 mucinnatis
1053 3060 1132 3121 ntea

114 3144 263 3207 habuisset.
308 3146 437 3205 lus-italus
466 3148 537 3207 cuins
566 3157 597 3207 ut
624 3148 652 3205 in
675 3147 787 3207 aedibus
809 3146 1001 3205 ecclesiasticis
1024 3161 1132 3205 manae

113 3229 210 3294 uellet,
238 3230 396 3306 neutiquam
423 3234 570 3306 ampuieuit:
600 3241 628 3290 et
656 3251 717 3293 cum
739 3234 839 3291 loanne
866 3231 976 3305 uiridem
1002 3230 1132 3306 congredi

114 3313 223 3389 penitus
245 3314 416 3373 detrectavit:
440 3319 563 3391 privatim
585 3336 648 3377 vero
670 3318 825 3377 convocatis
847 3317 983 3391 episcopis
1005 3317 1055 3390 qni
1076 3325 1132 3375 tun

114 3398 348 3474 Constantinopoli
375 3402 568 3473 morabantur.
598 3421 630 3463 ea
657 3420 728 3478 quaa
749 3403 877 3461 aliorsus
899 3401 986 3459 bbros
1009 3400 1132 3475 tlr'qen'n

115 3482 223 3541 decreta
252 3485 359 3544 lucrant
383 3487 416 3544 iis
438 3489 572 3547 ostendit:
600 3505 634 3545 ac
655 3487 792 3545 nonnullis
813 3486 922 3561 quidem
945 3488 1084 3559 persuasit
1102 3492 1131 3543 nt

113 3566 230 3627 decretis
257 3569 477 3631 subscriberent:
504 3573 597 3647 phines
620 3591 684 3631 vero
706 3573 732 3629 id
754 3574 843 3631 lacem
864 3581 1030 3629 resumtum
1041 3608 1131 3629 .....

112 3653 198 3713 Porro
221 3654 334 3715 loannes
356 3658 445 3715 adhuc
466 3658 641 3717 nibilominus
657 3659 836 3716 reuerentiam
852 3654 998 3713 exhibebat
1010 3654 1133 3731 Epipha-

111 3739 174 3805 nio,
197 3756 314 3815 eumque
335 3741 497 3801 hortabatur
519 3751 549 3801 ut
570 3732 698 3801 collectas
719 3759 813 3801 secum
835 3739 992 3805 celebrare,
1015 3750 1044 3799 et
1066 3756 1133 3799 con-

113 3821 280 3883 tubernalem
302 3826 391 3901 ipsum
413 3826 515 3885 habere
536 3828 625 3887 vellet.
670 3829 768 3887 Verum
790 3826 966 3901 Epiphanius,
990 3844 1022 3885 so
1044 3840 1132 3899 neque

111 3909 169 3967 cius
190 3909 272 3967 domo
295 3928 417 3977 usurum,
441 3930 492 3971 nec
514 3930 575 3971 cum
598 3930 631 3971 oo
654 3922 794 3971 oraturum
817 3930 879 3971 esse
900 3911 1060 3985 respondit,
1082 3909 1133 3969 nisi

111 3995 234 4070 (trigenis
258 3994 342 4052 libros
363 3998 439 4070 prins
461 3997 630 4065 damnasset,
657 4009 685 4057 at
706 3998 867 4057 llioscorum
889 4013 942 4052 una
964 4013 1030 4055 cum
1050 3994 1132 4053 sociis

110 4079 267 4154 expulisset.
308 4080 361 4151 Sed
389 4098 452 4139 cum
472 4082 519 4141 ille
539 4093 604 4143 ante
624 4100 723 4143 musae
744 4082 928 4158 coguitionem
950 4082 1021 4141 haec
1041 4080 1133 4139 lacere
