2586 4822
138 788 200 849 204
432 796 435 801 ⁴
493 799 570 848 uum
590 798 629 848 un
648 798 686 847 xu
708 797 820 847 cannis

149 957 234 1012 cimus
265 953 413 1017 habeatur,
447 954 490 1009 hic
519 961 678 1008 numeretur
707 952 899 1017 duodecimus,
933 953 1006 1007 iuxta
1028 961 1174 1026 cogentem

148 1040 339 1095 necessitatem
362 1038 566 1111 compositionis
590 1039 670 1093 huius
694 1038 810 1100 numeri,
834 1054 914 1109 quarn
930 1038 1082 1110 reperimus
1099 1037 1175 1094 ordi-

150 1136 248 1181 natam.
287 1126 316 1179 ln
340 1125 441 1180 Graeca
464 1124 564 1195 quippe
587 1123 734 1186 locutione,
759 1139 828 1196 quae
852 1139 883 1177 cx
898 1121 1021 1178 Hebraea
1044 1122 1175 1178 translata

151 1221 201 1274 est,
226 1210 390 1282 onychinum
414 1208 529 1280 lapidem
552 1207 741 1263 duodecimum
764 1207 914 1262 invenimus
938 1207 1067 1280 positum,
1091 1216 1175 1282 atque

124 1295 339 1356 otiosissimum,
374 1295 409 1348 ita
445 1302 475 1348 ut
503 1292 639 1347 Beniamin
674 1293 700 1346 in
730 1292 986 1364 cornemplationem
1015 1293 1057 1347 sui
1086 1291 1175 1358 modis

151 1379 277 1436 omuibus
300 1379 426 1434 attrahat.
465 1376 640 1432 Undecimum
664 1394 726 1431 vero
749 1377 899 1432 invenimus
922 1377 1064 1449 beryllum,
1093 1393 1175 1449 quem

150 1475 178 1521 ct
200 1464 343 1520 undecimo
366 1462 464 1534 loseph
488 1471 541 1516 tarn
565 1463 636 1516 iuxta
660 1479 812 1525 numerum,
843 1479 924 1535 quam
952 1462 1025 1516 iuxta
1047 1472 1176 1518 coutem-

148 1549 295 1622 plationeru
318 1557 520 1619 consequenter
541 1547 699 1618 aptavimus.
730 1546 906 1619 inspicientes
923 1547 1002 1601 etiam
1014 1546 1217 1620 llebraicambd

150 1633 281 1695 Exodum,
305 1633 330 1688 in
355 1649 407 1705 qua
431 1627 458 1686 el
479 1631 521 1686 les
545 1629 676 1702 probatur
698 1632 823 1702 ascripta,
846 1631 1024 1705 legentesque
1040 1631 1073 1687 de
1090 1632 1178 1687 ratio-

112 1718 205 1775 tunali
228 1719 289 1780 hoc,
313 1718 340 1771 in
364 1734 418 1788 quo
442 1716 510 1771 clusi
533 1725 609 1770 eraut
632 1717 676 1771 isti
690 1715 802 1787 lapides,
826 1716 992 1772 inveniemus
1008 1717 1175 1790 onychinum

149 1804 266 1876 lapidem
296 1802 373 1857 aliter
402 1802 564 1856 ordinatum.
618 1800 780 1855 Undecimus
811 1803 917 1874 positus
946 1810 1018 1866 erat;
1052 1800 1176 1874 beryllus

152 1887 328 1944 duodecimus
351 1897 432 1958 atque
455 1888 650 1958 postremus⁰p
696 1885 770 1939 Unde
793 1886 990 1959 propemodum
1014 1885 1095 1942 nobis
1118 1903 1177 1941 am·

150 1972 268 2045 biguitas
298 1981 357 2026 orta
388 1981 429 2026 est
457 1970 679 2042 impedimentum
714 1970 906 2042 intelligentiae
940 1971 1057 2036 faciens,
1094 1970 1177 2027 veluti

152 2057 240 2112 hetam
264 2055 522 2127 contemplationem
553 2072 602 2108 nos
631 2056 657 2108 iu
681 2053 789 2110 duobus
813 2056 887 2118 istis,
916 2055 1013 2128 berylli
1043 2055 1120 2120 ilico,
1150 2066 1177 2112 et

114 2150 141 2198 15
152 2141 280 2212 onychini
303 2139 436 2212 lapidibus
459 2139 604 2201 attulisset,
628 2138 804 2211 dicebamque
827 2140 965 2213 quomodo
988 2142 1015 2195 iu
1037 2141 1178 2213 supplica·

151 2224 280 2287 tionibus,
306 2234 333 2280 et
356 2224 479 2279 oratione
502 2224 630 2279 continua
652 2232 759 2296 poterat
775 2241 853 2280 error
868 2224 979 2291 oboriri,
1003 2234 1031 2281 et
1045 2225 1176 2289 intellexi,

152 2310 225 2384 quod
249 2309 422 2382 dispensante
445 2308 500 2364 lleo
524 2309 577 2363 hoc
605 2309 640 2364 ita
668 2319 809 2381 peractum
838 2321 894 2373 est,
925 2320 954 2365 ut
983 2309 1053 2367 idem
1076 2310 1176 2384 loseph

152 2394 311 2450 undecimus
334 2395 404 2449 iuter
427 2393 523 2448 iratres
553 2410 617 2448 snos
641 2395 773 2458 existens,
804 2394 979 2450 duodecimus
1008 2395 1178 2451 inveniretur

152 2483 225 2535 iuxta
247 2481 473 2552 compositionem
498 2478 578 2533 huius
602 2480 716 2542 numeri,
747 2480 793 2550 qui
816 2496 879 2535 eum
901 2479 1092 2536 duodecimum
1116 2498 1177 2536 esse

111 2574 142 2624 tt)
152 2566 305 2629 declaravit,
330 2581 391 2620 curn
406 2565 522 2620 diceret:
546 2563 648 2635 Ioseph
664 2573 756 2618 cotem
772 2572 834 2618 eret
848 2566 878 2619 in
894 2563 1015 2636 Aepypto
1025 2563 1055 2634 ¹).
1079 2564 1178 2621 Scien-

152 2661 193 2706 tes
216 2653 307 2723 itaque
331 2649 532 2722 dispensatione
548 2649 644 2712 divina,
668 2658 782 2721 propter
797 2650 915 2704 veritatis
932 2648 1178 2722 contemplationes

151 2735 247 2809 berylli
270 2734 375 2808 lapidis,
400 2752 469 2807 qliae
493 2734 518 2788 in
542 2735 630 2806 ipsum
653 2733 752 2804 loseph
775 2733 927 2806 explentur,
951 2727 1111 2807 receptans),
1137 2736 1177 2792 sic

152 2831 194 2875 est
216 2819 386 2890 dispositum,
411 2829 441 2873 ut
464 2818 582 2891 beryllus
605 2818 673 2891 lapis
696 2817 872 2873 duodecimus
895 2827 1046 2891 poneretur
1065 2829 1094 2875 et
1109 2820 1177 2876 ulti-

150 2920 227 2964 mus;
257 2920 318 2957 uani
341 2911 368 2957 et
390 2903 489 2974 loseph
518 2918 579 2956 cum
601 2903 673 2957 inter
694 2902 791 2958 iratres
814 2903 973 2959 undecimus
1001 2914 1085 2976 essct,
1116 2922 1178 2960 me·

111 2995 141 3045 et
152 2995 274 3043 moratur
297 2987 322 3039 iu
346 2987 395 3040 bac
419 2996 508 3041 tamen
531 2987 729 3058 compositione
752 2989 857 3043 nuincri
876 2988 1040 3061 egressionis
1055 2989 1177 3046 liliorum

150 3070 233 3126 lsrael
255 3069 440 3134 duodecimus,
465 3079 492 3125 et
514 3080 651 3125 extremus
673 3070 828 3128 ascribitur.
856 3073 950 3146 ltaque
973 3089 1088 3147 prorsus
1110 3074 1178 3131 illu·

151 3155 283 3211 stratioue
312 3154 399 3210 divina
427 3163 455 3209 ct
485 3154 685 3227 dispensatione
718 3157 788 3212 bene
823 3157 967 3213 admodum
999 3158 1104 3215 relatus
1133 3166 1214 3217 estol

152 3239 302 3312 onychinus
325 3239 391 3312 lapis
414 3240 441 3294 in
464 3239 610 3304 Beniamin,
644 3244 690 3315 qui
713 3242 740 3296 iu
764 3241 814 3297 hac
837 3243 1014 3315 dispositione
1043 3254 1108 3301 ante
1130 3245 1178 3301 lo-

151 3326 219 3397 seph
243 3333 400 3380 numcratus
424 3334 481 3389 cst;
509 3324 629 3397 beryllus
658 3335 748 3382 autem
777 3327 804 3381 in
827 3328 926 3401 loseph
954 3329 1177 3385 accommodatus

111 3408 187 3468 aooh
211 3408 455 3481 cointemplatioues
478 3408 564 3464 eidem
588 3420 785 3476 consonantes,
816 3413 936 3485 quamvis
965 3412 1077 3469 ultimus
1107 3414 1178 3488 lapis

236 3595 259 3647 lt
278 3591 350 3639 Erod.
371 3593 387 3651 l,
399 3593 422 3639 5.

149 3736 448 3749 ...-——--——--

233 3828 255 3885 e)
274 3827 370 3888 Vulgata
389 3843 442 3876 cum
463 3836 527 3877 textu
547 3831 664 3879 llebruico
683 3833 793 3880 convenit
819 3832 934 3894 beryllum
953 3832 1101 3880 duodecimo
1119 3834 1178 3884 loeo

146 3909 285 3954 recensens
305 3895 448 3957 onychinum
468 3897 603 3947 undecimo.
645 3899 768 3947 Accedunt
786 3901 885 3963 Puraph.
905 3899 1033 3948 Chaldaica
1051 3910 1076 3949 et
1095 3910 1179 3953 textus

148 3965 442 4024 Hebraeo-Samaritanus,
469 3979 562 4014 necnon
583 3967 731 4015 Samaritana
749 3970 834 4028 versio,
861 3967 916 4016 licet
932 3969 1054 4017 versiones
1075 3971 1178 4034 Syriaca

147 4041 170 4078 et
188 4034 287 4082 Arabica
307 4034 447 4081 conveniant
466 4047 519 4081 cum
540 4034 602 4093 Lxx,
623 4043 647 4083 nt
664 4035 744 4084 videre
762 4045 799 4085 est
817 4037 840 4084 in
861 4036 943 4084 Bihliis
962 4035 1108 4101 polyglottis,
1128 4048 1179 4090 etc.

233 4102 250 4151 lt
269 4102 347 4151 Locus
367 4109 503 4164 corruptus.
