2586 4822
136 783 199 845 214
476 793 562 863 ¹arsin
581 792 620 841 os
638 793 678 841 xrr
698 792 811 842 ansuis

139 959 214 1007 tatur
241 951 426 1021 insculptam·
456 965 529 1003 nune
552 949 622 1002 eninr
645 963 700 1001 non
723 944 815 1001 eadent
839 954 903 999 sunt
925 943 1058 998 elementa
1081 943 1198 1003 litte-dt

137 1052 238 1098 rarum,
262 1034 360 1107 quibus
383 1032 498 1088 Hebraei
522 1041 646 1093 nituntur,
670 1030 786 1102 librique
809 1045 903 1084 eorum
926 1045 980 1084 non
1001 1037 1065 1083 sunt
1088 1029 1160 1084 scri-

136 1119 177 1192 pti
206 1121 277 1174 iuxta
306 1127 423 1174 veterem
448 1118 574 1180 formam,
604 1133 673 1190 qaae
696 1124 761 1169 tunc
784 1115 810 1168 in
834 1112 931 1169 tabulis
954 1111 1066 1185 lapideis
1090 1129 1159 1168 eon-

136 1211 191 1260 stat
218 1202 362 1276 insculpta
409 1201 478 1257 llaec
506 1201 589 1274 igitar
610 1201 710 1263 lorma,
741 1215 820 1270 quarn
845 1215 916 1252 nune
939 1206 1033 1253 tenent
1056 1197 1157 1260 ludaei,

112 1296 249 1344 {evocatur
276 1279 520 1356 Sourabirenuslp.
566 1283 724 1340 Samaritani
757 1300 820 1337 vero
843 1292 950 1337 serrant
972 1283 1068 1336 deesse
1091 1298 1157 1345 aon,

136 1455 183 1502 alio
203 1452 282 1510 modo,
301 1451 413 1499 nimirum
423 1453 560 1507 Deesseuon,
581 1450 712 1509 augebatur
730 1448 800 1496 etiam
819 1447 943 1508 scriptoris
962 1445 1039 1508 culpa,
1059 1447 1082 1494 in
1103 1462 1158 1495 sen·

137 1522 210 1569 tentia
236 1519 333 1567 lerenda
358 1518 498 1580 periculum.
535 1518 610 1565 Horno
636 1517 805 1565 llebraicarurn
831 1515 961 1562 litterarum
987 1515 1157 1576 peritissimus,

136 1597 160 1638 et
180 1602 260 1636 earum
281 1588 303 1633 in
318 1587 428 1634 llaticnna
447 1585 590 1633 bibliotheca
610 1586 735 1647 interpres,
755 1584 792 1631 eui
812 1582 890 1631 locum
910 1583 973 1630 hune
992 1582 1096 1640 ostendi,
1116 1583 1158 1630 ad·

135 1665 234 1713 notabat
254 1663 349 1725 Spriace
369 1668 435 1732 'pits'
458 1671 490 1712 ’Ἰ
509 1663 540 1710 be
558 1665 611 1710 siun
630 1662 771 1721 significare,
791 1663 853 1723 quod
870 1663 1000 1722 sinuatam:
1026 1664 1101 1711 'taff
1125 1667 1158 1709 wt

137 1742 169 1790 lte
187 1744 236 1790 rior
253 1746 347 1797 autem,
366 1741 428 1802 quod
445 1741 591 1800 insculptum.
628 1739 700 1786 Porro
719 1752 773 1785 cum
792 1737 868 1785 lorma
886 1735 1033 1792 litterarum,
1051 1749 1115 1796 quae
1134 1735 1157 1782 in

135 1816 223 1865 tabulis
251 1816 350 1877 lapideis
377 1814 505 1862 luerunt
500 1828 645 1876 impressae,
673 1815 701 1861 ab
729 1813 844 1862 Hebraeis
867 1819 965 1859 nocetur
988 1817 1066 1863 *w
1090 1817 1158 1864 :nn

139 1903 235 1950 l'betbur
262 1901 346 1958 liebri,
376 1901 490 1961 scriptura
517 1899 629 1948 Hebraico
657 1907 678 1946 et
705 1905 797 1967 tbnprr
820 1904 887 1950 an:
917 1898 1013 1946 Cbetbau
1047 1897 1156 1953 nlrodese,

136 1979 259 2040 Scriptura
277 1984 365 2036 serrata,
392 1975 593 2022 considerandum
620 1989 717 2036 quoque
742 1973 835 2022 censuit
859 1973 929 2021 uerbo
953 1963 1032 2018 ὅσιον
1051 1971 1158 2020 Graecos

138 2052 241 2095 revertam
267 2043 354 2091 dicere.
391 2040 1033 2104 l'erumdeSpriaenrerbolricaginondobi103
1059 2040 1159 2087 verbum

137 2112 202 2159 enim
222 2110 383 2157 Hebraeorum
404 2109 550 2170 Epiplranins
570 2109 655 2169 relert,
682 2111 809 2158 Hebraei
797 2117 891 2167 rorant,
918 2115 941 2156 et
959 2076 1083 2170 praetbrea
1104 2121 1158 2155 cnm

136 2178 334 2240 interpretatione
354 2178 428 2238 ponit,
447 2180 509 2239 quad
526 2180 688 2239 interpretatur
705 2179 859 2239 insculptum:
878 2176 973 2224 demnrn
992 2175 1159 2236 interpretatio

136 2245 203 2294 nullo
223 2253 292 2307 pacto
311 2245 341 2292 ad
360 2245 509 2292 sanctitatem
529 2245 662 2306 scripturae
674 2245 805 2292 Hebraicae
824 2244 934 2292 relertur.
971 2245 1054 2305 ltaque
1067 2243 1161 2291 ridetur

136 2329 164 2362 er
185 2314 229 2361 bac
243 2312 368 2374 Epiplranii
387 2311 457 2371 libro,
477 2326 521 2359 nos
541 2313 635 2360 edoceri
650 2313 772 2360 Hebraeos
790 2311 889 2359 formam
909 2311 1102 2373 antiquissimam
1121 2311 1161 2358 lit·

136 2388 250 2440 terarum,
269 2381 356 2442 quibus
375 2378 411 2427 len
430 2381 518 2442 scripta
537 2379 581 2427 init
600 2380 623 2427 in
642 2379 728 2434 talurlis
741 2379 850 2441 lapideis,
869 2379 989 2442 appellare
1002 2380 1160 2427 consuevisse

134 2447 340 2508 antonomastice,
367 2449 428 2511 pund
447 2446 575 2508 sipontum,
602 2455 642 2495 aut
661 2449 745 2505 maris,
765 2449 826 2510 qaod
844 2449 998 2510 insculptam
1023 2461 1104 2509 neque
1123 2454 1162 2495 est

136 2518 222 2567 mirum
247 2530 328 2564 rocem
349 2515 487 2563 Hebraicam
514 2515 551 2562 bic
576 2514 730 2564 delormatam
755 2515 814 2575 legi,
841 2528 894 2563 narn
914 2522 936 2562 et
955 2529 1041 2576 snpra,
1067 2515 1108 2562 nbi
1129 2514 1160 2562 de

136 2594 225 2642 bdellio
253 2594 330 2654 agitur
354 2607 376 2654 p
390 2591 445 2653 178,
477 2592 619 2641 Hebraicum
644 2593 739 2640 uerbum
770 2583 848 2645 rubr:
868 2594 978 2642 bednlarlr
997 2592 1160 2649 delormstnnn

136 2670 230 2732 legitur,
250 2671 293 2726 sie,
313 2671 429 2717 dodaltr'n.

224 2740 249 2795 b)
275 2729 404 2812 Σήμερον
428 2736 510 2785 Latine
534 2736 651 2813 significat
675 2737 752 2784 bodie.
789 2735 937 2783 Fortassis
932 2748 955 2782 m
976 2735 1068 2783 Graeco
1092 2744 1160 2784 textu

136 2814 189 2853 erat
207 2797 367 2868 σημερινός,
388 2807 529 2854 bodiernas:
554 2803 666 2851 nimirum
686 2802 789 2862 litteras,
809 2803 896 2864 quilius
914 2802 1002 2850 Esdras
1021 2803 1097 2863 legem
1117 2803 1161 2851 rle·

136 2873 235 2932 scripsit
255 2880 309 2932 post
327 2872 492 2933 captivitatem,
512 2872 531 2918 si
551 2871 671 2919 credimus
691 2870 831 2932 Epiphanio,
850 2871 973 2919 hodiernos
992 2869 1161 2919 dicebantlu·

137 2938 200 2996 dnei,
220 2946 244 2985 nt
263 2939 292 2984 ab
311 2939 487 2998 antiquioribus
506 2938 687 2997 distinguerent,
706 2938 793 3000 ortibus
812 2937 848 2985 lex
867 2938 954 3000 scripta
972 2934 1036 2985 luit
1030 2950 1053 2984 ur
1069 2939 1160 2986 tabulis

137 3005 198 3066 illis,
225 3019 285 3066 qrras
310 3018 323 3051 a
349 3006 398 3052 lteo
423 3006 515 3066 blnyses
539 3007 639 3068 accepit.
677 3006 748 3053 l’orro
768 3005 865 3053 Esdram
892 3006 956 3053 noris
980 3005 1067 3053 litteris
1088 3021 1160 3055 nsum

135 3087 207 3131 esse,
227 3087 280 3120 curn
299 3070 374 3131 legem
393 3075 543 3132 restaurarit,
565 3081 589 3120 ut
607 3074 678 3120 uerbo
698 3081 751 3121 utar
768 3072 905 3121 Tertulliani
925 3074 947 3121 in
966 3072 1006 3121 lib.
1027 3075 1059 3121 lle
1077 3077 1160 3123 babitu

130 3142 256 3197 muliebri,
278 3138 370 3200 cap.3,
395 3154 443 3185 non
468 3139 534 3187 solus
554 3142 578 3188 S.
597 3140 744 3203 Epipbnnius
770 3141 821 3198 bic,
846 3141 887 3188 sed
908 3142 978 3189 etiam
997 3141 1161 3203 Hieronymus

135 3207 217 3256 decinit
237 3208 259 3253 in
281 3205 379 3266 Prolago
399 3206 510 3266 Galento,
536 3222 578 3256 seu
599 3208 672 3257 Praei.
693 3209 716 3256 in
736 3208 776 3257 lib.
795 3209 898 3269 Regum,
924 3222 1017 3256 necnon
1038 3208 1160 3258 Eusebius

136 3277 160 3323 in
177 3276 294 3332 Chronica,
316 3275 360 3322 nisi
381 3274 456 3336 ipsius
470 3276 607 3338 Hieronymi
626 3275 813 3324 additamentum
833 3278 881 3324 sint
899 3291 925 3324 ea
944 3277 1023 3335 rerba,
1042 3291 1106 3337 qnae
1125 3278 1160 3326 ibi

137 3343 247 3402 leguntur
266 3341 295 3389 de
315 3341 404 3389 Esdra:
423 3345 554 3405 distineatur
571 3346 662 3393 dininas
676 3346 807 3407 Scripturas
825 3348 953 3392 irremorr'ter
971 3346 1115 3403 condidisse,
1136 3355 1159 3394 et

134 3419 161 3460 ut
179 3412 331 3458 Samaritanus
349 3427 395 3458 riou
412 3414 575 3469 miscerentur,
603 3415 692 3461 litteras
711 3414 817 3460 luriaicas
836 3421 993 3460 coniuratores.
1030 3411 1056 3458 ld
1076 3413 1157 3474 ipsum

136 3477 217 3541 plures
242 3491 269 3524 er
287 3475 431 3525 'lalruudicis
456 3479 597 3526 conllrmare
623 3494 649 3527 es
669 3479 777 3527 H'altono
796 3479 900 3537 scimus,
924 3481 1012 3541 Prolep.
1027 3478 1049 3526 3.
1069 3479 1156 3541 §.ab

136 3545 179 3593 sed
199 3544 236 3591 bic
257 3558 282 3591 er
303 3560 330 3591 eo
350 3544 427 3592 solnm
446 3545 556 3606 releram,
575 3547 639 3608 quod
659 3547 681 3595 in
703 3545 801 3594 Talmnd
820 3546 963 3610 babylonico
982 3546 1068 3606 legitur
1087 3555 1159 3597 tract.

136 3611 279 3662 Snnlredrim
297 3612 397 3660 sect.2:
418 3614 443 3661 lu
460 3616 574 3677 principio
593 3617 647 3663 dante
666 3622 699 3662 ert
717 3616 756 3663 lex
773 3617 796 3662 in
816 3617 930 3678 scriptura
948 3615 1051 3663 Hebraea
1070 3623 1092 3664 et
1110 3616 1158 3665 lin·

135 3697 181 3743 pua
199 3688 292 3737 sancta,
316 3688 396 3742 postea
420 3683 475 3728 deta
492 3689 525 3729 est
544 3683 593 3730 illis
611 3686 635 3729 in
654 3684 734 3731 diebus
753 3683 824 3730 Herae
841 3684 955 3744 scriptura
973 3685 1110 3742 Assyriam,
1136 3693 1158 3732 et

134 3751 216 3809 tiapua
233 3750 359 3806 dramara;
376 3756 457 3810 postea
475 3751 589 3810 cleperent
608 3751 727 3798 israelitae
745 3752 881 3812 scriptarum
894 3751 1046 3809 Assyriorum,
1068 3758 1090 3800 et
1108 3753 1158 3800 lira·

134 3831 203 3879 paam
226 3822 342 3873 sanctam,
369 3821 390 3862 et
414 3817 556 3879 reliquerant
581 3818 662 3865 idiotis
681 3819 818 3878 scripturam
836 3817 984 3877 Hebraieem,
1011 3825 1031 3864 et
1050 3818 1158 3880 linquam

134 3884 290 3932 Chaldaicam.
328 3883 425 3935 Quinam
448 3889 500 3931 runt
524 3884 562 3932 illi
583 3885 689 3931 idiotae?
725 3884 849 3946 despondet
875 3885 898 3933 ll.
919 3884 1023 3934 Cbasde:
1049 3884 1157 3937 Cutbsei.

135 3951 250 4005 Quaem
269 3955 302 3997 est
320 3950 433 4010 scripturn
453 3950 585 3999 Hebraico?
622 3951 747 4012 despondet
764 3952 846 4000 iterum
865 3953 970 4001 Clrasda:
989 3955 1158 4015 scripturabi-

134 4016 230 4066 barsen.
267 4016 339 4064 Porro
358 4015 472 4063 indictum
491 4016 546 4064 nola
565 4017 589 4064 in
608 4016 669 4064 libro
682 4017 722 4065 illo
736 4017 919 4067 Hiscbnicnrum
933 4019 1018 4080 legum,
1038 4021 1080 4082 qni
1093 4023 1157 4071 Ordo

132 4086 257 4144 puritatum
275 4084 414 4135 inscribitur
432 4091 499 4132 tract.
523 4085 556 4134 lte
567 4086 653 4134 lotione
665 4100 773 4135 manuam
786 4087 864 4149 caps
882 4086 907 4150 ὅ.
917 4088 941 4149 5,
960 4087 996 4135 ed.
1008 4088 1157 4140 Surenbnsii
