2586 4822
343 300 349 310 ο

791 373 798 384 x

134 780 199 842 210
481 790 558 840 ttant
578 789 616 840 oe
634 790 674 839 xtt
694 789 807 840 arants

137 948 252 1004 manime
275 964 337 1002 aero
360 945 488 1000 roborata
510 962 559 1018 per
581 945 723 1002 adventum
747 959 851 1002 eorum.
875 959 944 1015 quos
962 943 995 997 ad
1011 942 1159 999 colendum

138 1043 224 1090 terras
253 1031 310 1086 illas
338 1047 384 1086 ren
407 1030 533 1103 Assyrius
563 1029 745 1099 destinavitl).
786 1028 851 1083 Nam
881 1026 990 1100 quando
1019 1028 1161 1100 eaptivitas

137 1117 233 1174 accidit
255 1116 425 1178 ludaeorum,
448 1122 634 1170 convenerunt
657 1114 779 1168 seniores
802 1112 899 1175 lsrael,
923 1112 969 1184 qui
992 1122 1070 1167 eraut
1094 1122 1161 1169 tune

136 1203 163 1258 in
179 1201 314 1273 Babylone
330 1217 390 1256 enm
408 1199 508 1254 llesdra
527 1197 677 1261 sacerdote,
702 1206 729 1252 et
752 1198 797 1269 tyni
821 1195 986 1253 vocabantur
1000 1196 1159 1260 consiliarii.

108 1286 234 1358 aaliiqoe
257 1301 353 1348 senes,
384 1293 411 1338 et
434 1292 580 1338 oraverunt
601 1282 773 1354 Assyriorum
797 1298 905 1355 regern,
936 1290 966 1336 ot
989 1281 1159 1338 habitatores

137 1371 257 1426 mitteret
279 1370 305 1424 in
329 1368 468 1428 iudaeam.
498 1384 532 1422 ne
555 1376 625 1422 terra
649 1367 786 1421 luxurians
809 1367 866 1421 sine
890 1366 994 1421 cultore
1017 1360 1201 1423 deliraretbtl

136 1455 186 1523 Qui
208 1453 359 1525 suscipiens
382 1468 476 1507 eorum
499 1451 607 1507 salubre
631 1451 803 1519 eonsiliumlt
827 1451 921 1505 direxit
943 1450 974 1504 ad
998 1449 1158 1505 inhabitan-

131 1584 434 1596 ........-—-——

219 1652 242 1713 p)
262 1651 383 1713 Nusquam
404 1651 442 1698 hio
461 1649 607 1711 Epiphanius
627 1649 689 1696 barno
708 1663 786 1709 regem
806 1649 903 1710 proprio
929 1648 1024 1695 nomine
1043 1645 1160 1710 appellat.

134 1719 158 1767 ln
179 1721 275 1767 l’onorio
295 1719 554 1767 Nabuchodonosoretu
573 1724 647 1775 vocat,
673 1716 715 1764 sed
740 1725 834 1763 constat
858 1731 884 1764 ex
904 1717 931 1763 tv
951 1716 1005 1775 lleg.
1025 1716 1159 1777 copxt'tt.

133 1785 325 1835 Salntaoasorum
351 1786 440 1845 luisse,
466 1785 507 1847 qui
525 1786 613 1833 Tobiae
633 1785 687 1844 ol,
712 1785 775 1846 apud
794 1785 859 1833 tttx.
893 1783 1037 1831 Enetnessar
1060 1784 1161 1845 dieitur,

133 1854 228 1902 Salmon
248 1862 336 1915 autem,
355 1862 426 1916 prout
444 1853 517 1915 aliqui
535 1860 627 1915 potunt,
647 1852 702 1899 lieet
713 1852 941 1913 dildeiloprohetur,
962 1852 1039 1900 llseae
1051 1852 1108 1911 stt,
1121 1851 1160 1900 14.

132 1921 352 1983 Reprehendendus
371 1936 425 1969 cum
445 1919 578 1983 Epiphanio
598 1927 633 1968 est
652 1920 747 1968 Nicetes
764 1922 871 1969 Tlresonr.
888 1922 946 1968 ortlr.
959 1921 998 1981 fid.
1017 1919 1032 1966 Ι.
1045 1919 1060 1966 Ι.
1082 1934 1104 1967 c.
1116 1919 1160 1980 33,

132 1989 172 2037 uhi
192 1989 221 2036 de
240 1990 394 2037 samaritanis
413 1989 515 2050 loquens
535 1988 691 2050 Epiplroniurn
717 1988 767 2035 lere
792 1987 820 2035 ad
846 1987 947 2035 litteram
967 1987 1039 2034 tacito
1058 1987 1186 2040 nornine.

132 2056 253 2104 describit.
288 2057 373 2104 Verum
392 2057 488 2118 quidsi
508 2057 562 2118 quis
581 2055 635 2104 reto
653 2070 740 2103 nornen
753 2056 967 2105 Nobocltodouosor
984 2055 1058 2103 luisse
1078 2056 1160 2104 omni·

51 2130 64 2139 ·
131 2124 177 2172 hus
202 2124 303 2185 Assyriis
327 2125 423 2183 regibus
448 2138 588 2181 commune,
622 2131 647 2172 ut
675 2137 761 2183 nomen
787 2124 873 2172 l¹lroroo
896 2123 992 2183 regibus
1017 2123 1162 2185 Aegyptiis?

131 2190 255 2238 Enimvero
281 2199 329 2238 tres
355 2198 485 2239 occurrunt
508 2192 596 2254 Assyrii
626 2205 694 2251 reges
719 2206 747 2239 eo
778 2190 874 2238 nomine
899 2190 1023 2252 appellati.
1051 2204 1160 2252 ortorum

132 2260 299 2320 unusquisque
317 2258 382 2306 eliud
401 2273 499 2321 quoque
518 2260 638 2320 peculiare
656 2273 743 2306 asinaeo
764 2259 843 2305 habet.

216 2328 242 2388 ol
262 2326 347 2386 llegeao
359 2326 508 2389 Assyriorum
528 2341 600 2374 noros
619 2327 642 2374 in
659 2327 790 2374 Samariam
810 2325 956 2373 habitatores
975 2325 1069 2372 misisse
1090 2324 1159 2387 ipso-

129 2407 182 2442 rum
203 2394 361 2442 lsraelitarum
381 2395 490 2455 oonsilio,
510 2409 571 2456 quos
590 2395 613 2442 in
629 2394 771 2456 Babylonem
791 2393 895 2455 captivos
913 2393 1051 2449 adduxerat,
1072 2394 1160 2441 neseio

128 2474 157 2510 an
178 2462 208 2509 sit
226 2462 361 2523 verisimile,
380 2463 435 2511 lieet
454 2461 601 2524 Epiphanius
621 2463 723 2524 idipsum
744 2469 836 2523 repetat
854 2461 876 2507 in
897 2462 1001 2519 Potior-io,
1023 2458 1080 2508 leil.
1100 2460 1158 2523 §8-

128 2528 178 2577 Lih.
199 2530 225 2577 tt
245 2530 333 2591 Regum
352 2530 481 2592 captivit,
510 2531 549 2578 uhi
570 2530 653 2578 eadem
673 2537 783 2578 narratur
800 2528 908 2584 historio,
937 2527 999 2575 nulla
1025 2536 1062 2576 est
1082 2528 1159 2577 buius

128 2597 221 2645 consilii
241 2599 346 2657 mentio;
367 2607 389 2646 et
408 2598 505 2660 (paridem
524 2598 587 2660 apud
607 2599 716 2659 assyrios
735 2611 804 2657 reges
822 2595 938 2644 lautiliure
957 2594 1033 2643 luisse
1051 2596 1159 2656 ridetur,

127 2679 189 2727 quos
208 2665 252 2713 sibi
272 2666 430 2717 subiiciebant
455 2665 556 2727 populos
581 2666 604 2712 in
629 2666 730 2713 alienam
750 2665 872 2724 regionem
890 2666 1001 2711 mittere:
1031 2663 1063 2710 ita
1090 2665 1158 2712 enim

127 2734 197 2781 etiam
216 2732 438 2796 Teglatltpltalassor
456 2734 558 2794 populos
578 2733 686 2781 Damasei
712 2732 802 2780 incolas
826 2733 849 2779 in
870 2730 970 2778 lheriant
989 2731 1052 2777 misit
1072 2739 1096 2778 et
1116 2733 1160 2779 hl·

127 2798 230 2855 haniaria,
251 2808 276 2847 ut
294 2801 409 2848 discimus
428 2815 454 2848 ex
475 2801 500 2848 tt
519 2801 573 2859 Rep.
593 2799 710 2861 caval,
723 2802 754 2858 93
775 2799 887 2861 idemque
900 2799 951 2858 luit,
971 2799 1011 2860 qui
1027 2798 1112 2846 lluhrn
1131 2807 1158 2848 et

128 2865 186 2925 (lad,
206 2867 376 2929 alirnidiarnque
395 2868 482 2914 tribum
503 2868 610 2915 llanusse
629 2875 653 2914 et
670 2868 821 2928 Neplrthelim
847 2866 894 2914 alio
912 2865 1032 2914 transtulit
1050 2866 1077 2913 ll'
1097 2866 1156 2927 ling.

127 2932 284 2993 eap.h'l'‚2tl‚
308 2942 331 2981 et
358 2934 458 2982 ll’aral.
479 2936 566 2994 copl',
586 2934 626 2984 26.
672 2935 824 2983 Salrnanasar
842 2942 921 2982 atatem
941 2948 988 2982 noo
1006 2933 1085 2981 solum
1107 2935 1157 2983 Cu·

127 2999 203 3046 tbaeis
221 2998 323 3061 aliisque
343 3001 450 3048 barbaris
469 3003 599 3049 Saruariam
620 3002 771 3051 habitandam
791 3001 886 3050 tradidit
906 3002 932 3049 lt
944 3002 998 3061 lley.
1019 3016 1073 3062 cap.
1086 3001 1157 3064 xvh,

126 3065 167 3114 24.
186 3066 227 3112 sed
248 3066 318 3115 etiam
338 3068 499 3129 Samaritanus
518 3069 564 3117 iam
585 3069 639 3117 hine
658 3070 822 3131 deportaverat
840 3071 863 3117 in
883 3083 939 3116 suas
959 3076 1034 3116 terras
1054 3069 1081 3116 ll'
1097 3070 1155 3130 lteg.

125 3146 176 3194 cap.
187 3133 253 3192 lll'll‚
264 3133 287 3193 6,
306 3142 330 3181 et
348 3149 399 3197 cap.
410 3136 486 3195 xt'ttt
503 3137 539 3185 ll.
576 3137 744 3186 consulendus
763 3146 800 3185 est
818 3139 889 3185 etiam
910 3140 981 3184 danos
999 3152 1020 3183 e.
1032 3136 1069 3204 ll,
1085 3137 1110 3196 7,
1129 3145 1157 3187 et

124 3200 187 3262 apud
206 3201 334 3262 propbetas
353 3210 402 3250 tum
422 3204 524 3264 ludaeis,
551 3212 600 3253 tum
625 3207 726 3254 caeteris
752 3204 862 3265 pentibus
878 3219 925 3251 noo
944 3205 1018 3252 semel
1044 3207 1157 3253 occurrit

123 3269 222 3316 minatio
241 3268 414 3330 deportationis
434 3271 456 3319 in
476 3271 576 3321 alienam
596 3274 726 3333 regionem.
764 3274 836 3321 l’orro
856 3281 924 3320 notes
942 3272 1011 3319 aelian
1031 3272 1053 3320 in
1067 3275 1157 3321 Sama-

121 3335 180 3383 riam
201 3335 318 3385 deductos
342 3338 444 3400 populos
463 3354 490 3388 ea
509 3340 538 3387 iis
562 3355 624 3402 quos
649 3356 726 3403 nuper·
753 3356 792 3388 rea
817 3341 862 3388 sibi
887 3340 1036 3399 subiecerat,
1066 3340 1156 3401 luisse,

122 3402 209 3451 eoniiei
229 3418 276 3452 non
296 3413 385 3454 temere
404 3422 431 3454 ea
450 3407 490 3456 lib.
510 3409 536 3455 ll
557 3408 644 3467 llegnm
664 3408 855 3471 eap.lll'lll‚3l.
883 3417 905 3455 et
924 3408 947 3456 io
966 3406 1056 3455 alienas
1077 3409 1156 3457 sedes
1194 3444 1199 3451 .

122 3470 224 3531 migrare
243 3485 285 3519 eoa
303 3474 406 3522 voluisse
424 3474 496 3523 rideri
515 3476 598 3524 eadem
620 3476 650 3525 de
668 3490 763 3535 caussa,
788 3490 836 3538 qua
854 3475 901 3523 alio
921 3476 1027 3524 translati
1052 3475 1154 3525 luerunt

121 3537 249 3600 lsraelitae‚
268 3555 298 3587 ne
317 3541 410 3590 seilicet
429 3556 499 3591 noras
517 3558 556 3590 res
576 3543 645 3592 laeile
662 3546 811 3601 ruralirentur.
832 3552 856 3591 ut
876 3543 964 3591 diserte
984 3551 1066 3592 monet
1078 3546 1103 3593 S.
1115 3545 1157 3593 lo·

119 3618 194 3654 annes
205 3606 389 3670 chrysostomus
404 3611 468 3658 hom.
479 3610 520 3670 30,
539 3609 568 3658 al,
580 3610 620 3671 31,
639 3616 663 3659 in
673 3614 787 3670 loannem,
800 3615 905 3675 Operum
916 3611 1027 3660 tont.l'll.
1048 3625 1070 3673 p.
1083 3612 1153 3673 itm

119 3675 251 3736 quinimmo
270 3675 301 3723 ob
321 3676 344 3725 id
363 3677 441 3739 ipsunt
461 3677 553 3727 ridetur
570 3687 653 3739 gentes
670 3693 716 3726 non
736 3694 763 3727 ex
782 3694 830 3726 troo
850 3687 940 3728 tantum
954 3679 1008 3726 loeo
1028 3677 1152 3728 deductas

118 3741 142 3788 in
161 3741 292 3792 Samariam
311 3742 394 3805 luisse,
419 3745 462 3792 sed
482 3746 644 3807 expluribus,
670 3761 760 3810 eosque
784 3761 896 3794 sermone
921 3760 967 3794 noo
988 3745 1076 3805 solum,
1104 3747 1150 3796 sed

119 3809 188 3857 etiarn
207 3809 322 3870 religione
340 3812 453 3860 diversas,
491 3814 540 3861 lloe
557 3822 636 3862 autem
656 3815 753 3862 minime
767 3813 850 3873 attacta,
869 3815 927 3877 quin
945 3812 1073 3863 credamus
1094 3816 1152 3864 har·

118 3875 188 3924 beros
207 3877 231 3925 in
251 3879 382 3927 Samariam
401 3879 519 3928 deductos
537 3880 621 3941 luisse,
648 3895 678 3929 ne
703 3883 774 3930 etiam
799 3890 861 3930 term
881 3883 919 3930 illa
938 3883 990 3929 sine
1009 3883 1150 3933 cultoribus

117 3943 205 3992 sterilis
224 3946 300 4004 lieret,
318 3946 384 4007 quod
402 3945 473 3995 docet
483 3947 630 4010 Epiphanius
649 3964 702 3997 eum
722 3951 797 3998 sacris
809 3950 904 3999 Litteris
922 3950 1063 4007 concinens,
1082 3966 1153 4016 quae

115 4023 167 4056 rem
193 4012 224 4059 ita
249 4021 370 4074 exponunt
395 4013 423 4061 tv
442 4015 498 4076 Reg.
523 4030 576 4078 cap.
594 4017 661 4079 llll,
678 4016 724 4065 ll:
752 4021 854 4067 Adduxit
881 4034 923 4066 rea
946 4020 1096 4080 dormieram
1120 4025 1154 4069 ate

115 4075 233 4138 babylone
251 4088 272 4129 rt
290 4082 319 4130 de
338 4082 417 4141 Gotho,
443 4091 462 4131 et
487 4085 610 4134 collocarit
634 4100 671 4133 eos
700 4089 723 4133 in
742 4089 874 4136 ciuitatibus
891 4087 1010 4136 Samariae
1026 4102 1070 4151 pro
1090 4090 1154 4150 filiis
