2586 4822
166 750 229 815 178
566 814 569 819 ,
623 764 738 815 uenatu

166 936 277 986 omnes;
305 935 423 995 quorum
446 919 599 977 testimonie
621 936 636 974 a
660 919 805 977 Catholicis
826 918 1013 992 Scriptorihus
1035 918 1188 975 iamdudum

165 1004 289 1062 studiose
311 1004 424 1063 eoheeta
447 1013 520 1060 sunt.
552 1005 606 1061 Sed
623 1005 735 1060 eximius
750 1014 832 1077 atque
847 1004 980 1078 imprimis
995 1003 1117 1060 disertus
1138 1013 1187 1069 eet,

114 1090 215 1165 ··‚‚.qui
242 1090 307 1146 mihi
337 1089 406 1146 forto
428 1106 501 1146 nunc
523 1090 642 1147 occurrit
665 1089 812 1188 Clementist
834 1089 963 1145 Alexand.
985 1088 1066 1145 locus
1089 1089 1186 1145 Stmm.

165 1174 231 1274 ¹:¹²
258 1167 452 1248 Μελχισεδὲκ
473 1168 619 1246 βασιλεὺς
639 1169 769 1274 ξιαὶὴμ,
798 1166 934 1250 ὁὶεριύς
956 1176 1011 1231 τοῦ
1034 1174 1115 1230 θεοῦ
1135 1174 1188 1230 τοῦ

162 1251 315 1334 ὑψίστου·
339 1251 357 1318 5
378 1250 431 1316 τὸν
453 1249 535 1314 οἶνον
556 1254 605 1314 καὶ
629 1253 683 1316 τὸν
704 1251 799 1335 ἄρτον
813 1253 869 1333 τὴν
882 1251 1072 1334 ἡγιασμένη
1087 1253 1189 1325 διδοὺς

164 1361 285 1443 τροφην
306 1339 348 1412 εἰς
368 1336 465 1400 τύπον
486 1336 703 1420 Εὖχαριστίας.
733 1344 798 1401 Vide
820 1348 934 1417 August.
958 1343 1047 1416 Epist.
1065 1346 1116 1401 35.

160 1480 164 1485 .
237 1421 285 1491 5
291 1423 325 1485 dd
347 1446 402 1486 rou
388 1421 564 1503 Ἆβραὰα
584 1423 698 1505 πατήρ]
732 1428 987 1497 Quodhbraamum
1003 1446 1079 1485 anuo
1096 1430 1189 1485 aetatis

164 1530 231 1571 suaa
256 1516 294 1573 70
317 1515 445 1587 genuerit
466 1514 555 1570 'dhare
577 1514 677 1573 diserte
695 1515 837 1588 Scriptura
858 1515 947 1578 docet,
970 1531 1002 1570 ae
1026 1515 1188 1587 tergiveraa·

166 1599 267 1656 tionem
294 1615 402 1656 ouruem
425 1599 550 1655 excludit
595 1599 650 1656 Nee
671 1601 750 1656 ahter
773 1599 946 1656 vetustissimi
968 1599 1076 1673 quique
1096 1599 1188 1655 Patres

165 1700 228 1741 eum
250 1683 340 1741 locum
364 1684 533 1758 interpretati
555 1694 628 1748 sunt,
652 1694 683 1740 ut
704 1685 745 1741 vel
760 1685 913 1741 contrariae
928 1683 1069 1757 opinionis
1084 1683 1187 1757 patroni

163 1767 244 1825 hateri
266 1778 416 1842 eoguntur,
444 1770 492 1843 qni
513 1779 608 1826 eontra
630 1769 711 1825 hlosis
734 1770 943 1834 authoritatem,
973 1786 1030 1824 non
1057 1773 1113 1833 70,
1140 1767 1185 1825 sod
1224 1811 1226 1815 Α

168 1856 237 1911 130.
268 1854 356 1910 There
379 1871 450 1910 anno
473 1863 566 1909 natnm
589 1854 772 1912 patriarcham
795 1855 920 1912 videntur
941 1871 1079 1912 asserere.
1110 1847 1185 1910 Vida-

163 1938 219 1995 rint
240 1938 288 2004 illi,
311 1957 392 2011 quam
414 1948 489 1996 recte
513 1948 554 1995 tot
569 1940 752 2005 saeculorum,
775 1940 899 2012 adeoque
914 1939 966 1995 PP.
983 1940 1107 1995 omnium
1122 1956 1185 1995 eou-

163 2040 275 2081 sensum
297 2025 450 2097 repudient.
481 2024 535 2080 h'os
558 2041 626 2096 quae
649 2024 682 2080 ab
706 2025 757 2081 iilis
780 2033 958 2098 opponuntur
974 2024 1043 2081 tanti
1060 2041 1185 2081 essenon

164 2108 308 2172 credimus,
332 2117 363 2164 ut
386 2117 532 2180 propterea
553 2109 646 2165 lucere
668 2110 780 2166 meridie
803 2110 955 2183 negandum
978 2110 1024 2165 sit.

250 2193 303 2247 dam
332 2210 395 2248 vero
424 2194 474 2248 hae
503 2195 528 2248 in
557 2194 763 2265 generationum
792 2195 975 2267 descriptione
997 2211 1056 2249 non
1079 2194 1113 2250 ab
1133 2193 1183 2249 He·

49 2329 52 2335 .
111 2276 262 2333 mbraieis
283 2277 363 2333 modo
386 2277 516 2343 fontibus,
540 2279 587 2333 sed
610 2280 689 2336 etiarn
712 2281 807 2336 auxx
823 2280 967 2336 Saniorum
983 2281 1116 2344 numeris.
1137 2296 1183 2335 eu-

163 2362 280 2419 iusmodi
302 2363 383 2420 hodie
406 2372 505 2427 entant,
522 2362 630 2421 aberrat
644 2365 820 2438 Epiphanius.
852 2365 925 2421 heho
941 2365 985 2420 hie
1001 2364 1181 2420 Hebraeorum

163 2463 196 2514 ae
210 2447 375 2505 Graecorum
398 2449 506 2513 seriem,
531 2461 561 2506 ut
583 2466 652 2522 quae
674 2449 843 2506 observanda
864 2459 929 2506 sunt
950 2449 1058 2505 facilius
1073 2451 1182 2523 quisque

163 2533 304 2607 pereipiat.

181 2745 281 2786 Heracon
309 2747 467 2788 nretdeuo·
511 2747 544 2786 Ex
559 2748 654 2787 eomedit!
653 2749 759 2810 Ιιιιιηι1ςνῑ
835 2742 899 2771 enen
919 2742 982 2770 onem

252 2810 300 2838 rum
357 2811 389 2839 er.

171 2955 233 3014 Sem
245 2967 308 3031 post
319 2957 447 3013 diluvium
714 3015 718 3023 ,

213 3043 394 3114 gennitanno
455 3042 634 3099 hsemanno
769 3041 787 3096 2
869 3046 880 3061 '

170 3126 311 3199 hrpharad
433 3129 471 3183 35
484 3130 624 3230 hrpharad
728 3128 786 3184 135

170 3210 231 3267 Sala
548 3248 555 3268 ι
726 3213 785 3268 130

168 3293 241 3350 Ehor
487 3297 498 3314 “
530 3317 533 3327 ’
725 3299 783 3355 130

168 3371 270 3452 P'hahg
726 3385 783 3441 134

169 3465 226 3522 Rau
725 3470 783 3526 130

169 3551 273 3609 Serueh
725 3554 782 3612 132

167 3637 275 3694 Naohor
486 3640 497 3656 Ἰ
726 3641 783 3697 130

169 3722 256 3779 Thare
480 3725 502 3780 ι’
726 3726 783 3781 170

165 3940 339 4031 ¹Collignntur
346 3941 378 3998 ad
386 3942 472 3998 Abra-
483 3945 652 4019 Colliguntur
659 3944 690 4000 ad
698 3942 785 3999 hiara-

169 4027 469 4086 arniortumanni292.
482 4032 534 4087 ami
549 4039 639 4086 ortum
656 4049 680 4087 a.
696 4031 784 4088 1172.
