2586 4822
832 600 916 671 ..τιν’

767 670 785 697 ο
881 656 955 721 ·““·

871 714 886 731 U

141 760 179 819 12
528 786 531 793 ·
591 766 703 816 tutattt
746 786 751 797 ·

137 925 193 995 λιν,
216 920 266 981 καὶ
288 915 345 998 τὴν
359 913 483 978 Χαλάκ.
509 922 564 979 Pro
575 913 729 993 Ῥοωβὼθ
748 913 847 990 πόλιν,
869 919 1002 978 hebreice
1024 920 1146 995 scriptun

136 1021 179 1070 ost
200 1025 256 1070 'ua
278 1025 358 1070 :arra
380 1008 453 1081 quod
468 1007 648 1080 Hieronymus
663 1007 757 1071 vertit,
777 1008 891 1080 plotone
906 1006 1040 1071 cium,
1064 1015 1092 1062 et
1105 1023 1147 1080 pru

21 1132 32 1151 0
136 1095 295 1171 appellativo
318 1093 421 1155 habuit,
445 1092 519 1167 quod
534 1092 628 1148 Graeci
643 1092 783 1165 proprium
801 1091 929 1148 fecerant.
962 1090 1093 1165 iutelligit
1106 1107 1149 1146 eu·

7 1170 11 1179 '
136 1190 190 1238 tem
214 1180 288 1236 urhis
303 1178 410 1234 h'inives
433 1177 544 1251 plateas,
567 1193 634 1250 quas
657 1176 741 1231 Ninus
764 1175 921 1232 extruxerit.
951 1176 990 1232 ite
1005 1172 1149 1249 Epiphanio

29 1258 50 1289 ·’
136 1266 201 1340 quid
228 1266 313 1321 dicam
342 1262 414 1318 atiud
436 1261 554 1317 occurrit
576 1259 658 1322 nihil,
687 1261 738 1317 nisi
760 1277 840 1317 voces
862 1260 943 1325 istas,
970 1255 1103 1337 Θεερὰς,
1126 1269 1150 1316 et

138 1344 242 1422 Θόβελ
257 1349 373 1404 alienum
388 1347 415 1402 in
431 1346 520 1403 locum
537 1345 680 1401 translates
698 1363 767 1401 esse.
798 1346 863 1402 Nem
879 1345 983 1409 Thines,
1008 1355 1037 1402 et
1053 1344 1149 1401 Thuhai

131 1436 208 1492 inter
222 1433 344 1507 iaphethi
361 1441 487 1525 posteros
503 1439 682 1486 numerantur
695 1447 765 1487 com.
774 1433 792 1489 2
812 1429 1151 1496 mortesmortes

94 1544 116 1597 p
138 1520 249 1577 thiam.
273 1517 406 1574 Fortassis
422 1515 566 1572 enimcum
582 1515 693 1590 Regma,
706 1516 865 1581 Sebateche,
878 1516 1059 1589 caeterisque,
1071 1532 1151 1591 quoe·

135 1604 196 1671 dam
218 1604 285 1659 aiios
308 1601 446 1658 recensuit
466 1600 647 1674 Epiphanius,
671 1611 698 1657 ct
719 1601 792 1658 inter
813 1601 872 1657 ilios
895 1599 1015 1666 Thuhai,
1040 1610 1069 1657 et
1090 1600 1149 1656 Thi-

36 1654 105 1709 *⁸
102 1680 189 1747 *rus
220 1688 275 1744 Nisi
297 1688 364 1743 haec
385 1687 541 1743 coniectura
563 1685 683 1759 placeat,·
704 1703 754 1759 pro
779 1676 906 1762 Θειρὰς,
929 1693 957 1741 et
982 1674 1149 1757 Θόβελμο

135 1765 249 1845 Ainos
271 1773 378 1846 proprie
401 1770 523 1826 urbium
531 1769 637 1826 iliarum
661 1771 769 1827 nomine
784 1769 974 1827 substituenda
989 1780 1064 1834 sunt,
1088 1786 1149 1845 quas

72 1850 75 1855 ’
135 1862 221 1915 Assur
242 1856 397 1914 aedificavit.
436 1856 544 1912 Certe
538 1873 564 1912 m
586 1848 699 1927 Λόβος
722 1856 861 1930 vestigium
885 1855 1020 1928 quoddam
1043 1862 1148 1929 apparet

136 1942 257 1998 vocabuli
270 1933 430 2012 Ῥοωβὼθ,
455 1951 482 1996 et
504 1941 529 1997 in
546 1940 640 1996 Thines
657 1941 728 1997 vocis
744 1954 808 2003 aar.
833 1957 901 2014 quae
917 1940 1054 1997 civitatem
1068 1938 1148 2014 signi-

135 2027 207 2084 ficet.
238 2027 312 2082 Unde
335 2029 372 2081 ite
394 2026 531 2098 depravari
553 2043 602 2080 vox
625 2026 676 2081 ista
698 2026 786 2098 potuit
804 2019 1021 2099 Ῥοωβωθίρα.

224 2111 282 2169 tu.
313 2102 348 2166 οὐ
371 2103 448 2165 πολὺ
472 2104 505 2165 δὲ
526 2101 668 2183 ἀλλήλων
694 2112 737 2190 τῷ
754 2101 857 2190 χρόνῳ
880 2101 1070 2184 διεστήκασι]
1103 2109 1148 2165 Βι-

137 2198 301 2255 ctriauorum
324 2212 369 2251 rex
393 2194 452 2259 ille,
483 2211 600 2268 quocum
623 2195 707 2251 Ninus
730 2196 863 2257 condixit,
896 2196 1028 2268 Oxyartes
1050 2211 1067 2250 e
1089 2194 1144 2250 uto

106 2290 121 2341 8
135 2283 203 2338 doro
218 2289 344 2346 vocetur,
367 2297 381 2335 a
398 2280 510 2342 iustine,
534 2279 661 2340 hrnohio.
685 2298 716 2335 ar.
731 2282 845 2336 caeteris
860 2282 1029 2338 Zoroastres.
1060 2279 1148 2355 Neque

136 2368 261 2423 dissentit
276 2366 386 2426 Plinius.
411 2377 442 2421 ut
456 2365 593 2437 Scaligero
616 2365 730 2421 videtur.
761 2365 853 2438 Neque
876 2366 946 2422 enirn
969 2364 1078 2421 dubitat
1099 2364 1146 2422 itte

135 2453 206 2508 sitne
229 2451 321 2523 diegus
352 2451 421 2506 idem
452 2466 514 2506 cum
543 2466 607 2523 rege
629 2449 785 2513 Bactriano,
816 2451 863 2507 sed
892 2459 985 2506 utrum
1014 2467 1088 2506 uuus
1109 2449 1147 2505 hit

136 2537 234 2600 fucrit,
264 2553 297 2591 eu
321 2545 348 2591 et
370 2535 437 2603 alius
460 2544 569 2609 postca:
593 2536 666 2608 quod
690 2535 812 2592 Salienus
834 2544 928 2591 noster
949 2545 1025 2591 recte
1048 2535 1076 2590 in
1098 2538 1149 2590 Au-

135 2621 242 2678 naiihus
263 2620 457 2677 animadvertit.
488 2619 634 2683 vastissime
649 2620 787 2693 Magorum
802 2621 875 2676 natio
891 2621 1065 2676 zoroastrem
1080 2618 1148 2675 ilium

136 2706 350 2779 antiquissimum
379 2716 470 2779 putat;
500 2714 595 2777 utpote
624 2704 669 2777 qui
698 2705 843 2761 Troianum
872 2704 1005 2761 excidium
1033 2706 1148 2780 quinque

135 2808 268 2848 annorum
290 2791 398 2846 milibus
420 2790 605 2852 antecesserit,
629 2798 659 2845 ut
681 2790 800 2850 Plinius.
825 2799 852 2846 et
875 2790 975 2846 Plutar.
1007 2788 1099 2845 Trect
1120 2788 1148 2845 dt

135 2875 204 2932 iside
227 2884 371 2932 testantur.
401 2876 478 2948 Apud
501 2877 636 2931 Laertium
658 2875 780 2931 Xanthus
803 2874 901 2948 Lydius
923 2875 1060 2930 sexcentis
1082 2873 1148 2930 duu-

136 2970 207 3017 taxat
229 2962 307 3016 aunis
329 2969 391 3015 anto
408 2960 500 3014 Xerxis
524 2951 670 3032 διάβασιν
692 2960 811 3016 extitisse
827 2960 988 3016 Zoroastren
1005 2966 1147 3015 asseverat

135 3045 210 3100 Unde
233 3045 330 3101 merito
353 3043 444 3115 piures
467 3044 587 3100 eiusdem
610 3046 726 3101 nominis
748 3046 832 3101 fuisse
853 3045 1008 3117 suspicetur
1022 3043 1148 3118 Scaiiqer.

222 3122 274 3185 rin
294 3120 405 3203 σερούχ
427 3120 480 3184 τὸν
501 3118 741 3204 ἑρμηνευόμενον
761 3122 937 3204 ipe-hennon]
972 3129 1067 3185 Variae
1089 3135 1150 3185 sunt

134 3213 205 3286 apud
222 3213 398 3286 Epiphanium
417 3212 601 3270 Hebraeorum
624 3215 763 3271 nominum
785 3215 913 3289 origines,
931 3223 965 3270 et
985 3215 1150 3288 interpretr-

135 3299 223 3353 tioncs
252 3298 348 3370 piertim
377 3296 522 3361 obscurae,
553 3300 650 3372 pertirn
673 3298 867 3356 suhahsurdae.
912 3299 994 3355 hiulta
1016 3301 1090 3356 enim
1110 3297 1150 3354 vet

135 3382 322 3437 eruditissimis
349 3399 398 3454 per
419 3382 624 3455 imprudentiam
647 3385 783 3442 excidunt.
813 3385 906 3458 Neque
929 3392 1076 3458 propterca
1098 3383 1151 3440 ile·

135 3466 243 3522 breismi
267 3467 316 3522 iuit
338 3467 478 3540 imperitus
501 3468 681 3542 Epiphanius,
710 3487 790 3542 quent
814 3469 946 3532 Graecae,
972 3468 1074 3542 Syris,
1099 3468 1152 3524 ile·

134 3551 241 3615 hraoao,
264 3553 450 3625 Aegyptiacae,
474 3563 502 3610 et
523 3571 555 3609 ex
578 3563 654 3627 parto
669 3555 778 3611 Latinae
798 3553 906 3628 linguae
921 3555 1052 3610 scientem
1068 3553 1152 3609 tuisse

135 3635 276 3692 continuat
299 3636 406 3693 iiieron.
430 3638 507 3711 dpol.
532 3639 549 3695 2
573 3649 666 3695 contre
690 3639 758 3695 uuit
781 3657 861 3714 quem
884 3647 980 3712 argute
1002 3637 1152 3734 bilinguem

133 3721 269 3782 nominat.
299 3724 371 3795 quod
394 3723 494 3778 Graeco
517 3725 664 3798 Latineque
687 3734 789 3780 nosset.
834 3726 908 3781 inter
929 3723 1008 3779 falses
1030 3723 1154 3796 origine-

120 3805 223 3875 tiones
246 3806 340 3861 heec
334 3825 392 3880 ipse
413 3808 534 3863 socahuli
557 3809 646 3881 Serug
667 3810 854 3883 interpretatio
877 3827 893 3865 a
915 3808 1058 3865 Calviniste
1082 3823 1156 3883 quo-

64 3876 109 3951 eh
106 3860 194 3949 tatem
217 3891 363 3964 profertur,
387 3908 448 3947 cum
471 3894 573 3966 aliquot
595 3893 668 3957 eliis:
691 3903 723 3950 ut
744 3910 805 3950 cum
822 3904 944 3950 caeteros
959 3894 1054 3951 Patres
1070 3909 1154 3951 erro·

97 3976 171 4035 eris
193 3975 264 4033 haud
286 3985 411 4048 expertes
434 3976 517 4033 tuisse
539 3977 662 4052 colligat;
686 3988 742 4034 tum
765 3979 831 4036 rel
825 3979 954 4053 imprimis
969 3978 1152 4053 Epiphaniuu

134 4060 161 4117 in
184 4060 346 4136 explicandis
368 4061 522 4117 nominihus
544 4061 695 4119 eherresse.
740 4063 795 4121 Nos
817 4064 852 4121 de
873 4064 1000 4139 reliquis,
1032 4064 1154 4138 quaein
