2586 4822
143 735 204 801 too
298 683 302 690 Ι
594 746 708 799 ierim
792 774 797 785 ,

141 924 196 982 quo
218 905 368 979 baptismus
391 904 434 961 die
455 903 489 960 ab
511 904 631 961 Ecclesia
654 902 818 960 celebretur.
848 901 886 959 llo
907 918 966 977 quo
989 902 1052 961 vido
1066 903 1164 961 Perre·

141 992 211 1048 rium
234 990 325 1049 lib.ll
353 991 427 1047 Com.
452 991 479 1047 in
501 989 566 1046 Dan.
591 998 619 1045 et
641 989 737 1045 Baron.
761 989 789 1044 in
810 990 881 1043 hun.
1052 1012 1059 1053 ,
1160 1020 1164 1035 .

196 1110 202 1121 ·
227 1080 285 1134 451
305 1094 329 1133 o.
360 1069 408 1132 did
431 1070 481 1130 καὶ
504 1071 536 1132 ἐν
552 1072 676 1141 πολλοῖς
690 1067 805 1145 τόποις]
837 1072 915 1141 Quod
931 1072 1035 1128 borum
1052 1064 1163 1131 lentium

141 1162 281 1219 historiam
304 1171 332 1218 et
346 1161 488 1235 Epiphanii
510 1160 590 1216 iidem
612 1160 639 1214 in
662 1158 775 1215 dubium
790 1159 925 1214 revocavit
940 1157 1090 1214 Caliiuista
1104 1159 1164 1233 qui·

141 1247 202 1304 dam
230 1264 351 1320 nuperus
379 1247 406 1300 in
434 1244 587 1301 Casauboni
615 1243 792 1309 defensione,
825 1242 889 1299 lacit
918 1242 1162 1316 impudentissime.

140 1331 195 1390 Sed
216 1333 289 1388 bunc
310 1330 452 1404 Epiphanii
473 1330 563 1388 locum
585 1328 709 1403 pluribus
730 1326 1062 1406 illustravitlleribertus
1077 1329 1163 1385 llosu-

140 1417 237 1473 verdus
260 1425 355 1473 noster
375 1417 403 1471 in
419 1414 528 1472 Talione
551 1424 645 1472 contra
662 1412 860 1477 casaubonum,
884 1429 899 1468 a
921 1430 977 1486 quo
1001 1414 1162 1473 iniuriino-

46 1554 53 1565 ,
141 1510 213 1559 tatus
235 1511 294 1558 erat
316 1501 515 1557 illustrissimus
537 1500 679 1556 Annalium
702 1499 836 1555 eonditor.

36 1606 42 1625 ·
66 1598 83 1681 p
225 1588 287 1645 452
302 1604 326 1642 a.
356 1582 449 1642 Κανᾶ
470 1579 527 1663 γὰρ
550 1576 756 1661 ἑρμηνεύεται]
786 1580 915 1641 Vocabuli
930 1583 1017 1640 huius
1033 1585 1160 1659 originem

139 1688 156 1729 a
178 1670 260 1727 verbo
284 1683 345 1747 'alp
368 1671 485 1736 deducit,
512 1670 585 1745 quod
607 1669 748 1743 possidere
769 1667 912 1742 significat.

227 1759 287 1815 452
304 1757 330 1814 d.
361 1750 470 1834 φάσκει
492 1749 583 1810 πάλιν
605 1746 621 1812 ὁ
642 1752 788 1826 Λουκᾶς]
819 1752 963 1822 Quomodo
985 1770 1053 1811 cum
1072 1764 1157 1811 mette

141 1842 179 1899 ris
201 1842 377 1916 Evangelistis
394 1843 507 1898 loannes
530 1839 692 1903 consentiat,
717 1857 750 1896 er
771 1855 804 1895 eo
827 1837 946 1903 deducit,
971 1840 1050 1913 quod
1063 1839 1156 1895 Pascha

140 1928 267 2000 primum,
290 1928 362 1983 loan.
380 1928 397 1984 2
421 1927 522 1982 diserte
544 1926 712 1981 nominatum
734 1923 767 1980 ab
783 1924 841 1980 aliis
855 1939 1021 1995 expressum
1036 1926 1080 1991 sii,
1101 1941 1156 1981 cun

141 2011 251 2068 Sabbati
266 2012 459 2083 deuteroproti
481 2011 645 2067 mentionem
669 2010 778 2066 iaciunt.
809 2008 865 2065 lloc
881 2008 955 2063 enirn
970 2020 1039 2081 post
1053 2004 1156 2084 primam

140 2099 302 2170 Azymorum
330 2095 432 2151 incidit.
477 2094 621 2151 Historiam
652 2094 788 2151 vulsarum
817 2093 953 2167 spicarum
983 2095 1020 2150 ad
1048 2097 1153 2169 primun

140 2180 244 2236 Pascha
265 2181 362 2237 merito
385 2181 468 2236 rolert
483 2179 664 2253 Epiphanius.
688 2198 721 2237 ex
743 2179 796 2253 line
818 2195 876 2252 cap.
900 2178 984 2234 buius
1011 2180 1153 2255 iniehigere

140 2274 229 2338 potes,
252 2265 325 2340 quod
349 2274 391 2322 est
409 2264 569 2320 Harmoniae
592 2282 675 2338 supra
696 2281 711 2320 a
732 2265 812 2321 nobis
835 2263 994 2336 propositae
1018 2274 1151 2323 consero·

140 2367 231 2406 neum.
278 2351 332 2405 lam
360 2367 423 2405 vero
453 2367 486 2422 ex
514 2350 565 2406 hac
593 2359 764 2406 caeterorum
787 2348 981 2421 suffragatione
1002 2351 1147 2424 hlogortn.

129 2435 386 2492 ‚Valentinianorum
415 2452 446 2491 no
467 2443 637 2491 caeterorum
659 2434 828 2491 mendacium
851 2432 1001 2495 convincit,
1033 2436 1080 2509 qui
1100 2434 1148 2490 uni·

140 2528 203 2577 eum
225 2521 353 2576 duntaxat
376 2520 483 2576 Christo
506 2520 609 2576 Pascha
630 2518 783 2575 tribuerint.
830 2519 895 2574 Com
919 2519 991 2573 onim
1016 2537 1080 2576 curn
1099 2526 1146 2594 post

141 2606 257 2680 primum
273 2606 376 2662 Pascha
399 2605 493 2661 vixisse
516 2613 544 2660 et
565 2621 615 2678 per
637 2614 693 2660 sata
709 2605 847 2660 transiisse
864 2611 982 2667 constet,
1006 2605 1102 2661 falsum
1115 2608 1146 2660 st

140 2703 195 2747 uno
219 2691 350 2747 Paschate
373 2708 416 2747 res
439 2688 472 2746 ab
496 2707 528 2746 eo
550 2699 641 2762 gestas
663 2688 840 2745 circunscribi
862 2686 972 2744 debere.

222 2771 275 2831 ’ἵνα
297 2770 380 2852 δεΐξῃ
402 2768 563 2847 σάββατον
583 2773 716 2848 πρῶτον]
757 2773 795 2830 lle
817 2772 935 2829 Sabbato
960 2770 1143 2849 deuteroprolo

140 2861 199 2917 vide
222 2878 291 2933 qnae
313 2861 346 2916 ad
362 2861 441 2916 llaor.
459 2863 508 2925 30,
525 2861 563 2918 32
587 2859 795 2932 disputavimus:
818 2875 880 2914 nam
902 2857 948 2914 illo
965 2856 1028 2915 loco
1046 2861 1144 2934 priorem

140 2946 282 3020 Epiphanii
305 2947 466 3002 sententiam
486 2945 637 3018 etquidem
653 2944 862 3017 probabiliorem
878 2944 1067 3016 exposuimus.
1089 2944 1147 3013 Qum

139 3040 231 3087 antem
253 3031 306 3086 hoo
328 3032 354 3085 in
377 3047 491 3086 numero
515 3031 630 3086 traditur
651 3029 794 3085 obscurior
816 3036 908 3085 estet
930 3046 1024 3085 areta
1040 3025 1150 3087 vocabuli

141 3115 213 3171 illius
236 3115 339 3186 origine
371 3132 402 3170 ac
424 3116 535 3171 notione
557 3115 696 3172 remotior.
737 3114 840 3187 lluplex
861 3113 932 3187 apud
953 3114 1072 3171 ludaeos
1092 3112 1152 3172 Sab-

141 3198 197 3258 heti
225 3215 312 3271 genus
341 3200 492 3254 constituit.
536 3199 625 3254 Unum
654 3199 790 3274 antiquius
813 3207 841 3255 et
863 3198 1002 3264 naturale,
1032 3199 1106 3275 quod
1124 3197 1152 3255 ab

141 3299 232 3338 rorum
258 3282 332 3338 initio
355 3283 494 3338 conditum
516 3294 567 3347 cst,
591 3284 706 3340 alterum
728 3284 878 3341 secundum
894 3293 922 3340 et
936 3285 1102 3357 posterioris
1115 3300 1158 3340 sr-

141 3367 220 3427 dinis,
243 3367 306 3439 quia
327 3367 417 3423 ludaei
438 3368 507 3423 festa
528 3369 617 3424 omnia
639 3368 757 3425 Sabbata
778 3368 925 3430 vocabant,
951 3369 1026 3440 quod
1050 3387 1067 3426 e
1088 3369 1159 3426 Scri·

140 3459 219 3526 ptura
242 3450 419 3509 demonstrat.
450 3452 510 3508 llox
531 3470 595 3510 vero
618 3453 741 3510 subiicit:
764 3448 807 3520 εἰς
828 3448 862 3509 δὲ
876 3444 953 3509 ἔπτὰ
967 3446 1090 3530 ἡμέρας
1102 3446 1160 3510 nd-

64 3592 66 3597 ,
140 3534 188 3591 lev
208 3527 472 3621 (ξνακυκλούμενον
493 3532 635 3614 δεύτερον
656 3538 790 3595 καλεῖται
811 3540 944 3615 πρῶτον.
989 3538 1028 3594 Ex
1050 3539 1160 3613 quibus,

140 3629 172 3677 nt
194 3631 222 3676 et
243 3638 276 3677 ex
297 3621 474 3695 sequentibus
497 3622 541 3678 illa
563 3623 704 3698 Epiphanii
726 3624 861 3680 sententia
883 3623 1020 3696 posterior
1042 3625 1159 3688 elicitur,

140 3704 289 3762 Sabbatum
322 3706 541 3781 deuteroproton
569 3725 630 3765 esse
659 3710 855 3773 Pentecosten,
885 3708 914 3764 in
941 3725 995 3782 qua
1018 3702 1163 3786 δεύτερον

139 3789 205 3846 illud
220 3790 368 3848 Sabbatum
389 3794 512 3868 πρῶτον
532 3794 694 3867 appelletur.
724 3793 778 3849 Cur
798 3804 889 3849 autem
912 3786 1165 3869 deorepo'upmror

140 3875 248 3942 dicitur,
271 3877 338 3933 nihil
360 3887 484 3951 apertum
505 3894 537 3933 ao
558 3879 689 3952 liquidum
711 3896 743 3934 er
758 3878 901 3952 Epiphanii
922 3877 1012 3935 verbis
1027 3880 1163 3936 extricare

139 3977 261 4033 possum,
284 3961 332 4017 sod
354 3962 398 4018 illa
413 3962 557 4020 llaldonati
576 3964 697 4037 opinioni
711 3964 774 4020 huic
789 3964 927 4037 aptissima
941 3962 1065 4031 videtur;
1090 3981 1164 4039 quo-

138 4045 211 4105 niam
231 4062 264 4105 ox
285 4047 419 4122 primariis
442 4048 529 4106 tribus
551 4047 636 4114 iestis,
663 4049 718 4105 sive
741 4047 876 4114 Sabbatis,
900 4051 1075 4122 heymorum,
1099 4050 1164 4107 Pri-
