2586 4822
602 723 715 773 utatur

356 926 397 984 att
422 927 588 985 HhEHESlN
610 928 720 984 XXXVH
745 928 950 985 OPHITXRUH.

234 1051 288 1107 277
310 1066 334 1103 a.
368 1031 404 1120 ἦν
425 1037 553 1123 ἑρπετὸν
575 1037 786 1122 theophane]
813 1048 886 1117 Quae
902 1048 936 1104 de
952 1049 1099 1105 hominurn
1115 1051 1172 1107 uri-

147 1135 208 1208 gine.
231 1135 375 1190 commenti
399 1142 462 1188 sum
485 1142 512 1189 et
534 1134 560 1187 hi
584 1141 611 1189 et
627 1132 817 1189 Gnosticorum
841 1134 973 1206 plerique,
999 1152 1032 1190 ex
1048 1145 1169 1191 veterum

147 1219 374 1292 Philosophorum
398 1217 570 1290 opinionibus
593 1228 745 1283 manarunt,
769 1219 802 1275 de
826 1218 925 1292 quihus
943 1218 1091 1283 Diodorus,
1115 1220 1171 1276 Eu·

148 1304 239 1360 sebius
266 1306 277 1359 l
304 1303 336 1358 de
359 1303 454 1374 Pracp.

233 1390 292 1445 272
309 1387 336 1442 h.
367 1383 416 1441 καὶ
439 1381 638 1463 πανουργίαν]
663 1387 724 1443 Cor.
748 1379 826 1444 κατὰ
848 1406 918 1442 παν.

107 1466 137 1535 76
234 1476 292 1529 274
310 1474 336 1528 ct.
367 1465 470 1545 ἕτερον
488 1462 579 1526 πάλιν
594 1465 652 1545 ἔχει
668 1463 904 1550 φρονιμότητας]
929 1472 1023 1529 Amba.
1037 1474 1164 1530 Sermiu

153 1559 246 1614 Her.2
271 1556 461 1630 parthenul.
495 1557 593 1624 ttuadr.
617 1558 739 1629 Serpens
771 1575 832 1612 cum
860 1559 966 1613 uenerit
996 1560 1036 1613 ad
1065 1561 1161 1614 hiberr-

146 1644 210 1697 αντα
238 1659 355 1713 aquam,
381 1642 549 1713 priusquam
572 1644 657 1706 hibat,
681 1652 763 1698 catra
789 1643 894 1713 [uatem
909 1643 1011 1697 evomit
1027 1660 1164 1699 ormam

145 1744 225 1782 suom
247 1736 272 1782 et
293 1735 392 1799 postea
415 1728 491 1789 bihit.
522 1727 567 1781 Ita
590 1736 687 1782 etuas
710 1729 822 1799 quaudo
846 1730 883 1783 ad
898 1730 990 1783 attare
1014 1727 1068 1783 Dei
1091 1746 1164 1785 coat-

145 1813 317 1868 umat'caturr'
349 1813 521 1876 accedimus,
554 1814 725 1883 deponamus
758 1829 892 1868 ceccaum
912 1813 1076 1885 pessimum,
1101 1824 1152 1870 etc..

353 2032 394 2086 ΑΙ)
418 2030 584 2086 ttauuestu
611 2032 731 2087 XXXVHI
756 2032 959 2088 ChthOHUH.

234 2151 293 2207 282
310 2150 335 2204 d.
371 2142 480 2216 καθὼς
506 2131 544 2223 ἦν
570 2145 637 2223 περὶ
667 2141 762 2207 αὐτοῦ
789 2145 1007 2226 γεγραμμένον]
1049 2151 1159 2207 Tametsi

149 2234 214 2289 h'aec
244 2253 273 2289 cx
298 2234 370 2289 Hatt.
389 2236 426 2290 27
460 2235 546 2308 capite
575 2236 736 2307 sumpserit,
766 2235 811 2291 ubi
836 2236 981 2291 Hieremias
1006 2236 1159 2293 nommatim

148 2319 286 2381 laudatur,
311 2329 388 2375 caute
411 2328 500 2375 tamen
523 2314 554 2374 ἓν
575 2322 639 2385 ταῖς
654 2314 838 2397 Προᾳ-ήταις
860 2322 933 2385 dixit,
958 2322 1032 2394 quod
1056 2321 1100 2378 hic
1121 2322 1160 2377 lo-

148 2421 196 2460 cus
224 2404 295 2477 apud
318 2403 478 2460 Hieremiam
508 2422 562 2461 uon
592 2415 672 2461 restat.
718 2406 877 2478 suspicatur
899 2405 998 2461 Euseh.
1024 2406 1090 2463 tto
1115 2406 1161 2480 τῆς

143 2481 290 2557 Plaudet}
315 2491 396 2554 hacc,
422 2507 490 2563 quac
513 2489 680 2562 Evangelista
703 2500 910 2555 commemorat,
934 2491 1005 2564 apud
1029 2493 1160 2546 ieremiam

148 2575 210 2629 olim
234 2575 310 2637 lectu,
335 2575 381 2630 secl
405 2593 418 2629 a
443 2575 545 2630 Iudaeis
568 2575 686 2630 ‹tetracta
710 2575 801 2639 fuisse,
826 2585 871 2630 aut
887 2593 935 2648 pro
951 2577 1097 2631 Zachariae
1114 2593 1158 2631 uo-

147 2661 217 2714 miue
242 2661 378 2715 {eremium
402 2660 572 2715 librariorum
606 2660 747 2732 irrepsisse
770 2661 857 2733 culpa.
903 2661 930 2714 lu
957 2661 1032 2733 quod
1055 2671 1157 2734 postre-

147 2762 219 2799 muru
243 2747 326 2818 inagis
348 2745 458 2801 iucliuat
480 2744 589 2800 Hieron.
613 2745 646 2800 acl
661 2744 734 2799 Hatt.
750 2747 787 2803 27
812 2746 862 2800 etsi
886 2746 911 2799 iu
928 2744 1080 2801 Hieremiae
1096 2763 1157 2819 apo-

146 2831 248 2902 crypho
272 2830 387 2903 quartam
410 2832 477 2885 lraec
499 2829 663 2885 aHatthaeo
687 2831 765 2885 citata
782 2848 810 2885 se
827 2830 924 2903 legisse
940 2830 1051 2886 reserat.
1076 2832 1156 2900 Qum

145 2913 286 2968 rictrudem
310 2931 342 2969 au
366 2914 391 2969 iu
416 2915 507 2970 codice
530 2932 580 2969 suo
603 2908 636 2969 ἓν
660 2917 722 2981 τοῖς
739 2906 923 2992 Προφήταις
945 2914 1074 2972 habuerit
1100 2916 1157 2989 Epi-

145 2998 268 3069 phauius,
292 3016 345 3054 uon
366 2998 515 3055 Hieremiae
538 2997 706 3054 vocabulum.
737 2999 789 3054 Sed
813 2999 940 3054 nonnulla
964 3000 1045 3056 aliter
1067 3009 1157 3074 pratu·

145 3082 175 3136 lit
196 3099 274 3155 quam
297 3083 367 3159 apud
383 3083 546 3140 Hatthacum
569 3092 615 3139 aut
638 3084 790 3140 Zachariam
814 3085 996 3157 reperiuntur.
1043 3086 1121 3142 Velut
1135 3079 1157 3139 ci

146 3157 263 3222 δίκαιόν
291 3162 371 3223 ἐστιν
398 3160 500 3241 ὑμῶν,
529 3185 579 3242 pro
607 3187 661 3241 quo
684 3169 747 3224 LXX
771 3165 797 3225 α’
818 3163 912 3225 καλόν
932 3164 1015 3224 ἐστιν
1037 3162 1157 3227 ἐνώπιον

145 3243 241 3321 ὑμῶν.
623 3305 634 3323 ἱ

229 3329 278 3389 καὶ
300 3327 393 3390 πάλιν
413 3330 445 3391 ἒν
466 3327 550 3416 ἄλλῳ
572 3331 739 3414 Προφήτῃ]
776 3338 886 3394 Frustra
915 3339 995 3394 alium
1026 3341 1073 3397 hic
1094 3341 1158 3396 Pro·

144 3420 253 3491 phetam
276 3438 336 3476 esse
359 3421 435 3485 uicit,
468 3438 529 3477 cum
552 3423 587 3477 sit
608 3422 679 3478 idem
702 3423 745 3479 ille
774 3424 819 3498 qui
842 3424 963 3496 proxime
986 3425 1088 3481 citatus
1109 3433 1155 3487 est.

145 3505 293 3568 Zacharias,
326 3505 398 3579 quod
422 3506 454 3560 ad
477 3508 628 3579 posteriora
651 3507 731 3564 verba
754 3517 868 3582 spectat.
914 3508 979 3564 Ham
1002 3510 1094 3582 priora
1118 3509 1157 3566 tta

144 3584 194 3643 καὶ
217 3583 334 3646 ἔδωκαν
355 3583 389 3646 τὸ
412 3582 558 3665 ἀργύριον
579 3583 634 3665 τὴν
656 3587 746 3667 τιμὴν
762 3593 815 3649 τοῦ
830 3588 1029 3667 τετιμημένου
1047 3612 1079 3650 ea
1098 3594 1155 3650 Hat.

144 3673 284 3747 desiimpta
307 3675 377 3747 apud
400 3676 553 3731 Zachariam
575 3694 629 3732 nau
653 3686 752 3734 eataat.
784 3679 926 3734 Postremo
948 3696 998 3751 pro
1021 3671 1084 3736 ὑπὸ
1102 3680 1158 3737 τῶν

144 3751 219 3814 υἱῶν
240 3759 304 3815 LXX
327 3752 413 3835 ὑπέρ,
436 3760 518 3817 Hebr.
542 3758 676 3821 ambra.
708 3762 785 3835 Vutg.
809 3780 827 3817 a
848 3764 924 3836 filiis,

231 3845 290 3902 283
306 3844 332 3900 tl.
373 3846 427 3901 ταῦ
457 3836 656 3920 βαναρήσῐου
685 3838 858 3922 κανθάρου]
894 3848 1020 3904 helianus
1053 3850 1160 3913 o‚35.

144 3929 323 3993 orthaea.
347 3929 493 4002 Baprestis
515 3932 623 3986 animat
645 3941 685 3987 est
707 3949 803 3987 raram
826 3933 855 3988 iu
871 3932 966 3996 Italia,
989 3934 1160 3990 simillium

142 4017 299 4070 scarabaeo
321 4015 470 4087 loupipedi.
502 4015 589 4071 r'artu
610 4017 683 4070 inter
704 4016 806 4072 herbas
824 4020 918 4072 barem
933 4019 1066 4082 maxime,
1090 4019 1161 4074 eade
