2586 4822
178 708 241 772 162
628 719 742 771 emam

173 871 375 956 otnnpnineorc
396 887 520 951 tempore
540 875 684 933 nobiscnm
705 878 799 934 sentit.
835 875 1029 934 Emeudaatlus
1051 877 1137 953 igitar
1154 886 1200 937 ert

172 963 205 1019 aul
227 980 290 1021 eum
311 964 431 1028 modum,
454 979 535 1038 quem
553 979 640 1036 supra
662 962 905 1019 demonstravimus
927 965 1039 1036 p.ll2.

256 1041 434 1123 ὑπέρβατον
453 1040 631 1122 πραθέντες]
662 1047 743 1103 l'orte
765 1040 963 1120 προσθέντες.

257 1136 320 1192 tta
336 1150 360 1190 c.
391 1128 440 1187 καὶ
463 1129 526 1189 ἐκεῖ
542 1125 578 1188 τὸ
599 1125 731 1206 Πάσχα]
776 1131 845 1202 Quill
876 1132 921 1188 hic
947 1131 1052 1189 audio?
1081 1126 1150 1201 ἐκεῖ,
1169 1132 1197 1189 ἢ

173 1229 215 1279 est
237 1220 263 1275 in
287 1220 377 1283 horto,
401 1217 503 1274 Pascha
526 1215 723 1273 manducasse?
752 1217 860 1273 Minime
882 1217 909 1273 id
931 1217 1055 1290 quidem.
1082 1218 1137 1274 Sed
1155 1216 1197 1274 vet

172 1299 236 1362 ἐκεῖ
258 1304 292 1360 ad
321 1303 461 1376 superiora
490 1303 624 1375 pertinet,
653 1303 695 1360 rel
723 1303 881 1361 traiectione
908 1312 1008 1375 peccat
1036 1304 1081 1359 hic
1110 1302 1194 1359 mons.

172 1390 251 1458 Quod
274 1388 396 1444 subiicit:
421 1378 476 1443 οὐκ
499 1378 600 1455 ἄλλως
613 1381 753 1462 ποιήσας,
778 1387 913 1444 Christum
930 1397 1054 1451 excusat,
1078 1404 1192 1445 aureae

119 1517 121 1520 -
171 1475 291 1547 legitimo
314 1482 437 1546 tempore
459 1472 562 1528 Pascha
584 1473 729 1545 peregerit,
754 1473 827 1545 quod
849 1474 883 1529 atl
904 1471 1049 1546 publicum
1072 1482 1098 1530 et
1120 1489 1195 1530 con-

171 1576 281 1615 mnnem
304 1576 383 1614 usum
405 1558 609 1614 accommodare
631 1575 661 1613 se
684 1557 818 1613 maluerit.

257 1646 318 1702 450
335 1662 359 1699 a.
390 1633 485 1709 εὐθὺς
511 1645 632 1717 πρῶτος
663 1635 875 1713 Οὐαλεντῖνος]
920 1641 993 1698 llaec
1024 1659 1059 1698 ex
1085 1641 1190 1698 trenaro

170 1746 297 1803 expressa
321 1739 394 1793 sunt,
418 1728 464 1803 qui
489 1730 516 1793 2,
535 1730 583 1786 38.
626 1728 826 1784 Valentinianos
848 1728 963 1792 refutat,
987 1728 1039 1800 qui
1064 1730 1099 1786 33
1118 1728 1187 1782 han·

168 1833 234 1871 nunt
257 1814 400 1888 collegium
423 1815 476 1869 hoc
498 1830 631 1869 annorum
648 1813 748 1869 Christi
770 1829 883 1869 numero
907 1811 1069 1869 fulciebant.
1089 1812 1186 1885 Quippe

170 1900 307 1957 Christum
330 1897 489 1955 asserebant
510 1916 581 1954 anno
604 1898 699 1953 aetatis
723 1901 761 1955 30
785 1915 894 1971 passum
917 1915 995 1961 esse,
1028 1915 1120 1954 mense
1143 1897 1189 1954 12

169 1985 272 2042 Contra
301 2002 371 2056 quos
401 2000 425 2038 c.
443 1986 481 2041 39
511 1982 694 2046 demonstrat,
723 1982 833 2039 hiennio
862 1992 891 2038 et
919 1981 1027 2057 aliquot
1057 1981 1189 2039 mensibus

168 2070 348 2142 praedicasse.
379 2068 559 2141 Posteaquam
582 2067 665 2139 igitur
687 2067 720 2124 ale
743 2082 860 2141 utroque
883 2085 964 2132 anno,
988 2077 1045 2123 tant
1068 2086 1122 2144 qno
1142 2082 1188 2122 aa·

169 2163 224 2219 tus,
247 2169 405 2226 quamquo
428 2169 524 2225 passus
547 2152 740 2218 estllominus,
764 2152 965 2209 accuratissime
987 2152 1185 2226 disputavimus,

169 2246 383 2294 consentaneum
401 2245 451 2300 cst,
475 2246 506 2292 ut
522 2237 555 2292 alc
571 2236 743 2302 Paschatum,
767 2254 837 2312 qnae
852 2246 915 2310 post
930 2236 1099 2310 Baptismum
1115 2236 1185 2293 Chai-

167 2332 228 2379 atus
250 2323 326 2387 obiit,
351 2339 464 2378 numero
487 2321 667 2378 tlilhcillunam
691 2324 877 2396 quaestionem
900 2322 1078 2395 explicemus.
1108 2322 1181 2390 Quen

167 2426 219 2464 nos
241 2409 314 2464 hunc
336 2409 425 2482 ipsum
447 2408 474 2463 in
496 2407 586 2463 locum
610 2409 707 2464 merito
731 2407 899 2471 distulimus,
926 2407 1001 2480 qnod
1023 2425 1087 2463 cum
1109 2420 1183 2479 supt-

166 2494 231 2550 riori
255 2494 287 2550 ate
310 2493 440 2551 Passioue
463 2492 563 2549 Christi
584 2493 767 2566 disputatione
789 2509 910 2548 emmena
940 2501 1024 2565 atque
1057 2492 1178 2566 impliettt

166 2579 313 2635 rideretur.

253 2661 396 2738 [Sequitur
407 2663 542 2719 Excursus
555 2662 585 2717 t.
604 2661 677 2729 Quot
691 2663 844 2718 secundnm
854 2661 1032 2734 Baptismum
1048 2661 1180 2718 casam

169 2747 296 2805 Christus
318 2749 421 2804 abierit
442 2766 469 2821 p.
487 2747 679 2818 203—209.]

114 2839 160 2890 209
252 2837 312 2890 450
329 2835 355 2890 a.
386 2824 566 2907 εὑρίσκομεν
589 2827 648 2909 γὰρ
672 2827 721 2886 καὶ
744 2824 951 2906 ἕμφερόμενόν
972 2831 1048 2904 που]
1090 2828 1177 2901 Quihus

164 2918 192 2975 in
221 2919 296 2975 lihris
325 2919 460 2991 reperisse
488 2918 575 2982 dicat,
604 2934 660 2973 non
683 2917 748 2972 satis
771 2916 898 2972 declarat.
942 2919 983 2971 Λα
1005 2915 1040 2971 de
1065 2916 1119 2972 hoo
1136 2928 1179 2971 suc

165 3021 249 3076 opere
271 3003 396 3075 loquitur
416 3002 592 3076 Epiphanius,
626 3003 653 3057 in
677 3019 732 3074 qno
754 3001 925 3057 librariorum
948 3002 1122 3057 oscitantiam
1139 3014 1182 3055 ao·

164 3086 262 3144 cuset‘l
291 3088 389 3144 Varum
412 3105 444 3144 oa
466 3088 498 3143 iis
520 3104 590 3161 quae
613 3096 782 3159 sequuntur,
807 3086 912 3142 videtur
935 3079 1080 3142 καθόλου
1103 3087 1181 3142 Chro-

162 3171 318 3243 unlogicns,
348 3173 404 3228 sive
426 3171 575 3229 llistoricos
598 3171 807 3228 commentarios
829 3171 991 3245 intelligere.
1036 3170 1068 3226 ln
1091 3169 1181 3245 quihus

164 3256 188 3311 si
210 3259 249 3313 40
272 3258 387 3328 Augusti
410 3272 481 3311 anno
504 3267 597 3313 natum
618 3255 783 3311 Salvatorena
807 3273 868 3313 esse
890 3257 1029 3330 proditum
1050 3256 1112 3321 luit,
1134 3268 1180 3311 aa!

163 3341 231 3398 aleo
259 3356 355 3396 recem
383 3349 426 3396 est
452 3339 497 3396 illa
520 3340 625 3397 llelterir
653 3342 768 3398 assertio
797 3358 866 3414 quae
890 3359 952 3397 eum
974 3342 1066 3415 ipsum
1090 3352 1184 3397 anuum

164 3434 267 3482 luelttr.

249 3513 308 3568 451
326 3527 350 3565 a.
382 3499 491 3587 φάσκει
512 3502 571 3585 γὰρ
593 3498 640 3566 ὅτι
663 3501 723 3586 πρὸ
748 3504 823 3566 δέκα
849 3501 905 3565 ola
927 3505 1094 3567 καλανδῶν
1110 3500 1183 3567 'loe-

162 3590 236 3652 λίαν
261 3589 281 3670 ἢ
309 3587 443 3651 Ἰουνίαν
471 3587 527 3650 οὐκ
556 3589 615 3668 ἔχω
648 3589 753 3670 λέγειν]
799 3595 944 3651 llendusus
974 3596 1074 3667 procul
1106 3594 1185 3652 auth

161 3681 214 3736 iste
246 3680 324 3737 locus
353 3690 404 3736 est.
449 3679 543 3753 Neque
572 3680 653 3743 etaim,
683 3681 797 3753 opinor,
831 3679 991 3736 asserebant
1026 3680 1082 3746 illi,
1115 3675 1180 3753 apul

161 3782 231 3838 quos
265 3765 470 3839 quadragesimo
497 3765 614 3838 Augusti
646 3782 717 3820 anno
752 3775 844 3821 natum
873 3765 1040 3821 Salvatnrem
1073 3766 1181 3839 repetita

108 3849 281 3910 atohaaalem
314 3851 373 3906 eius
404 3850 449 3906 llll
477 3849 589 3905 llalend.
619 3850 724 3911 lunias,
760 3850 802 3905 rel
833 3850 913 3906 lulias
946 3851 1096 3916 accidisse,
1126 3847 1182 3911 sel,

160 3945 193 3992 nt
218 3936 359 4010 sequentia
394 3936 594 3998 demonstrant,
630 3933 664 3990 tle
698 3935 890 4008 Conceptionis
920 3934 964 3991 dic
991 3935 1079 3991 locuti
1112 3942 1182 3991 suut.

161 4020 251 4088 Quare
284 4020 483 4079 restituendum
519 4019 631 4077 verbum
668 4029 710 4076 est
748 4014 951 4097 συνελήφθη,
993 4021 1070 4094 quod
1109 4019 1185 4094 eulpa
