2586 4822
426 816 716 871 anmmvansrones.
1020 802 1078 871 tal
1170 876 1172 880 Α

59 973 140 1032 iata'le
161 981 352 1049 contempsere
373 981 489 1031 caetera.
520 975 558 1030 dc
580 973 703 1046 prolecto
724 973 758 1031 de
780 990 816 1031 eo
836 975 948 1033 edraim
968 974 1041 1033 sileri
1067 994 1082 1034 a

59 1058 240 1131 mpctinimis
260 1059 324 1116 viris
346 1059 539 1134 aequissimum
562 1059 627 1124 luit,
650 1059 728 1116 euius
749 1067 894 1134 nrtopere
915 1060 991 1118 illum
1013 1068 1085 1137 p'oe-

59 1143 177 1201 nituisse
200 1144 316 1200 scirent:
347 1161 381 1200 ne
405 1144 521 1200 bominis
543 1144 688 1200 memoriae
711 1143 855 1208 insultare,
880 1143 1084 1220 obtrectarique

60 1229 131 1287 velle
153 1229 244 1302 potius
266 1245 346 1303 quam
370 1245 477 1285 errores
501 1229 627 1285 damnare
649 1229 813 1287 viderentur.
854 1231 891 1287 lle
913 1230 987 1296 aliis,
1011 1248 1085 1304 quo·

59 1331 122 1372 rum
145 1315 246 1387 scripta
268 1331 323 1370 non
347 1324 447 1380 extant,
470 1315 653 1387 pronunciare
674 1315 782 1371 nonnisi
805 1326 907 1372 temere
924 1333 1083 1389 possumus.

58 1400 152 1455 Altera
175 1400 201 1455 in
224 1399 370 1462 Annalibus
393 1400 550 1456 conlectura
571 1416 626 1456 non
647 1399 710 1473 plus
732 1401 865 1465 veritatis,
890 1401 978 1457 minus
1000 1403 1082 1457 etiarn

59 1483 260 1559 probabilitatis
283 1484 373 1541 babet.
411 1484 595 1541 Falsissimum
618 1485 688 1541 enim
712 1493 754 1542 est
775 1485 903 1541 intextam
927 1486 995 1543 banc
1017 1487 1084 1561 Epi-

57 1569 162 1645 phanio
184 1569 307 1627 laciniam
330 1587 406 1635 esse,
430 1587 491 1626 cum
514 1586 604 1644 neque
625 1571 659 1626 de
681 1569 751 1642 stylo
774 1570 833 1644 ipso
856 1570 972 1628 dubitari
994 1573 1083 1645 possit

57 1665 88 1712 et
110 1652 210 1730 quibus
232 1655 259 1710 id
282 1655 448 1729 argumentis
464 1654 588 1720 efficitur,
610 1654 677 1711 levia
692 1655 756 1720 sint,
779 1656 833 1711 imo
849 1656 931 1712 nulla.
962 1656 1082 1730 Epipba³

58 1740 138 1802 nius,
167 1739 270 1814 inquit,
298 1740 369 1795 libro
391 1740 424 1810 de
447 1740 581 1796 mensuris
603 1756 634 1796 ac
656 1739 822 1813 ponderibus
844 1741 925 1814 plane
947 1743 1082 1798 contraria

58 1825 163 1882 docuit.
195 1823 294 1881 Scribit
317 1824 405 1880 enim:
428 1825 573 1880 Floroisae
597 1823 745 1897 origenem
767 1843 786 1881 o
809 1828 977 1899 temporibus
1001 1827 1083 1882 Decii

58 1926 148 1983 uapor
171 1911 209 1964 od
233 1907 347 1966 Gallam
369 1917 395 1965 et
421 1909 612 1967 Volusianum.
651 1909 701 1966 Ubi
724 1926 782 1976 vox,
804 1912 908 1981 floruit,
932 1928 986 1966 non
1010 1912 1082 1967 idem

59 2004 103 2052 est
131 2011 162 2050 ac
189 1996 274 2059 arisit,
298 1995 346 2050 scd
369 1994 541 2068 splendorem
564 2012 596 2051 er
619 1995 741 2052 doctrina
763 1997 915 2069 quaesitum
938 1996 1081 2070 significat.

59 2083 93 2136 At
121 2079 145 2134 si
174 2088 230 2135 tum
260 2080 352 2153 lapsus
381 2089 453 2136 esset
476 2080 622 2154 Origenes,
651 2096 706 2137 non
735 2080 809 2136 illum
833 2079 957 2137 duruisse
981 2081 1083 2137 diceret

57 2164 236 2237 Epiphanius.
267 2165 365 2221 Verum
388 2157 534 2239 ἀκμάζειν
554 2175 581 2222 et
604 2164 701 2222 llorere
724 2166 795 2239 apud
812 2164 999 2239 Chronologos
1016 2165 1083 2222 nibil

58 2247 132 2305 aliud
166 2258 208 2305 est
234 2267 313 2322 quam
337 2250 519 2306 commendari
541 2251 621 2324 vulgo
644 2251 720 2306 etin
743 2249 831 2323 aliqua
854 2259 968 2324 propter
990 2251 1084 2306 erudi-

57 2335 172 2399 tionem,
196 2343 242 2389 aut
264 2336 389 2391 virtutem
413 2336 529 2390 nominis
552 2335 673 2392 claritate
695 2336 804 2391 versari.
850 2334 922 2392 llanc
945 2351 1008 2391 cero
1031 2335 1083 2392 do·

59 2420 163 2475 ctrinae
192 2418 287 2474 lamam
310 2436 341 2475 ao
363 2420 535 2494 splendorem
559 2419 667 2493 Origeni
690 2436 779 2493 neque
801 2420 878 2493 prior
899 2420 941 2476 illa
964 2420 1083 2476 Idolola-

59 2504 126 2560 triae
151 2503 245 2576 eulpa,
272 2521 351 2577 quam
374 2505 540 2578 poenitentia
564 2504 694 2569 diluerat,
724 2505 830 2578 eripere
854 2503 962 2571 debuit;
991 2522 1081 2580 acque

58 2589 197 2662 posterior
219 2598 312 2646 totae
335 2599 387 2644 tam
411 2589 598 2662 multiplicium
621 2589 780 2645 haereseum
803 2589 909 2645 infamia
925 2589 1014 2663 potuit
1030 2607 1082 2665 op-

57 2674 187 2748 primere.
233 2673 334 2730 lleimle
363 2674 429 2730 salso
452 2674 562 2730 llecium
590 2691 640 2747 pro
664 2674 764 2731 Severo
793 2674 836 2730 laic
864 2683 1024 2748 usurpatum
1047 2673 1080 2730 ab

57 2758 210 2833 Epiphanio
239 2759 320 2832 paulo
353 2767 415 2815 ante
444 2759 595 2815 docuimus.
640 2759 794 2815 Secundum
823 2759 890 2815 baec
913 2760 1135 2832 augustianam

57 2844 139 2900 nobis
169 2841 309 2909 obiicitur,
339 2845 384 2917 qui
414 2861 475 2900 com
505 2844 539 2900 de
562 2844 678 2918 Origene
707 2844 794 2901 omnia
818 2845 854 2901 sit
876 2861 907 2901 cx
929 2844 1080 2918 Epiphanio

57 2936 209 2992 mutuatus,
232 2929 266 2985 dc
288 2929 446 3002 turpissimo
469 2929 514 2985 illo
537 2928 614 3003 lapsu
629 2928 740 2986 verbum
757 2929 860 2985 nullum
877 2930 1001 3002 aspersit.
1026 2929 1081 2987 Sed

57 3023 151 3069 utrum
179 3013 232 3070 hoc
260 3013 402 3087 Epiplranii
433 3015 561 3070 adversus
591 3013 722 3071 llaereses
750 3013 919 3071 luculentum
948 3031 1017 3088 opus
1046 3015 1080 3071 ab

56 3098 211 3172 Augustino
240 3099 340 3155 lectum
370 3100 466 3163 luerit,
496 3108 611 3172 propter
638 3116 683 3155 eas
706 3116 815 3156 caussas
838 3099 954 3156 dubitari
977 3109 1078 3174 potest,

57 3200 128 3259 quae
152 3183 180 3238 in
202 3184 378 3256 praelatione,
402 3201 481 3259 quam
505 3184 586 3258 Operi
609 3183 659 3258 ipsi
682 3184 871 3258 praefiximus,
894 3184 927 3240 ad
949 3185 1080 3242 lectorem

58 3267 186 3342 pluribus
209 3278 273 3326 srrnt
294 3286 309 3325 a
331 3269 410 3325 nobis
433 3269 580 3343 expositae.
611 3269 721 3325 Frustra
744 3269 835 3343 igitur,
857 3279 889 3325 ut
906 3270 1014 3343 quidem
1030 3287 1081 3344 ap-

55 3363 146 3427 paret,
171 3353 303 3412 solicitata
327 3365 369 3412 est
391 3356 416 3410 in
433 3354 580 3411 Annalibus
596 3354 758 3411 narrationis
772 3354 854 3419 illius,
878 3355 1012 3429 istiusque
1026 3356 1081 3412 loci

55 3437 142 3503 fides,
170 3456 232 3545 pum
260 3440 333 3496 nulla
360 3440 393 3496 ad
423 3457 480 3497 eam
510 3433 730 3498 labefactandam
750 3440 814 3496 satis
843 3439 919 3496 firma
949 3442 1016 3496 ratio
1045 3442 1081 3496 sit

56 3523 147 3581 allata.
956 3544 959 3549 ·

146 3610 205 3666 526
222 3609 249 3665 b.
281 3601 297 3666 ὁ
321 3604 354 3666 di
374 3603 562 3684 βουλόμενος
583 3606 625 3678 εἷς
646 3605 772 3685 ἐκείνου]
805 3610 915 3684 Vulgata
932 3617 974 3665 cst
989 3609 1080 3667 bisto-

54 3694 96 3750 ria
125 3693 170 3750 illa
201 3694 233 3751 de
256 3710 367 3751 secessu
396 3695 492 3769 Tyrio,
523 3696 610 3769 deque
633 3697 672 3754 28
704 3696 780 3752 annis
808 3694 844 3752 ibi
873 3695 1016 3750 transactis
1045 3694 1078 3751 ab

55 3779 185 3853 Origene,
209 3797 270 3836 cunr
293 3798 385 3837 sacros
408 3781 516 3836 codices
531 3780 765 3855 interpretaretur.
797 3781 881 3850 Quam
898 3796 930 3835 cx
945 3779 998 3836 boc
1012 3776 1079 3852 lipi-

53 3863 150 3938 phanii
173 3864 233 3920 loco
257 3874 337 3922 etex
360 3865 406 3922 lib.
431 3865 464 3922 de
487 3865 569 3940 pond.
592 3882 623 3923 ac
645 3879 732 3923 mens.
749 3864 914 3938 chronologi
932 3873 1013 3938 atque
1029 3863 1079 3919 lli-

53 3949 151 4006 storici
175 3949 380 4007 transtulerunt.
411 3950 465 4006 Sed
488 3952 553 4008 haec
575 3951 669 4009 vellem
692 3952 738 4009 isti
759 3951 910 4009 accuratius
932 3948 1079 4023 expendis-

52 4043 129 4099 sent,
153 4050 184 4091 ac
206 4052 267 4091 cnm
290 4037 374 4110 gestis
398 4036 521 4109 (ingenis
544 4045 570 4093 ct
588 4036 697 4093 Eusebii
719 4037 737 4092 l.
756 4038 773 4094 6
798 4035 986 4092 contulissent.
1017 4033 1076 4089 Non

51 4121 129 4177 enirn
152 4118 307 4178 dubitamus
330 4122 394 4194 ‹prrin
417 4138 491 4178 mera
513 4121 602 4178 labula
624 4123 674 4189 sit,
707 4121 788 4194 idque
810 4120 892 4178 certis
916 4128 996 4191 atque
1020 4118 1078 4174 evi-
