<?xml version="1.0" encoding="UTF-8"?>
<!DOCTYPE html PUBLIC "-//W3C//DTD XHTML 1.0 Transitional//EN"
    "http://www.w3.org/TR/xhtml1/DTD/xhtml1-transitional.dtd">
<html xmlns="http://www.w3.org/1999/xhtml" xml:lang="en" lang="en">
 <head>
  <title>
</title>
<meta http-equiv="Content-Type" content="text/html;charset=utf-8" />
  <meta name='ocr-system' content='tesseract 3.04.00' />
  <meta name='ocr-capabilities' content='ocr_page ocr_carea ocr_par ocr_line ocrx_word'/>
</head>
<body>
  <div class='ocr_page' id='page_1' title='image "./opera02dindgoog_0085.png"; bbox 0 0 2586 4822; ppageno 0'>
   <div class='ocr_carea' id='block_1_1' title="bbox 111 785 859 848">
    <p class='ocr_par' dir='ltr' id='par_1_1' title="bbox 111 785 859 848">
     <span class='ocr_line' id='line_1_1' title="bbox 111 785 859 848; baseline -0.005 0"><span class='ocrx_word' id='word_1_1' title='bbox 111 785 153 848; x_wconf 79' lang='grc'>56</span> <span class='ocrx_word' id='word_1_2' title='bbox 421 792 536 848; x_wconf 74' lang='lat' dir='ltr'>amaru</span> <span class='ocrx_word' id='word_1_3' title='bbox 554 792 834 846; x_wconf 82' lang='lat' dir='ltr'>iuiusmcneiotus</span> <span class='ocrx_word' id='word_1_4' title='bbox 855 816 859 823; x_wconf 94' lang='lat'>-</span> 
     </span>
    </p>
   </div>
   <div class='ocr_carea' id='block_1_2' title="bbox 43 944 1176 3911">
    <p class='ocr_par' dir='ltr' id='par_1_2' title="bbox 111 944 1136 2046">
     <span class='ocr_line' id='line_1_2' title="bbox 111 944 1134 1027; baseline -0.006 -15"><span class='ocrx_word' id='word_1_5' title='bbox 111 957 177 1013; x_wconf 79' lang='lat' dir='ltr'>Nam</span> <span class='ocrx_word' id='word_1_6' title='bbox 200 953 269 1010; x_wconf 85' lang='lat' dir='ltr'>duae</span> <span class='ocrx_word' id='word_1_7' title='bbox 290 960 355 1009; x_wconf 84' lang='lat' dir='ltr'>sunt</span> <span class='ocrx_word' id='word_1_8' title='bbox 376 944 502 1027; x_wconf 77' lang='grc' dir='ltr'>ὅμάδες,</span> <span class='ocrx_word' id='word_1_9' title='bbox 526 969 557 1008; x_wconf 82' lang='grc'>44</span> <span class='ocrx_word' id='word_1_10' title='bbox 580 949 757 1025; x_wconf 74' lang='grc'><strong>4441444430</strong></span> <span class='ocrx_word' id='word_1_11' title='bbox 782 966 918 1006; x_wconf 74' lang='lat' dir='ltr'>aririorutnv</span> <span class='ocrx_word' id='word_1_12' title='bbox 937 965 1041 1006; x_wconf 86' lang='lat' dir='ltr'>summa</span> <span class='ocrx_word' id='word_1_13' title='bbox 1064 964 1134 1007; x_wconf 82' lang='grc'><strong>444-</strong></span> 
     </span>
     <span class='ocr_line' id='line_1_3' title="bbox 112 1034 1133 1109; baseline -0.006 -12"><span class='ocrx_word' id='word_1_14' title='bbox 112 1041 201 1097; x_wconf 89' lang='lat' dir='ltr'>liatur.</span> <span class='ocrx_word' id='word_1_15' title='bbox 238 1039 324 1095; x_wconf 86' lang='lat' dir='ltr'>Prima</span> <span class='ocrx_word' id='word_1_16' title='bbox 348 1048 390 1095; x_wconf 88' lang='lat' dir='ltr'>est</span> <span class='ocrx_word' id='word_1_17' title='bbox 411 1055 426 1093; x_wconf 89' lang='lat' dir='ltr'>a</span> <span class='ocrx_word' id='word_1_18' title='bbox 449 1041 467 1096; x_wconf 87' lang='grc'>1</span> <span class='ocrx_word' id='word_1_19' title='bbox 492 1035 662 1109; x_wconf 78' lang='lat' dir='ltr'><strong>Philadelphi</strong></span> <span class='ocrx_word' id='word_1_20' title='bbox 684 1037 717 1092; x_wconf 88' lang='lat' dir='ltr'>ad</span> <span class='ocrx_word' id='word_1_21' title='bbox 739 1035 862 1092; x_wconf 89' lang='lat' dir='ltr'>ultimum</span> <span class='ocrx_word' id='word_1_22' title='bbox 886 1034 1058 1109; x_wconf 79' lang='lat' dir='ltr'>Cleopatrae,</span> <span class='ocrx_word' id='word_1_23' title='bbox 1082 1051 1133 1091; x_wconf 87' lang='grc'>44-</span> 
     </span>
     <span class='ocr_line' id='line_1_4' title="bbox 112 1119 1132 1193; baseline -0.007 -11"><span class='ocrx_word' id='word_1_24' title='bbox 112 1140 210 1182; x_wconf 85' lang='lat' dir='ltr'>uorum</span> <span class='ocrx_word' id='word_1_25' title='bbox 234 1126 310 1182; x_wconf 80' lang='lat'>259:</span> <span class='ocrx_word' id='word_1_26' title='bbox 340 1124 424 1180; x_wconf 87' lang='lat' dir='ltr'>altera</span> <span class='ocrx_word' id='word_1_27' title='bbox 454 1122 486 1178; x_wconf 89' lang='lat' dir='ltr'>ab</span> <span class='ocrx_word' id='word_1_28' title='bbox 510 1122 587 1178; x_wconf 90' lang='lat' dir='ltr'>initio</span> <span class='ocrx_word' id='word_1_29' title='bbox 610 1121 725 1193; x_wconf 75' lang='lat' dir='ltr'><strong>Augusti</strong></span> <span class='ocrx_word' id='word_1_30' title='bbox 747 1120 779 1175; x_wconf 88' lang='lat' dir='ltr'>ad</span> <span class='ocrx_word' id='word_1_31' title='bbox 802 1120 990 1177; x_wconf 87' lang='lat' dir='ltr'>duodecimum</span> <span class='ocrx_word' id='word_1_32' title='bbox 1013 1119 1132 1184; x_wconf 84' lang='lat' dir='ltr'>Adriani,</span> 
     </span>
     <span class='ocr_line' id='line_1_5' title="bbox 113 1205 1133 1279; baseline -0.007 -12"><span class='ocrx_word' id='word_1_33' title='bbox 113 1226 244 1268; x_wconf 88' lang='lat' dir='ltr'>annorum</span> <span class='ocrx_word' id='word_1_34' title='bbox 274 1210 330 1265; x_wconf 90' lang='lat' dir='ltr'>lere</span> <span class='ocrx_word' id='word_1_35' title='bbox 355 1211 425 1266; x_wconf 87' lang='grc'><strong>111.</strong></span> <span class='ocrx_word' id='word_1_36' title='bbox 470 1208 529 1275; x_wconf 82' lang='lat' dir='ltr'>Qua</span> <span class='ocrx_word' id='word_1_37' title='bbox 557 1205 661 1262; x_wconf 88' lang='lat' dir='ltr'>ratione</span> <span class='ocrx_word' id='word_1_38' title='bbox 689 1220 801 1262; x_wconf 89' lang='lat' dir='ltr'>necesse</span> <span class='ocrx_word' id='word_1_39' title='bbox 831 1213 872 1262; x_wconf 88' lang='lat' dir='ltr'>est</span> <span class='ocrx_word' id='word_1_40' title='bbox 893 1206 1009 1279; x_wconf 87' lang='lat' dir='ltr'>primunr</span> <span class='ocrx_word' id='word_1_41' title='bbox 1031 1220 1133 1267; x_wconf 78' lang='lat' dir='ltr'>annum</span> 
     </span>
     <span class='ocr_line' id='line_1_6' title="bbox 113 1289 1132 1369; baseline -0.006 -18"><span class='ocrx_word' id='word_1_42' title='bbox 113 1294 227 1369; x_wconf 85' lang='lat' dir='ltr'>Augusti</span> <span class='ocrx_word' id='word_1_43' title='bbox 254 1302 318 1367; x_wconf 91' lang='lat' dir='ltr'>post</span> <span class='ocrx_word' id='word_1_44' title='bbox 346 1293 469 1348; x_wconf 89' lang='lat' dir='ltr'>ultimum</span> <span class='ocrx_word' id='word_1_45' title='bbox 495 1291 653 1364; x_wconf 75' lang='lat' dir='ltr'>Cleopatrae</span> <span class='ocrx_word' id='word_1_46' title='bbox 682 1291 826 1347; x_wconf 88' lang='lat' dir='ltr'>numerari.</span> <span class='ocrx_word' id='word_1_47' title='bbox 871 1291 951 1364; x_wconf 85' lang='lat' dir='ltr'>Atqui</span> <span class='ocrx_word' id='word_1_48' title='bbox 975 1289 1132 1364; x_wconf 75' lang='lat' dir='ltr'>Cleopatrae</span> 
     </span>
     <span class='ocr_line' id='line_1_7' title="bbox 113 1376 1134 1450; baseline -0.006 -14"><span class='ocrx_word' id='word_1_49' title='bbox 113 1379 223 1436; x_wconf 88' lang='lat' dir='ltr'>ultimus</span> <span class='ocrx_word' id='word_1_50' title='bbox 246 1378 372 1450; x_wconf 80' lang='lat' dir='ltr'>congruit</span> <span class='ocrx_word' id='word_1_51' title='bbox 394 1394 465 1433; x_wconf 88' lang='lat' dir='ltr'>anno</span> <span class='ocrx_word' id='word_1_52' title='bbox 488 1376 566 1432; x_wconf 90' lang='lat' dir='ltr'>Urbis</span> <span class='ocrx_word' id='word_1_53' title='bbox 591 1378 666 1440; x_wconf 80' lang='grc'><strong>124,</strong></span> <span class='ocrx_word' id='word_1_54' title='bbox 695 1376 795 1432; x_wconf 88' lang='lat' dir='ltr'>iuliano</span> <span class='ocrx_word' id='word_1_55' title='bbox 818 1376 1030 1431; x_wconf 79' lang='lat' dir='ltr'>decimosexto.</span> <span class='ocrx_word' id='word_1_56' title='bbox 1075 1377 1134 1430; x_wconf 92' lang='lat' dir='ltr'>Au·</span> 
     </span>
     <span class='ocr_line' id='line_1_8' title="bbox 112 1460 1132 1539; baseline -0.005 -19"><span class='ocrx_word' id='word_1_57' title='bbox 112 1464 185 1539; x_wconf 90' lang='lat' dir='ltr'>gusti</span> <span class='ocrx_word' id='word_1_58' title='bbox 214 1479 278 1518; x_wconf 80' lang='lat' dir='ltr'>vero</span> <span class='ocrx_word' id='word_1_59' title='bbox 301 1464 399 1535; x_wconf 88' lang='lat' dir='ltr'>lniper.</span> <span class='ocrx_word' id='word_1_60' title='bbox 429 1461 533 1517; x_wconf 89' lang='lat' dir='ltr'>decimu</span> <span class='ocrx_word' id='word_1_61' title='bbox 562 1470 668 1535; x_wconf 87' lang='lat' dir='ltr'>quarto.</span> <span class='ocrx_word' id='word_1_62' title='bbox 714 1460 894 1534; x_wconf 74' lang='lat' dir='ltr'>Epiphaniam</span> <span class='ocrx_word' id='word_1_63' title='bbox 924 1461 1006 1533; x_wconf 84' lang='lat' dir='ltr'>igitur</span> <span class='ocrx_word' id='word_1_64' title='bbox 1029 1461 1078 1515; x_wconf 90' lang='lat' dir='ltr'>hac</span> <span class='ocrx_word' id='word_1_65' title='bbox 1101 1475 1132 1515; x_wconf 82' lang='lat' dir='ltr'>ex</span> 
     </span>
     <span class='ocr_line' id='line_1_9' title="bbox 112 1545 1134 1624; baseline -0.006 -20"><span class='ocrx_word' id='word_1_66' title='bbox 112 1560 189 1624; x_wconf 88' lang='lat' dir='ltr'>parte</span> <span class='ocrx_word' id='word_1_67' title='bbox 211 1549 294 1611; x_wconf 84' lang='lat' dir='ltr'>ratio,</span> <span class='ocrx_word' id='word_1_68' title='bbox 318 1555 348 1602; x_wconf 90' lang='lat' dir='ltr'>ut</span> <span class='ocrx_word' id='word_1_69' title='bbox 370 1546 488 1602; x_wconf 79' lang='lat' dir='ltr'>Lucilius</span> <span class='ocrx_word' id='word_1_70' title='bbox 511 1548 556 1610; x_wconf 86' lang='lat' dir='ltr'>ait,</span> <span class='ocrx_word' id='word_1_71' title='bbox 575 1563 724 1618; x_wconf 76' lang='lat' dir='ltr'><strong><em>pervorsa,</em></strong></span> <span class='ocrx_word' id='word_1_72' title='bbox 747 1562 817 1600; x_wconf 87' lang='lat' dir='ltr'>uero</span> <span class='ocrx_word' id='word_1_73' title='bbox 838 1547 976 1602; x_wconf 83' lang='lat' dir='ltr'>subducto</span> <span class='ocrx_word' id='word_1_74' title='bbox 997 1545 1134 1617; x_wconf 81' lang='lat' dir='ltr'>improbe.</span> 
     </span>
     <span class='ocr_line' id='line_1_10' title="bbox 113 1629 1133 1706; baseline -0.004 -17"><span class='ocrx_word' id='word_1_75' title='bbox 113 1636 187 1703; x_wconf 78' lang='lat' dir='ltr'>Quae</span> <span class='ocrx_word' id='word_1_76' title='bbox 210 1631 317 1706; x_wconf 88' lang='lat' dir='ltr'>quidem</span> <span class='ocrx_word' id='word_1_77' title='bbox 341 1632 376 1688; x_wconf 92' lang='lat' dir='ltr'>ita</span> <span class='ocrx_word' id='word_1_78' title='bbox 400 1631 566 1687; x_wconf 90' lang='lat' dir='ltr'>restituenda</span> <span class='ocrx_word' id='word_1_79' title='bbox 590 1639 671 1687; x_wconf 91' lang='lat' dir='ltr'>sunt:</span> <span class='ocrx_word' id='word_1_80' title='bbox 695 1648 782 1686; x_wconf 88' lang='lat' dir='ltr'>annus</span> <span class='ocrx_word' id='word_1_81' title='bbox 800 1629 966 1704; x_wconf 78' lang='lat' dir='ltr'>Philadelphi</span> <span class='ocrx_word' id='word_1_82' title='bbox 990 1630 1133 1703; x_wconf 88' lang='lat' dir='ltr'>septimus,</span> 
     </span>
     <span class='ocr_line' id='line_1_11' title="bbox 112 1715 1134 1790; baseline -0.004 -16"><span class='ocrx_word' id='word_1_83' title='bbox 112 1728 143 1774; x_wconf 88' lang='lat' dir='ltr'>ut</span> <span class='ocrx_word' id='word_1_84' title='bbox 166 1735 248 1790; x_wconf 89' lang='lat' dir='ltr'>snpra</span> <span class='ocrx_word' id='word_1_85' title='bbox 270 1718 522 1781; x_wconf 87' lang='lat' dir='ltr'>demonstravimus,</span> <span class='ocrx_word' id='word_1_86' title='bbox 546 1716 670 1772; x_wconf 88' lang='lat' dir='ltr'>convenit</span> <span class='ocrx_word' id='word_1_87' title='bbox 693 1732 763 1771; x_wconf 88' lang='grc'><strong>44444</strong></span> <span class='ocrx_word' id='word_1_88' title='bbox 782 1715 889 1770; x_wconf 85' lang='lat' dir='ltr'>Periodi</span> <span class='ocrx_word' id='word_1_89' title='bbox 904 1715 1021 1770; x_wconf 87' lang='lat' dir='ltr'>lullanae</span> <span class='ocrx_word' id='word_1_90' title='bbox 1038 1717 1134 1778; x_wconf 81' lang='grc'><strong>4435,</strong></span> 
     </span>
     <span class='ocr_line' id='line_1_12' title="bbox 113 1800 1135 1864; baseline -0.006 -5"><span class='ocrx_word' id='word_1_91' title='bbox 113 1802 220 1859; x_wconf 90' lang='lat' dir='ltr'>Adriani</span> <span class='ocrx_word' id='word_1_92' title='bbox 237 1820 299 1859; x_wconf 83' lang='lat' dir='ltr'>vero</span> <span class='ocrx_word' id='word_1_93' title='bbox 316 1802 502 1864; x_wconf 84' lang='lat' dir='ltr'>duodecimus,</span> <span class='ocrx_word' id='word_1_94' title='bbox 520 1800 619 1857; x_wconf 84' lang='lat' dir='ltr'>Christi</span> <span class='ocrx_word' id='word_1_95' title='bbox 639 1800 964 1864; x_wconf 65' lang='lat' dir='ltr'>tauromenitanae</span> <span class='ocrx_word' id='word_1_96' title='bbox 981 1808 1023 1856; x_wconf 89' lang='lat' dir='ltr'>est</span> <span class='ocrx_word' id='word_1_97' title='bbox 1038 1801 1135 1857; x_wconf 72' lang='lat'>4841.</span> 
     </span>
     <span class='ocr_line' id='line_1_13' title="bbox 114 1883 1136 1961; baseline -0.005 -17"><span class='ocrx_word' id='word_1_98' title='bbox 114 1888 285 1961; x_wconf 81' lang='lat' dir='ltr'>Collignntur</span> <span class='ocrx_word' id='word_1_99' title='bbox 307 1905 320 1942; x_wconf 98' lang='grc'>4</span> <span class='ocrx_word' id='word_1_100' title='bbox 344 1887 460 1961; x_wconf 90' lang='lat' dir='ltr'>septimo</span> <span class='ocrx_word' id='word_1_101' title='bbox 483 1886 651 1960; x_wconf 78' lang='lat' dir='ltr'>Philadelphi</span> <span class='ocrx_word' id='word_1_102' title='bbox 674 1886 707 1941; x_wconf 91' lang='lat' dir='ltr'>ad</span> <span class='ocrx_word' id='word_1_103' title='bbox 729 1885 917 1942; x_wconf 88' lang='lat' dir='ltr'>duodecimum</span> <span class='ocrx_word' id='word_1_104' title='bbox 939 1885 1047 1941; x_wconf 89' lang='lat' dir='ltr'>Adriani</span> <span class='ocrx_word' id='word_1_105' title='bbox 1071 1883 1136 1941; x_wconf 88' lang='lat' dir='ltr'>anni</span> 
     </span>
     <span class='ocr_line' id='line_1_14' title="bbox 114 1970 1036 2072; baseline -0.007 -41"><span class='ocrx_word' id='word_1_106' title='bbox 114 1976 185 2031; x_wconf 75' lang='lat' dir='ltr'>auu</span> <span class='ocrx_word' id='word_1_107' title='bbox 215 1973 299 2027; x_wconf 88' lang='lat' dir='ltr'>Annis</span> <span class='ocrx_word' id='word_1_108' title='bbox 322 1972 413 2072; x_wconf 89' lang='lat' dir='ltr'>itaque</span> <span class='ocrx_word' id='word_1_109' title='bbox 437 1974 475 2029; x_wconf 81' lang='grc'>24</span> <span class='ocrx_word' id='word_1_110' title='bbox 500 1971 593 2027; x_wconf 89' lang='lat' dir='ltr'>solidis</span> <span class='ocrx_word' id='word_1_111' title='bbox 615 1970 723 2026; x_wconf 88' lang='lat' dir='ltr'>aberrat</span> <span class='ocrx_word' id='word_1_112' title='bbox 745 1970 887 2044; x_wconf 80' lang='lat' dir='ltr'>Epiphanii</span> <span class='ocrx_word' id='word_1_113' title='bbox 909 1970 1036 2026; x_wconf 89' lang='lat' dir='ltr'>calculus.</span> 
     </span>
    </p>

    <p class='ocr_par' dir='ltr' id='par_1_3' title="bbox 112 2038 1138 2469">
     <span class='ocr_line' id='line_1_15' title="bbox 205 2038 1135 2131; baseline -0.002 -19"><span class='ocrx_word' id='word_1_114' title='bbox 205 2061 260 2114; x_wconf 85' lang='grc'>110</span> <span class='ocrx_word' id='word_1_115' title='bbox 277 2075 300 2111; x_wconf 88' lang='grc'><strong>4</strong></span> <span class='ocrx_word' id='word_1_116' title='bbox 324 2038 414 2123; x_wconf 76' lang='grc' dir='ltr'><em>οὗτος</em></span> <span class='ocrx_word' id='word_1_117' title='bbox 429 2051 462 2113; x_wconf 77' lang='grc' dir='ltr'>δὲ</span> <span class='ocrx_word' id='word_1_118' title='bbox 477 2047 674 2131; x_wconf 75' lang='grc' dir='ltr'><strong><em>ὃΆόριακός]</em></strong></span> <span class='ocrx_word' id='word_1_119' title='bbox 691 2055 852 2110; x_wconf 72' lang='lat' dir='ltr'>Athanasius</span> <span class='ocrx_word' id='word_1_120' title='bbox 868 2055 901 2110; x_wconf 88' lang='lat' dir='ltr'>de</span> <span class='ocrx_word' id='word_1_121' title='bbox 917 2055 1012 2111; x_wconf 89' lang='lat' dir='ltr'>eodem</span> <span class='ocrx_word' id='word_1_122' title='bbox 1027 2054 1135 2128; x_wconf 86' lang='lat' dir='ltr'>Aquila,</span> 
     </span>
     <span class='ocr_line' id='line_1_16' title="bbox 113 2134 1138 2216; baseline -0.003 -18"><span class='ocrx_word' id='word_1_123' title='bbox 113 2137 160 2198; x_wconf 78' lang='lat' dir='ltr'>tut</span> <span class='ocrx_word' id='word_1_124' title='bbox 182 2135 341 2216; x_wconf 75' lang='grc' dir='ltr'>Ἀδριανοῦ</span> <span class='ocrx_word' id='word_1_125' title='bbox 362 2135 513 2213; x_wconf 71' lang='grc' dir='ltr'>βασιλέως</span> <span class='ocrx_word' id='word_1_126' title='bbox 535 2141 589 2196; x_wconf 81' lang='grc' dir='ltr'>τοῦ</span> <span class='ocrx_word' id='word_1_127' title='bbox 612 2134 913 2206; x_wconf 54' lang='lat' dir='ltr'>tenerchebraicum</span> <span class='ocrx_word' id='word_1_128' title='bbox 936 2157 990 2214; x_wconf 91' lang='lat' dir='ltr'>qun</span> <span class='ocrx_word' id='word_1_129' title='bbox 1013 2140 1138 2212; x_wconf 83' lang='lat' dir='ltr'>Scaliger</span> 
     </span>
     <span class='ocr_line' id='line_1_17' title="bbox 113 2220 1136 2303; baseline 0 -22"><span class='ocrx_word' id='word_1_130' title='bbox 113 2220 325 2303; x_wconf 66' lang='grc' dir='ltr'><strong><em>λεπρωθὲκτος</em></strong></span> <span class='ocrx_word' id='word_1_131' title='bbox 357 2225 550 2282; x_wconf 84' lang='lat' dir='ltr'>absurdissime</span> <span class='ocrx_word' id='word_1_132' title='bbox 585 2225 713 2299; x_wconf 78' lang='lat' dir='ltr'>corrigit,</span> <span class='ocrx_word' id='word_1_133' title='bbox 744 2241 805 2280; x_wconf 87' lang='lat' dir='ltr'>cuni</span> <span class='ocrx_word' id='word_1_134' title='bbox 839 2220 1006 2291; x_wconf 71' lang='grc'><strong>1444443414</strong></span> <span class='ocrx_word' id='word_1_135' title='bbox 1038 2241 1136 2297; x_wconf 88' lang='lat' dir='ltr'>parum</span> 
     </span>
     <span class='ocr_line' id='line_1_18' title="bbox 112 2308 1137 2384; baseline -0.002 -18"><span class='ocrx_word' id='word_1_136' title='bbox 112 2311 177 2367; x_wconf 90' lang='grc'><strong>11444</strong></span> <span class='ocrx_word' id='word_1_137' title='bbox 199 2320 271 2366; x_wconf 91' lang='lat' dir='ltr'>terse</span> <span class='ocrx_word' id='word_1_138' title='bbox 294 2327 342 2384; x_wconf 88' lang='lat' dir='ltr'>pro</span> <span class='ocrx_word' id='word_1_139' title='bbox 366 2308 544 2376; x_wconf 73' lang='grc' dir='ltr'>λεπτυνθεὶς</span> <span class='ocrx_word' id='word_1_140' title='bbox 566 2310 617 2366; x_wconf 89' lang='lat' dir='ltr'>dici</span> <span class='ocrx_word' id='word_1_141' title='bbox 640 2310 768 2383; x_wconf 89' lang='lat' dir='ltr'>potuerit.</span> <span class='ocrx_word' id='word_1_142' title='bbox 811 2308 874 2364; x_wconf 85' lang='lat' dir='ltr'>Naro</span> <span class='ocrx_word' id='word_1_143' title='bbox 898 2309 959 2365; x_wconf 87' lang='lat' dir='ltr'>tabe</span> <span class='ocrx_word' id='word_1_144' title='bbox 982 2309 1137 2372; x_wconf 83' lang='lat' dir='ltr'>conlectus,</span> 
     </span>
     <span class='ocr_line' id='line_1_19' title="bbox 113 2394 891 2469; baseline -0.003 -18"><span class='ocrx_word' id='word_1_145' title='bbox 113 2405 144 2452; x_wconf 94' lang='lat' dir='ltr'>ut</span> <span class='ocrx_word' id='word_1_146' title='bbox 166 2396 203 2452; x_wconf 88' lang='lat' dir='ltr'>ait</span> <span class='ocrx_word' id='word_1_147' title='bbox 227 2395 324 2458; x_wconf 82' lang='lat' dir='ltr'>Victor,</span> <span class='ocrx_word' id='word_1_148' title='bbox 349 2397 480 2451; x_wconf 81' lang='lat' dir='ltr'>Adrianus</span> <span class='ocrx_word' id='word_1_149' title='bbox 502 2395 592 2469; x_wconf 90' lang='lat' dir='ltr'>periit.</span> <span class='ocrx_word' id='word_1_150' title='bbox 624 2394 686 2450; x_wconf 89' lang='lat' dir='ltr'>Vide</span> <span class='ocrx_word' id='word_1_151' title='bbox 710 2394 891 2467; x_wconf 77' lang='lat' dir='ltr'>spartianum.</span> 
     </span>
    </p>

    <p class='ocr_par' dir='ltr' id='par_1_4' title="bbox 115 2473 1140 2640">
     <span class='ocr_line' id='line_1_20' title="bbox 200 2473 1140 2554; baseline -0.003 -20"><span class='ocrx_word' id='word_1_152' title='bbox 200 2473 229 2535; x_wconf 83' lang='lat' dir='ltr'>oi</span> <span class='ocrx_word' id='word_1_153' title='bbox 250 2475 283 2536; x_wconf 75' lang='grc' dir='ltr'>δὲ</span> <span class='ocrx_word' id='word_1_154' title='bbox 305 2475 404 2536; x_wconf 79' lang='grc' dir='ltr'><strong><em>πολλὰ</em></strong></span> <span class='ocrx_word' id='word_1_155' title='bbox 426 2473 618 2554; x_wconf 78' lang='grc' dir='ltr'><strong><em>κεκμηκότες]</em></strong></span> <span class='ocrx_word' id='word_1_156' title='bbox 648 2479 815 2553; x_wconf 80' lang='lat' dir='ltr'>xiphilinus,</span> <span class='ocrx_word' id='word_1_157' title='bbox 848 2473 1017 2552; x_wconf 71' lang='grc' dir='ltr'>ἐτελεύτησε</span> <span class='ocrx_word' id='word_1_158' title='bbox 1041 2474 1140 2554; x_wconf 75' lang='grc' dir='ltr'><em>λέγων</em></span> 
     </span>
     <span class='ocr_line' id='line_1_21' title="bbox 115 2554 1137 2640; baseline -0.003 -20"><span class='ocrx_word' id='word_1_159' title='bbox 115 2561 163 2620; x_wconf 75' lang='grc' dir='ltr'>καὶ</span> <span class='ocrx_word' id='word_1_160' title='bbox 186 2563 272 2638; x_wconf 76' lang='grc' dir='ltr'>βοῶν</span> <span class='ocrx_word' id='word_1_161' title='bbox 295 2559 328 2622; x_wconf 81' lang='grc' dir='ltr'>τὸ</span> <span class='ocrx_word' id='word_1_162' title='bbox 347 2561 496 2640; x_wconf 71' lang='grc'><strong>(1444414144,</strong></span> <span class='ocrx_word' id='word_1_163' title='bbox 519 2554 564 2622; x_wconf 79' lang='grc' dir='ltr'>ὅτι</span> <span class='ocrx_word' id='word_1_164' title='bbox 579 2561 686 2620; x_wconf 80' lang='grc'><strong>4441141</strong></span> <span class='ocrx_word' id='word_1_165' title='bbox 703 2559 801 2640; x_wconf 74' lang='grc'><strong>144441</strong></span> <span class='ocrx_word' id='word_1_166' title='bbox 816 2558 947 2636; x_wconf 71' lang='grc' dir='ltr'><strong><em>βασιλέα</em></strong></span> <span class='ocrx_word' id='word_1_167' title='bbox 963 2554 1137 2619; x_wconf 77' lang='grc' dir='ltr'><strong>ἀπώλεσαν.</strong></span> 
     </span>
    </p>

    <p class='ocr_par' dir='ltr' id='par_1_5' title="bbox 43 2644 1176 3911">
     <span class='ocr_line' id='line_1_22' title="bbox 200 2644 1140 2728; baseline -0.002 -23"><span class='ocrx_word' id='word_1_168' title='bbox 200 2644 353 2706; x_wconf 59' lang='grc' dir='ltr'><em>στέλλεται</em></span> <span class='ocrx_word' id='word_1_169' title='bbox 378 2645 432 2727; x_wconf 80' lang='grc' dir='ltr'>τὴν</span> <span class='ocrx_word' id='word_1_170' title='bbox 452 2645 588 2728; x_wconf 77' lang='grc' dir='ltr'>πορείαν]</span> <span class='ocrx_word' id='word_1_171' title='bbox 623 2649 705 2705; x_wconf 88' lang='lat' dir='ltr'>Nimis</span> <span class='ocrx_word' id='word_1_172' title='bbox 728 2650 795 2705; x_wconf 87' lang='lat' dir='ltr'>haec</span> <span class='ocrx_word' id='word_1_173' title='bbox 817 2649 932 2722; x_wconf 79' lang='lat' dir='ltr'>abrupte</span> <span class='ocrx_word' id='word_1_174' title='bbox 955 2649 987 2704; x_wconf 89' lang='lat' dir='ltr'>de</span> <span class='ocrx_word' id='word_1_175' title='bbox 1011 2649 1140 2721; x_wconf 83' lang='lat' dir='ltr'>peregri-</span> 
     </span>
     <span class='ocr_line' id='line_1_23' title="bbox 115 2732 1140 2810; baseline 0 -21"><span class='ocrx_word' id='word_1_176' title='bbox 115 2736 224 2791; x_wconf 88' lang='lat' dir='ltr'>natione</span> <span class='ocrx_word' id='word_1_177' title='bbox 248 2734 371 2798; x_wconf 87' lang='lat' dir='ltr'>subiecit,</span> <span class='ocrx_word' id='word_1_178' title='bbox 396 2736 473 2809; x_wconf 88' lang='lat' dir='ltr'>quasi</span> <span class='ocrx_word' id='word_1_179' title='bbox 495 2745 673 2810; x_wconf 89' lang='lat' dir='ltr'>posteaquam</span> <span class='ocrx_word' id='word_1_180' title='bbox 695 2736 722 2790; x_wconf 92' lang='lat' dir='ltr'>iu</span> <span class='ocrx_word' id='word_1_181' title='bbox 746 2734 870 2790; x_wconf 86' lang='lat' dir='ltr'>morbum</span> <span class='ocrx_word' id='word_1_182' title='bbox 894 2734 986 2789; x_wconf 91' lang='lat' dir='ltr'>incidit</span> <span class='ocrx_word' id='word_1_183' title='bbox 1001 2732 1140 2789; x_wconf 77' lang='lat' dir='ltr'>Adrianus</span> 
     </span>
     <span class='ocr_line' id='line_1_24' title="bbox 114 2812 1159 2891; baseline 0.002 -19"><span class='ocrx_word' id='word_1_184' title='bbox 114 2819 186 2872; x_wconf 88' lang='lat' dir='ltr'>illam</span> <span class='ocrx_word' id='word_1_185' title='bbox 209 2819 369 2890; x_wconf 81' lang='lat' dir='ltr'>susceperit.</span> <span class='ocrx_word' id='word_1_186' title='bbox 411 2820 569 2876; x_wconf 91' lang='lat' dir='ltr'>Addendum</span> <span class='ocrx_word' id='word_1_187' title='bbox 590 2820 681 2891; x_wconf 89' lang='lat' dir='ltr'>itaque</span> <span class='ocrx_word' id='word_1_188' title='bbox 704 2813 857 2876; x_wconf 68' lang='grc' dir='ltr'><strong><em>στέλλεται</em></strong></span> <span class='ocrx_word' id='word_1_189' title='bbox 881 2812 923 2874; x_wconf 71' lang='grc' dir='ltr'>δέ.</span> <span class='ocrx_word' id='word_1_190' title='bbox 967 2817 1081 2873; x_wconf 82' lang='lat' dir='ltr'>llultum</span> <span class='ocrx_word' id='word_1_191' title='bbox 1105 2832 1159 2874; x_wconf 76' lang='lat' dir='ltr'>ac·</span> 
     </span>
     <span class='ocr_line' id='line_1_25' title="bbox 115 2902 1176 2976; baseline 0.004 -20"><span class='ocrx_word' id='word_1_192' title='bbox 115 2902 160 2957; x_wconf 93' lang='lat' dir='ltr'>diu</span> <span class='ocrx_word' id='word_1_193' title='bbox 183 2902 372 2974; x_wconf 82' lang='lat' dir='ltr'>peregrinatus</span> <span class='ocrx_word' id='word_1_194' title='bbox 396 2913 437 2957; x_wconf 91' lang='lat' dir='ltr'>est</span> <span class='ocrx_word' id='word_1_195' title='bbox 458 2904 600 2968; x_wconf 85' lang='lat' dir='ltr'>Adrianus,</span> <span class='ocrx_word' id='word_1_196' title='bbox 625 2913 654 2959; x_wconf 94' lang='lat' dir='ltr'>ut</span> <span class='ocrx_word' id='word_1_197' title='bbox 678 2920 709 2959; x_wconf 82' lang='lat' dir='ltr'>ex</span> <span class='ocrx_word' id='word_1_198' title='bbox 727 2903 878 2976; x_wconf 89' lang='lat' dir='ltr'>Spartiano,</span> <span class='ocrx_word' id='word_1_199' title='bbox 903 2903 1037 2976; x_wconf 84' lang='lat' dir='ltr'>Xiphilino</span> <span class='ocrx_word' id='word_1_200' title='bbox 1061 2904 1142 2960; x_wconf 86' lang='lat' dir='ltr'>aliis·</span> <span class='ocrx_word' id='word_1_201' title='bbox 1174 2907 1176 2914; x_wconf 87' lang='lat'>&#39;</span> 
     </span>
     <span class='ocr_line' id='line_1_26' title="bbox 115 2987 1140 3063; baseline 0.004 -22"><span class='ocrx_word' id='word_1_202' title='bbox 115 3002 168 3058; x_wconf 88' lang='lat' dir='ltr'>que</span> <span class='ocrx_word' id='word_1_203' title='bbox 191 2992 307 3047; x_wconf 86' lang='lat' dir='ltr'>constat,</span> <span class='ocrx_word' id='word_1_204' title='bbox 331 3002 362 3040; x_wconf 91' lang='lat' dir='ltr'>ac</span> <span class='ocrx_word' id='word_1_205' title='bbox 384 2987 491 3058; x_wconf 88' lang='lat' dir='ltr'>saepius</span> <span class='ocrx_word' id='word_1_206' title='bbox 514 2988 650 3043; x_wconf 82' lang='lat' dir='ltr'>Orientem</span> <span class='ocrx_word' id='word_1_207' title='bbox 678 2988 835 3063; x_wconf 85' lang='lat' dir='ltr'>Syriamque</span> <span class='ocrx_word' id='word_1_208' title='bbox 859 2988 1017 3061; x_wconf 83' lang='lat' dir='ltr'>peragrarit.</span> <span class='ocrx_word' id='word_1_209' title='bbox 1064 2988 1140 3045; x_wconf 88' lang='lat' dir='ltr'>llaec</span> 
     </span>
     <span class='ocr_line' id='line_1_27' title="bbox 115 3069 1142 3148; baseline 0.004 -23"><span class='ocrx_word' id='word_1_210' title='bbox 115 3079 205 3125; x_wconf 89' lang='lat' dir='ltr'>autem</span> <span class='ocrx_word' id='word_1_211' title='bbox 228 3069 369 3142; x_wconf 78' lang='lat' dir='ltr'>prohetia,</span> <span class='ocrx_word' id='word_1_212' title='bbox 394 3070 427 3126; x_wconf 89' lang='lat' dir='ltr'>de</span> <span class='ocrx_word' id='word_1_213' title='bbox 450 3087 501 3143; x_wconf 90' lang='lat' dir='ltr'>qua</span> <span class='ocrx_word' id='word_1_214' title='bbox 524 3072 567 3127; x_wconf 92' lang='lat' dir='ltr'>bic</span> <span class='ocrx_word' id='word_1_215' title='bbox 583 3072 747 3146; x_wconf 83' lang='lat' dir='ltr'>Epiphanius</span> <span class='ocrx_word' id='word_1_216' title='bbox 763 3074 892 3148; x_wconf 89' lang='lat' dir='ltr'>loquitur,</span> <span class='ocrx_word' id='word_1_217' title='bbox 917 3072 967 3128; x_wconf 88' lang='lat' dir='ltr'>sub</span> <span class='ocrx_word' id='word_1_218' title='bbox 983 3073 1047 3129; x_wconf 93' lang='lat' dir='ltr'>illud</span> <span class='ocrx_word' id='word_1_219' title='bbox 1066 3083 1142 3129; x_wconf 87' lang='lat' dir='ltr'>teui-</span> 
     </span>
     <span class='ocr_line' id='line_1_28' title="bbox 115 3153 1139 3233; baseline 0.005 -24"><span class='ocrx_word' id='word_1_220' title='bbox 115 3171 167 3227; x_wconf 89' lang='lat' dir='ltr'>pus</span> <span class='ocrx_word' id='word_1_221' title='bbox 196 3153 324 3227; x_wconf 89' lang='lat' dir='ltr'>contigit,</span> <span class='ocrx_word' id='word_1_222' title='bbox 354 3172 409 3230; x_wconf 92' lang='lat' dir='ltr'>quo</span> <span class='ocrx_word' id='word_1_223' title='bbox 432 3155 616 3231; x_wconf 76' lang='lat' dir='ltr'>Hierosolyma</span> <span class='ocrx_word' id='word_1_224' title='bbox 636 3158 810 3214; x_wconf 86' lang='lat' dir='ltr'>instauravit.</span> <span class='ocrx_word' id='word_1_225' title='bbox 856 3157 933 3226; x_wconf 82' lang='lat' dir='ltr'>Quod</span> <span class='ocrx_word' id='word_1_226' title='bbox 962 3157 1139 3233; x_wconf 84' lang='lat' dir='ltr'>quandonam</span> 
     </span>
     <span class='ocr_line' id='line_1_29' title="bbox 116 3239 1140 3303; baseline 0.004 -9"><span class='ocrx_word' id='word_1_227' title='bbox 116 3241 215 3295; x_wconf 88' lang='lat' dir='ltr'>lactum</span> <span class='ocrx_word' id='word_1_228' title='bbox 248 3239 298 3303; x_wconf 90' lang='lat' dir='ltr'>sit,</span> <span class='ocrx_word' id='word_1_229' title='bbox 336 3257 389 3295; x_wconf 93' lang='lat' dir='ltr'>non</span> <span class='ocrx_word' id='word_1_230' title='bbox 419 3240 495 3296; x_wconf 85' lang='lat' dir='ltr'>facile</span> <span class='ocrx_word' id='word_1_231' title='bbox 523 3250 565 3298; x_wconf 90' lang='lat' dir='ltr'>est</span> <span class='ocrx_word' id='word_1_232' title='bbox 592 3243 756 3298; x_wconf 85' lang='lat' dir='ltr'>discernere.</span> <span class='ocrx_word' id='word_1_233' title='bbox 801 3243 859 3298; x_wconf 92' lang='lat' dir='ltr'>Non</span> <span class='ocrx_word' id='word_1_234' title='bbox 888 3244 959 3298; x_wconf 86' lang='lat' dir='ltr'>eninr</span> <span class='ocrx_word' id='word_1_235' title='bbox 988 3243 1073 3298; x_wconf 86' lang='lat' dir='ltr'>semel</span> <span class='ocrx_word' id='word_1_236' title='bbox 1102 3243 1140 3298; x_wconf 90' lang='lat' dir='ltr'>ab</span> 
     </span>
     <span class='ocr_line' id='line_1_30' title="bbox 115 3323 1140 3398; baseline 0.006 -20"><span class='ocrx_word' id='word_1_237' title='bbox 115 3323 232 3379; x_wconf 89' lang='lat' dir='ltr'>Adriano</span> <span class='ocrx_word' id='word_1_238' title='bbox 255 3326 403 3397; x_wconf 85' lang='lat' dir='ltr'>compressi</span> <span class='ocrx_word' id='word_1_239' title='bbox 426 3328 621 3398; x_wconf 87' lang='lat' dir='ltr'>ac·pcrdomiti</span> <span class='ocrx_word' id='word_1_240' title='bbox 643 3337 707 3383; x_wconf 90' lang='lat' dir='ltr'>sunt</span> <span class='ocrx_word' id='word_1_241' title='bbox 730 3328 827 3383; x_wconf 89' lang='lat' dir='ltr'>ludaei.</span> <span class='ocrx_word' id='word_1_242' title='bbox 859 3327 978 3383; x_wconf 85' lang='lat' dir='ltr'>Primum</span> <span class='ocrx_word' id='word_1_243' title='bbox 993 3345 1065 3383; x_wconf 88' lang='lat' dir='ltr'>anno</span> <span class='ocrx_word' id='word_1_244' title='bbox 1083 3328 1140 3384; x_wconf 87' lang='lat' dir='ltr'>lni-</span> 
     </span>
     <span class='ocr_line' id='line_1_31' title="bbox 117 3407 1161 3481; baseline 0.001 -18"><span class='ocrx_word' id='word_1_245' title='bbox 117 3407 183 3481; x_wconf 79' lang='grc'><strong>44411</strong></span> <span class='ocrx_word' id='word_1_246' title='bbox 212 3410 332 3465; x_wconf 88' lang='lat' dir='ltr'>secundo</span> <span class='ocrx_word' id='word_1_247' title='bbox 364 3410 526 3466; x_wconf 85' lang='lat' dir='ltr'>rebellantes</span> <span class='ocrx_word' id='word_1_248' title='bbox 555 3412 613 3468; x_wconf 90' lang='lat' dir='ltr'>illos</span> <span class='ocrx_word' id='word_1_249' title='bbox 636 3413 750 3476; x_wconf 90' lang='lat' dir='ltr'>attrivit,</span> <span class='ocrx_word' id='word_1_250' title='bbox 781 3422 812 3468; x_wconf 94' lang='lat' dir='ltr'>ut</span> <span class='ocrx_word' id='word_1_251' title='bbox 834 3412 860 3468; x_wconf 91' lang='lat' dir='ltr'>in</span> <span class='ocrx_word' id='word_1_252' title='bbox 885 3412 1017 3468; x_wconf 81' lang='lat' dir='ltr'>Chronico</span> <span class='ocrx_word' id='word_1_253' title='bbox 1040 3413 1161 3470; x_wconf 87' lang='lat' dir='ltr'>scribit.</span> 
     </span>
     <span class='ocr_line' id='line_1_32' title="bbox 116 3491 1140 3562; baseline 0.006 -15"><span class='ocrx_word' id='word_1_254' title='bbox 116 3491 259 3548; x_wconf 77' lang='lat' dir='ltr'>Eusebius.</span> <span class='ocrx_word' id='word_1_255' title='bbox 290 3495 497 3552; x_wconf 84' lang='lat' dir='ltr'>Alexandrinum</span> <span class='ocrx_word' id='word_1_256' title='bbox 514 3495 665 3552; x_wconf 81' lang='lat' dir='ltr'>Chronicon</span> <span class='ocrx_word' id='word_1_257' title='bbox 688 3499 741 3552; x_wconf 90' lang='lat' dir='ltr'>hoo</span> <span class='ocrx_word' id='word_1_258' title='bbox 764 3498 797 3553; x_wconf 94' lang='lat' dir='ltr'>ad</span> <span class='ocrx_word' id='word_1_259' title='bbox 818 3514 917 3552; x_wconf 88' lang='lat' dir='ltr'>annum</span> <span class='ocrx_word' id='word_1_260' title='bbox 936 3497 1061 3562; x_wconf 71' lang='grc' dir='ltr'>Ι44441444,</span> <span class='ocrx_word' id='word_1_261' title='bbox 1086 3497 1140 3553; x_wconf 86' lang='lat' dir='ltr'>atl-</span> 
     </span>
     <span class='ocr_line' id='line_1_33' title="bbox 116 3578 1139 3655; baseline 0.007 -22"><span class='ocrx_word' id='word_1_262' title='bbox 116 3578 225 3652; x_wconf 92' lang='lat' dir='ltr'>ditque,</span> <span class='ocrx_word' id='word_1_263' title='bbox 254 3586 319 3634; x_wconf 91' lang='lat' dir='ltr'>tunc</span> <span class='ocrx_word' id='word_1_264' title='bbox 341 3579 486 3635; x_wconf 89' lang='lat' dir='ltr'>Adrianum</span> <span class='ocrx_word' id='word_1_265' title='bbox 509 3579 721 3655; x_wconf 79' lang='lat' dir='ltr'>llierosnlpniam</span> <span class='ocrx_word' id='word_1_266' title='bbox 745 3583 849 3638; x_wconf 85' lang='lat' dir='ltr'>venisse</span> <span class='ocrx_word' id='word_1_267' title='bbox 871 3589 900 3638; x_wconf 89' lang='lat' dir='ltr'>et</span> <span class='ocrx_word' id='word_1_268' title='bbox 921 3583 1005 3655; x_wconf 88' lang='lat' dir='ltr'>captis</span> <span class='ocrx_word' id='word_1_269' title='bbox 1028 3582 1139 3639; x_wconf 82' lang='lat' dir='ltr'>ludaeis</span> 
     </span>
     <span class='ocr_line' id='line_1_34' title="bbox 116 3660 1139 3737; baseline 0.007 -20"><span class='ocrx_word' id='word_1_270' title='bbox 116 3663 148 3717; x_wconf 91' lang='lat' dir='ltr'>ad</span> <span class='ocrx_word' id='word_1_271' title='bbox 171 3660 365 3719; x_wconf 86' lang='lat' dir='ltr'>Terebinthum</span> <span class='ocrx_word' id='word_1_272' title='bbox 394 3666 514 3728; x_wconf 86' lang='lat' dir='ltr'>venisse,</span> <span class='ocrx_word' id='word_1_273' title='bbox 543 3664 633 3737; x_wconf 87' lang='lat' dir='ltr'>ibique</span> <span class='ocrx_word' id='word_1_274' title='bbox 662 3677 809 3723; x_wconf 87' lang='lat' dir='ltr'>mercatum</span> <span class='ocrx_word' id='word_1_275' title='bbox 837 3665 943 3723; x_wconf 87' lang='lat' dir='ltr'>illoruin</span> <span class='ocrx_word' id='word_1_276' title='bbox 972 3667 1139 3732; x_wconf 86' lang='lat' dir='ltr'>instituisse,</span> 
     </span>
     <span class='ocr_line' id='line_1_35' title="bbox 43 3734 1137 3826; baseline 0.005 -23"><span class='ocrx_word' id='word_1_277' title='bbox 43 3734 56 3755; x_wconf 77' lang='lat'><strong><em>‘</em></strong></span> <span class='ocrx_word' id='word_1_278' title='bbox 116 3755 255 3821; x_wconf 86' lang='lat' dir='ltr'>postremo</span> <span class='ocrx_word' id='word_1_279' title='bbox 278 3748 407 3805; x_wconf 84' lang='lat' dir='ltr'>subverso</span> <span class='ocrx_word' id='word_1_280' title='bbox 431 3749 543 3823; x_wconf 84' lang='lat' dir='ltr'>Templo</span> <span class='ocrx_word' id='word_1_281' title='bbox 565 3748 662 3805; x_wconf 87' lang='lat' dir='ltr'>Urbem</span> <span class='ocrx_word' id='word_1_282' title='bbox 686 3751 864 3815; x_wconf 83' lang='lat' dir='ltr'>instaurasse,</span> <span class='ocrx_word' id='word_1_283' title='bbox 890 3769 1003 3826; x_wconf 87' lang='lat' dir='ltr'>eamque</span> <span class='ocrx_word' id='word_1_284' title='bbox 1026 3752 1060 3808; x_wconf 90' lang='lat' dir='ltr'>de</span> <span class='ocrx_word' id='word_1_285' title='bbox 1084 3770 1137 3810; x_wconf 87' lang='lat' dir='ltr'>suo</span> 
     </span>
     <span class='ocr_line' id='line_1_36' title="bbox 116 3829 1138 3911; baseline 0.005 -22"><span class='ocrx_word' id='word_1_286' title='bbox 116 3833 225 3889; x_wconf 90' lang='lat' dir='ltr'>nomine</span> <span class='ocrx_word' id='word_1_287' title='bbox 240 3829 349 3887; x_wconf 83' lang='lat' dir='ltr'>Aeliam</span> <span class='ocrx_word' id='word_1_288' title='bbox 363 3834 525 3907; x_wconf 84' lang='lat' dir='ltr'>appellasse.</span> <span class='ocrx_word' id='word_1_289' title='bbox 554 3833 628 3903; x_wconf 82' lang='lat' dir='ltr'>Quae</span> <span class='ocrx_word' id='word_1_290' title='bbox 644 3837 739 3907; x_wconf 88' lang='lat' dir='ltr'>partim</span> <span class='ocrx_word' id='word_1_291' title='bbox 755 3837 820 3894; x_wconf 89' lang='lat' dir='ltr'>lalsa</span> <span class='ocrx_word' id='word_1_292' title='bbox 835 3848 908 3902; x_wconf 90' lang='lat' dir='ltr'>sunt,</span> <span class='ocrx_word' id='word_1_293' title='bbox 932 3837 1028 3911; x_wconf 89' lang='lat' dir='ltr'>partim</span> <span class='ocrx_word' id='word_1_294' title='bbox 1045 3837 1138 3894; x_wconf 89' lang='lat' dir='ltr'>alieno</span> 
     </span>
    </p>
   </div>
   <div class='ocr_carea' id='block_1_3' title="bbox 18 3917 1137 3996">
    <p class='ocr_par' dir='ltr' id='par_1_6' title="bbox 18 3917 1137 3996">
     <span class='ocr_line' id='line_1_37' title="bbox 18 3917 1137 3996; baseline 0.005 -24"><span class='ocrx_word' id='word_1_295' title='bbox 18 3960 24 3972; x_wconf 89' lang='lat'>.</span> <span class='ocrx_word' id='word_1_296' title='bbox 117 3925 239 3990; x_wconf 88' lang='lat' dir='ltr'>tempore</span> <span class='ocrx_word' id='word_1_297' title='bbox 267 3917 364 3992; x_wconf 86' lang='lat' dir='ltr'>posita.</span> <span class='ocrx_word' id='word_1_298' title='bbox 410 3918 517 3974; x_wconf 78' lang='lat' dir='ltr'>Falsum</span> <span class='ocrx_word' id='word_1_299' title='bbox 546 3927 603 3982; x_wconf 87' lang='lat' dir='ltr'>est,</span> <span class='ocrx_word' id='word_1_300' title='bbox 633 3920 776 3977; x_wconf 88' lang='lat' dir='ltr'>Adrianum</span> <span class='ocrx_word' id='word_1_301' title='bbox 799 3922 939 3996; x_wconf 80' lang='lat' dir='ltr'>Templum</span> <span class='ocrx_word' id='word_1_302' title='bbox 961 3921 1137 3987; x_wconf 84' lang='lat' dir='ltr'>ludaeorum,</span> 
     </span>
    </p>
   </div>
   <div class='ocr_carea' id='block_1_4' title="bbox 116 4003 1137 4162">
    <p class='ocr_par' dir='ltr' id='par_1_7' title="bbox 116 4003 1137 4162">
     <span class='ocr_line' id='line_1_38' title="bbox 117 4003 1137 4075; baseline 0.008 -20"><span class='ocrx_word' id='word_1_303' title='bbox 117 4003 189 4073; x_wconf 90' lang='lat' dir='ltr'>quod</span> <span class='ocrx_word' id='word_1_304' title='bbox 212 4019 344 4075; x_wconf 89' lang='lat' dir='ltr'>nusquam</span> <span class='ocrx_word' id='word_1_305' title='bbox 367 4011 423 4059; x_wconf 84' lang='lat' dir='ltr'>tuni</span> <span class='ocrx_word' id='word_1_306' title='bbox 447 4012 513 4067; x_wconf 85' lang='lat' dir='ltr'>erat,</span> <span class='ocrx_word' id='word_1_307' title='bbox 537 4003 694 4060; x_wconf 87' lang='lat' dir='ltr'>demolitum</span> <span class='ocrx_word' id='word_1_308' title='bbox 717 4022 786 4062; x_wconf 89' lang='lat' dir='ltr'>esse</span> <span class='ocrx_word' id='word_1_309' title='bbox 816 4006 895 4064; x_wconf 90' lang='lat' dir='ltr'>Urbis</span> <span class='ocrx_word' id='word_1_310' title='bbox 917 4015 1007 4063; x_wconf 87' lang='lat' dir='ltr'>autem</span> <span class='ocrx_word' id='word_1_311' title='bbox 1026 4007 1137 4063; x_wconf 87' lang='lat' dir='ltr'>instau-</span> 
     </span>
     <span class='ocr_line' id='line_1_39' title="bbox 116 4084 1131 4162; baseline 0.01 -23"><span class='ocrx_word' id='word_1_312' title='bbox 116 4084 185 4140; x_wconf 88' lang='lat' dir='ltr'>ratio</span> <span class='ocrx_word' id='word_1_313' title='bbox 206 4087 251 4143; x_wconf 88' lang='lat' dir='ltr'>diu</span> <span class='ocrx_word' id='word_1_314' title='bbox 274 4098 368 4162; x_wconf 88' lang='lat' dir='ltr'>postea</span> <span class='ocrx_word' id='word_1_315' title='bbox 390 4088 511 4162; x_wconf 82' lang='lat' dir='ltr'>contigit.</span> <span class='ocrx_word' id='word_1_316' title='bbox 543 4088 628 4144; x_wconf 82' lang='lat' dir='ltr'>Pritm</span> <span class='ocrx_word' id='word_1_317' title='bbox 652 4089 810 4155; x_wconf 81' lang='lat' dir='ltr'>ludaeorum</span> <span class='ocrx_word' id='word_1_318' title='bbox 830 4092 919 4150; x_wconf 86' lang='lat' dir='ltr'>clades</span> <span class='ocrx_word' id='word_1_319' title='bbox 934 4090 985 4148; x_wconf 89' lang='lat' dir='ltr'>sub</span> <span class='ocrx_word' id='word_1_320' title='bbox 1001 4092 1131 4156; x_wconf 83' lang='grc'><strong>4141414444,</strong></span> 
     </span>
    </p>
   </div>
   <div class='ocr_carea' id='block_1_5' title="bbox 0 0 1306 4822">
    <p class='ocr_par' dir='ltr' id='par_1_8' title="bbox 0 0 1306 4822">
     <span class='ocr_line' id='line_1_40' title="bbox 0 0 1306 4822; baseline 0 0"><span class='ocrx_word' id='word_1_321' title='bbox 0 0 1306 4822; x_wconf 95' lang='lat' dir='ltr'> </span> 
     </span>
    </p>
   </div>
  </div>
 </body>
</html>
