2586 4822
492 844 783 899 aatdautettstottts

163 1135 228 1208 DF,
252 1133 550 1209 lNSCRlPTlONE
578 1133 732 1209 OPERIS
758 1136 813 1209 AC
839 1135 898 1211 XX
925 1134 1115 1211 PlllllllUll
1161 1143 1177 1195 2

360 1253 620 1327 HAERESEON
647 1254 916 1328 PARTlTlONE.

215 1427 281 1484 Ciam
303 1427 431 1484 adversus
454 1430 493 1486 80
509 1428 650 1492 Haereses,
674 1444 745 1502 quae
766 1427 800 1482 ad
821 1445 898 1485 suam
918 1438 1034 1486 aetatem
1050 1429 1148 1486 extite-

126 1521 200 1577 rant,
224 1521 381 1587 susceptum
396 1530 411 1568 a
426 1531 456 1570 se
471 1514 524 1569 hoc
539 1529 608 1585 opus
624 1512 785 1586 profiteatur
800 1511 975 1587 Epiphanius,
993 1514 1046 1571 duo
1061 1531 1166 1587 quiae-⁴³=
1184 1536 1194 1555 ·

126 1598 190 1653 dam
213 1608 360 1655 occurrunt
382 1599 408 1654 in
429 1591 464 1655 'co
487 1598 597 1671 negotio
621 1597 824 1653 consideranda.
854 1599 985 1663 Alterum,
1009 1600 1147 1656 Haereaa'a
1233 1594 1246 1627 ²

125 1699 229 1739 nomen
257 1683 386 1739 latissime
414 1684 440 1738 in
464 1682 624 1757 quibusdam
647 1683 789 1757 usurpari3
817 1700 868 1740 nec
890 1683 923 1741 ad
945 1685 1147 1758 'llaeologorum

124 1785 252 1824 normam
274 1767 396 1824 vocabuli
418 1785 498 1823 usum
520 1769 598 1824 istius
622 1767 705 1841 erigi,
735 1784 751 1823 a
773 1766 872 1840 quibus
894 1769 959 1844 quid
980 1771 1089 1843 proprie
1112 1771 1147 1826 sit
1221 1830 1234 1853 υ

123 1852 262 1917 Haeresis,
285 1864 313 1909 et
334 1861 465 1926 quantum
488 1853 598 1928 reliquis
620 1850 653 1908 ab
676 1852 758 1909 sectis
780 1851 893 1917 dillerat,
917 1853 1043 1911 subtilius
1065 1863 1147 1928 alque

124 1938 296 1995 enucleatius
317 1937 447 1994 declarari
469 1937 547 1994 solet.
577 1937 643 1992 Nam
658 1954 747 2011 aeque
763 1937 867 2011 priores
882 1938 943 1995 illae
958 1948 1057 2003 sectae,
1080 1939 1147 1995 Rar-

123 2022 271 2086 barismus,
295 2022 472 2096 Scythismus,
497 2024 656 2085 Iudaismus,
681 2031 815 2095 quatenus
835 2023 933 2079 Christi
955 2031 1045 2080 ortum
1068 2033 1147 2081 autc-

124 2109 225 2170 ccssit,
248 2108 319 2165 inter
340 2107 474 2164 llaeresos
496 2109 593 2164 nicrito
616 2108 810 2173 recensentem
833 2125 922 2182 neque
945 2108 1015 2164 ullae
1037 2111 1146 2182 proprie

123 2202 218 2249 sectae
232 2192 421 2257 barbarorum,
446 2201 492 2248 aut
504 2193 667 2267 Scytharum
685 2191 804 2249 luerunt.
831 2195 928 2266 Atque,
945 2203 975 2248 ut
991 2193 1147 2267 diligentius

125 2278 151 2334 in
175 2277 343 2342 llellenismi,
366 2278 500 2341 Iudaismi,
525 2296 555 2334 ac
578 2277 754 2334 Samaritismi
776 2278 880 2351 species
903 2279 1063 2351 inquiratur,
1087 2278 1148 2352 ple-

125 2380 227 2436 raeque
250 2363 361 2419 lorsitan
385 2380 535 2419 enumero
558 2371 707 2425 sectarum,
736 2362 791 2418 sive
813 2361 967 2418 llaerescon
991 2364 1147 2419 oniaiendae

127 2458 222 2505 erunt:
248 2448 281 2503 de
303 2464 355 2521 qua
377 2465 408 2503 re
430 2449 553 2520 sparsim,
577 2465 608 2502 ac
631 2447 686 2501 suis
710 2446 776 2501 locis
792 2448 972 2519 opportunius
988 2457 1093 2520 agetur.
1117 2448 1146 2503 ln

128 2531 292 2589 hellenismo
315 2532 432 2605 quidem,
456 2549 517 2587 cum
541 2542 659 2604 aparatuor
674 2531 861 2586 tanatummodo
876 2540 965 2588 sectas
979 2531 1146 2604 Epiphanius

81 2633 84 2641 ·
128 2627 269 2681 numeret,
293 2617 413 2673 infinitae
436 2617 544 2689 adiungi
560 2616 626 2671 aliae
642 2624 807 2688 potueruut;
831 2632 943 2688 quarum
960 2616 1102 2690 plerasque
1119 2618 1146 2672 in

131 2703 200 2760 calce
223 2704 305 2758 bailus
320 2702 420 2775 operis,
444 2702 471 2757 in
487 2702 548 2756 fidei
565 2699 717 2756 Catholicae
734 2700 899 2773 Compendio
915 2711 1077 2785 proseputus
1092 2710 1144 2758 est.

130 2786 249 2844 Alterum
272 2787 325 2844 hoo
346 2788 373 2842 in
391 2787 501 2860 negotio
517 2785 741 2841 considerandum
758 2795 815 2850 ost;
839 2785 959 2858 quamvis
975 2776 1069 2842 omnes
1086 2787 1146 2843 illae

128 2882 217 2928 sectae
238 2873 310 2928 inter
331 2871 462 2928 Haereses
486 2871 556 2926 haud
572 2871 705 2926 immerito
721 2879 893 2936 censeantur,
917 2886 1086 2945 nequaquam
1104 2882 1147 2928 ta-

126 2972 188 3013 men
212 2957 360 3030 Epiphanio
384 2957 586 3030 octogenarium
610 2954 685 3011 illum
708 2964 833 3011 constare
856 2972 1008 3011 numerum.
1039 2956 1145 3013 Etenim

123 3039 151 3096 in
169 3043 314 3115 partitione
330 3042 388 3115 ipsa
404 3051 495 3097 contra
513 3040 647 3096 diuidendi
662 3048 807 3114 praecepta
822 3057 876 3096 non
892 3040 1064 3097 ntediocritcr
1078 3058 1146 3116 pec-

118 3139 216 3183 catum
239 3137 293 3183 est:
322 3144 382 3182 cum
405 3126 536 3200 principio
558 3127 678 3199 quinquo
701 3134 763 3181 autc
787 3125 923 3182 Christum
946 3134 1080 3182 sectarum
1105 3127 1146 3181 la-

115 3212 207 3283 stigie
228 3221 434 3285 proponuntur,
458 3211 658 3274 barbarismus,
681 3209 860 3283 Scythismus,
884 3209 1074 3274 Hellenismus,
1098 3211 1144 3266 la-

113 3293 254 3360 daismus,
278 3296 492 3352 Samaritismus:
516 3312 547 3350 ac
569 3295 666 3350 deinde
689 3296 840 3368 posteriora
856 3295 906 3351 tria
921 3311 1020 3369 genera
1037 3295 1063 3350 in
1079 3294 1144 3351 alias

110 3382 231 3449 species
262 3381 427 3437 tribuuntur.
471 3381 503 3436 Et
531 3380 707 3436 nihilominus
735 3397 834 3452 genera
856 3396 917 3436 cum
940 3379 1069 3435 subiectis
1093 3380 1144 3436 sibi

109 3465 248 3531 partibus
270 3466 385 3522 cundem
408 3467 433 3521 in
458 3482 600 3521 numerum
622 3482 808 3538 summamque
834 3465 1021 3521 coniciuntur.
1067 3466 1145 3534 Quod

110 3557 174 3602 est
194 3551 218 3606 iu
241 3551 369 3606 divisione
391 3551 601 3606 vitiosissimum.
624 3549 716 3622 Neque
739 3549 810 3606 enim
833 3567 919 3622 genos
935 3540 1012 3623 πρὸς
1027 3542 1065 3605 τὰ
1079 3542 1144 3623 εἴδη

111 3617 366 3717 ,θῖντιὼαερεῖταμ
394 3635 427 3690 Ut
450 3637 471 3690 si
495 3636 583 3690 anima
603 3636 710 3707 uitaque
732 3634 883 3707 praeditum
905 3651 1005 3706 corpus
1027 3635 1144 3707 primum

112 3725 148 3766 ¹¹1
182 3720 275 3776 animal
296 3738 327 3775 ac
348 3719 466 3793 plantam
488 3720 618 3793 partiare:
642 3729 700 3776 tum
722 3718 819 3775 animal
841 3719 867 3774 in
891 3726 1036 3783 terrestre,
1060 3736 1146 3792 aqua-

115 3794 194 3866 ate,
221 3805 345 3862 volatile:
374 3805 492 3878 plantam
515 3806 541 3860 ln
566 3803 693 3869 herbam,
722 3804 861 3866 fruticem,
891 3813 920 3858 et
944 3802 1084 3860 arborem:
1114 3822 1145 3859 ac

119 3875 224 3946 deinde
246 3890 367 3947 collectis
391 3889 524 3952 omnibus,
548 3899 610 3945 octo
632 3889 755 3962 corporis
770 3888 879 3944 animati
893 3897 984 3962 partes
1000 3906 1060 3945 esse
1076 3906 1145 3944 con-

123 3966 237 4030 atienae:
260 3976 386 4031 nimirum
401 3976 507 4037 animal,
529 3975 657 4047 plantam,
680 3981 810 4030 terrestre
825 3972 931 4037 animal,
952 3973 1078 4046 aquatile,
1096 3990 1145 4028 vo·

127 4043 216 4114 latile:
238 4061 359 4124 herbam,
383 4060 517 4122 fruticem,
541 4058 568 4114 dt
590 4058 724 4115 arborem.
762 4058 801 4114 lta
823 4058 894 4114 enim
916 4058 988 4114 inter
1009 4057 1145 4113 divisionis

135 4146 220 4201 lactes
241 4162 341 4220 genera
364 4146 437 4218 ipsa,
464 4160 533 4217 alnae
555 4143 723 4207 dividuntur,
747 4160 888 4217 perperam
911 4144 1021 4199 referas.
1067 4143 1144 4210 Quod
