2586 4822
361 823 408 879 rx.
444 828 482 879 in
502 827 636 880 ruauunr
655 828 749 880 ausc.
768 829 848 882 ursa.
1071 816 1111 883 ct

92 981 189 1044 statim
212 978 327 1042 abiiciat
348 989 435 1060 atquc
463 990 640 1056 contemnat,
672 982 786 1044 dicente
810 981 937 1061 Origene
965 983 1002 1045 de
1028 984 1114 1064 aquia

92 1098 167 1158 quae
187 1097 279 1158 super
300 1079 518 1139 firmamentum
540 1089 619 1152 sunt,
649 1098 709 1140 nun
739 1098 804 1141 esse
826 1098 926 1159 aquas,
955 1081 1007 1142 sed
1029 1082 1114 1144 lerti-

92 1177 211 1238 tudiues
233 1177 372 1255 quasdam
389 1175 537 1254 angelicae
553 1177 714 1255 potestatis,
738 1186 768 1237 et
782 1196 900 1238 rursurn
915 1197 1015 1257 aquas,
1038 1198 1113 1258 quae

92 1283 313 1354 superterram
336 1284 415 1346 sunt,
445 1275 502 1334 huc
524 1282 570 1336 est
592 1274 646 1335 sub
674 1277 868 1347 firmamento,
898 1294 963 1337 esse
990 1276 1112 1340 virtuter

92 1371 264 1441 contrarias,
289 1371 317 1432 id
341 1381 386 1432 est
408 1370 588 1434 daemones?
625 1371 661 1432 Et
683 1373 831 1451 quomodo
852 1373 985 1451 legimus,
1016 1374 1046 1436 iu
1069 1375 1137 1439 (li-t

92 1469 169 1530 luriu
190 1477 307 1548 aperus
328 1471 526 1531 catarrhactas
547 1470 620 1531 cceli
642 1479 671 1530 et
692 1488 782 1549 aquas
804 1470 965 1533 inundasse
990 1470 1112 1533 diluvii?

26 1568 172 1635 fflunde
194 1567 286 1646 aperti
309 1575 378 1628 sunt
400 1569 496 1629 luntas
518 1567 624 1648 abyssi,
662 1578 691 1628 et
720 1576 798 1630 totus
827 1570 956 1630 mundus
989 1581 1112 1650 opertus

95 1675 135 1726 est
157 1664 251 1744 aquis.

178 1763 308 1824 Olurcr
335 1762 489 1823 hominurn
518 1761 635 1823 iunctus
665 1763 817 1839 stultitiae,
851 1765 900 1843 qui
928 1765 1111 1845 reliquerunt

98 1858 160 1921 illud
184 1862 263 1941 quod
286 1861 315 1920 in
339 1859 505 1920 Proverbiis
527 1860 642 1931 dicitur,
672 1861 769 1934 “audi,
798 1862 846 1935 sili,
871 1881 1037 1924 sermonem
1060 1874 1150 1943 patu

100 1958 144 2019 tn‘s
167 1958 219 2031 tui,
244 1967 273 2018 et
297 1977 334 2018 ne
354 1957 474 2019 abiicias
497 1957 588 2035 legem
613 1958 713 2018 matris
736 1967 817 2019 tuae:
841 1967 871 2019 et
885 1961 1018 2023 conversi
1040 1970 1111 2023 suut

99 2056 127 2116 ad
150 2074 293 2132 errcrcrn,
317 2065 346 2117 et
367 2057 469 2116 dicunt
492 2055 580 2115 stulto
604 2065 637 2115 ut
658 2055 795 2135 princeps
818 2056 929 2129 arrisit,
963 2076 1019 2118 nec
1039 2076 1112 2119 ccu-

95 2158 227 2215 temnunt
250 2173 298 2214 res
321 2156 429 2227 latuas,
459 2172 532 2232 quiae
555 2153 672 2213 discunt
700 2172 716 2213 a
739 2154 832 2227 latuc,
862 2155 937 2215 sicut
964 2155 1111 2235 scriptura

94 2256 223 2323 testatur,
259 2254 376 2313 “fatuus
404 2260 501 2311 autem
529 2251 606 2311 latua
635 2249 778 2329 loquitur,
811 2260 840 2311 et
867 2270 918 2312 cor
945 2252 1008 2314 eius
1037 2272 1110 2315 vana

87 2342 252 2429 intelligit?
288 2350 373 2411 Unde
388 2349 511 2409 ulrsecru
535 2357 572 2421 te,
596 2347 791 2420 dilectissime,
815 2358 843 2409 et
865 2348 948 2428 quasi
971 2350 1149 2413 nemhnrtc

82 2449 162 2509 ureis
186 2466 320 2528 parcens,
343 2457 465 2527 propter
487 2446 645 2517 caritatern,
669 2464 756 2524 quam
779 2447 808 2506 in
824 2456 852 2506 te
868 2447 971 2517 liabeo,
995 2466 1109 2526 precor,

79 2546 223 2605 scribens
252 2555 282 2606 et
304 2563 392 2606 araus
421 2554 454 2605 ut
482 2543 604 2622 impleas
633 2543 702 2602 illud
731 2543 809 2621 quud
839 2543 953 2617 dicitur,
989 2550 1111 2607 “nonne

75 2638 223 2704 odientes
246 2651 283 2713 te,
305 2643 433 2714 domine,
457 2641 543 2714 odivi,
570 2651 599 2699 ct
620 2658 711 2718 super
732 2639 866 2700 inirnicos
889 2651 957 2702 tuus
980 2641 1111 2702 tabesce-

52 2732 193 2800 clnm‘r’
232 2739 351 2801 lnirnica
375 2749 403 2800 et
425 2739 512 2818 digna
536 2738 604 2798 odio
628 2737 763 2814 Origenis
787 2736 872 2797 verba
895 2746 979 2810 strnl,
1003 2748 1032 2799 ct
1054 2740 1109 2800 dcc

74 2838 292 2918 repugnantia,
322 2846 349 2898 et
373 2837 481 2898 sanctis
504 2836 575 2907 eiua,
606 2845 635 2895 et
664 2854 724 2895 nun
753 2835 809 2896 ista
839 2836 909 2909 sola,
943 2855 1017 2914 quae
1039 2836 1148 2914 dirim

75 2932 134 2992 sed
163 2945 192 2997 et
214 2934 521 2997 alia-innumerabilia.
569 2934 670 3011 Neque
697 2932 775 2993 enirn
798 2952 879 2993 nunc
906 2933 977 2993 nrilri
999 2952 1111 3014 prcpc-

77 3025 177 3094 siturn
200 3044 245 3094 est
267 3034 407 3094 adversus
422 3032 519 3092 ornnia
537 3031 672 3109 Origenis
688 3032 822 3109 dcgrnata
839 3031 995 3109 disputare.
1030 3031 1110 3093 Nihil

78 3123 161 3191 nihi
183 3132 329 3210 subripuit
353 3130 505 3208 Origenes,
535 3148 590 3189 nec
612 3129 642 3189 in
666 3148 729 3190 rnea
752 3129 940 3205 generatione
961 3130 1023 3203 luit,
1052 3149 1110 3192 nec

80 3238 212 3307 propter
233 3229 344 3308 aliquas
367 3247 414 3288 res
436 3227 537 3288 mundi
554 3236 583 3287 et
598 3228 804 3287 haereditatem
828 3227 926 3287 odiurn
952 3227 1108 3288 adversum

84 3316 169 3387 illum
192 3344 365 3406 pugnasque
388 3327 512 3405 suscepi.
551 3326 617 3397 Sed,
642 3333 674 3385 ut
697 3325 866 3403 simpliciter
888 3325 987 3397 fatear,
1012 3325 1148 3400 doleant

86 3422 112 3474 ²1
137 3425 222 3486 valde
246 3424 339 3498 doleo,
364 3424 465 3484 ridens
487 3422 628 3503 plurimos
652 3424 782 3495 lratruur,
817 3432 846 3483 et
867 3441 970 3483 eururn
999 3421 1110 3501 praeci·

88 3530 157 3594 pue,
180 3522 229 3602 qui
252 3522 466 3602 prulessicnern
490 3520 599 3580 liabent
622 3539 681 3580 non
699 3520 858 3592 rninirnarn,
881 3528 911 3580 et
932 3519 962 3579 in
985 3521 1108 3598 gradum

66 3627 207 3700 uanoque
228 3619 384 3682 sacerdotii
407 3619 563 3679 niaximum
586 3625 793 3697 pervenerunt,
827 3617 888 3679 eiua
911 3618 1112 3696 persuasioni-

93 3707 148 3772 bus
180 3720 320 3799 deceptcs
349 3728 378 3778 et
404 3716 623 3797 perversissima
652 3714 785 3775 doctrina
814 3714 895 3775 cilrcs
922 3716 1014 3776 laetos
1041 3732 1109 3776 essa

95 3804 213 3877 diaboli:
236 3817 266 3877 in
282 3816 389 3896 quibua
404 3815 581 3893 cumpletum
596 3823 642 3874 est
663 3814 732 3873 illud
755 3813 834 3892 quod
856 3812 970 3887 dicitur,
998 3818 1148 3892 “superat

97 3920 208 3974 ⁰¹¹lneur
232 3915 424 3976 munitionem
447 3911 529 3986 ludit,
552 3920 582 3972 et
605 3930 688 3973 escae
710 3911 773 3972 eius
795 3911 911 3982 electae,
935 3922 964 3971 et
984 3928 1109 3988 congre·

101 4008 179 4083 gavit,
201 4013 275 4073 sicut
296 4030 425 4083 arenant,
449 4008 669 4089 captivitatem.’'
698 4009 739 4069 Te
754 4017 860 4082 autem,
885 4009 981 4080 lrater,
1005 4007 1109 4069 liberet

104 4098 177 4180 uena,
198 4120 225 4170 et
247 4120 381 4171 sanctum
404 4108 544 4189 populum
566 4107 683 4183 Christi,
707 4107 755 4187 qui
778 4106 829 4168 tibi
852 4105 980 4167 creditus
1002 4112 1055 4180 est,
1078 4113 1111 4168 et·

151 4200 283 4259 Epiphanius.
304 4208 336 4257 lll,
347 4209 367 4249 2.
935 4207 951 4258 6
