2586 4822
152 851 193 914 38
293 864 341 914 ιιι.
377 864 440 913 m
458 865 532 912 νου
550 864 619 912 ιον
636 862 796 912 κντκνοτ
812 860 1028 911 mmm.

154 1014 308 1092 ἑκουσίως
332 1009 377 1080 δι’
402 1010 487 1101 ἡμᾶς
509 1016 707 1099 πειρασθείς
730 1013 885 1091 δέσποτα,
908 1012 1078 1098 μνήσθητι
1100 1014 1165 1077 τῶν

153 1111 186 1179 ἐν
215 1111 347 1196 ἐρήμοις
375 1113 617 1195 πειραζομένων
646 1113 733 1176 λαῶν
763 1134 838 1189 σου,
872 1112 937 1174 τῶν
966 1109 999 1175 ἐν
1028 1106 1167 1194 ἀβάτοις

152 1209 207 1275 καὶ
235 1205 401 1291 ἀνάδροις·
436 1210 564 1275 ἐκείνων
592 1209 761 1295 μνήσθητι
786 1202 862 1290 μεθ’
894 1204 985 1293 ἡμῶν
1014 1211 1068 1273 καὶ
1099 1207 1166 1291 πρὸ

151 1302 252 1392 ἡμῶν,
277 1301 384 1391 ἀγαθὲ
400 1306 630 1392 φιλάνθρωπα
662 1306 797 1384 ἐκείνοις
813 1305 1058 1392 σομβοηθησον,
1084 1305 1166 1372 ἐκεί·

127 1427 226 1481 5νους
249 1404 468 1490 πρόφθασον·
498 1404 637 1482 ἐκείνους
660 1403 778 1470 λοιπὸν
795 1403 992 1487 ἐπίσκεψαι·
1022 1403 1164 1483 ἐκείνους

150 1502 227 1580 τοὺς
250 1499 331 1585 ὑπὲρ
354 1501 481 1579 πάντας
503 1501 670 1581 ἐλεεινοὺς,
704 1501 780 1579 τούς
803 1500 893 1586 νεαρὰ
916 1500 1043 1577 πάντας
1066 1498 1191 1579 δνταςΒ

152 1598 208 1666 ἐπὶ
230 1602 288 1687 τῆς
309 1602 367 1685 γῆς
388 1599 578 1677 ταπεινούς·
608 1600 748 1677 ἐκείνους
770 1597 846 1676 τοὺς
868 1598 901 1664 ἐν
924 1598 1057 1685 ἐρημοις
1073 1598 1166 1683 παρὰ

153 1692 342 1782 ἀνθρώπων
365 1694 651 1781 ἀπεγνωσμένους·
687 1698 805 1774 οἵτινες
827 1696 952 1779 μακράν
976 1696 1009 1761 ἐκ
1027 1699 1084 1780 τῆς
1098 1722 1166 1778 χει-

153 1794 209 1878 ρός
231 1819 291 1861 σου
314 1794 538 1877 ἐδιώχθησαν·
578 1796 698 1872 οίτινες
725 1795 873 1879 μεγάλως
901 1798 946 1879 τῶ
975 1798 1075 1878 θυμῷ
1105 1818 1166 1860 σου

116 1892 416 1978 Ιοέπαιδεάθησαν·
451 1893 569 1970 οἵτινες
590 1892 738 1977 μεγάλως
760 1896 799 1978 τῇ
823 1887 900 1977 ὀργῇ
924 1916 982 1956 σου
1004 1887 1167 1979 ἠλέγχθη-

152 2012 230 2056 σαν·
270 1991 391 2066 οἵτινες
413 1988 479 2072 πρὸ
501 1989 649 2056 θανάτου
673 1986 717 2068 ῶς
740 1990 845 2074 νεκροί
875 1984 943 2055 άπὸ
972 1983 1166 2074 ἀνθρώπιον

152 2086 383 2172 ἐπλήσθησαν·
417 2088 536 2165 οἵτινες
556 2087 639 2168 μετὰ
661 2095 788 2171 θηρίων
811 2084 931 2171 ἀγρίων
956 2087 1055 2153 οἰκεῖν
1072 2113 1167 2154 κατε-

152 2191 329 2269 κρίθησαν·
368 2173 412 2251 ῶν
434 2183 491 2269 την
513 2192 589 2267 βίαν
613 2182 719 2263 οέδεὶς
742 2189 881 2272 καθορᾷ,
906 2185 935 2251 εί
955 2184 998 2271 μη
1022 2184 1125 2267 μόνος
1149 2179 1166 2250 δ

153 2280 210 2358 σὸς
225 2276 400 2366 άκοίμητος
417 2275 609 2366 ὀφθαλμός·
639 2272 683 2347 ῶν
699 2282 757 2368 τὴν
777 2278 914 2367 ἀνάγκην
931 2284 980 2360 συ,
1005 2284 1165 2360 δέσποτα,

115 2398 143 2447 15
151 2379 328 2463 γινώσκεις,
351 2382 404 2444 καὶ
427 2376 525 2456 ἄλλος
548 2376 654 2457 σίνδεὶς
677 2387 741 2423 ***
764 2380 809 2458 είς
832 2381 936 2445 αίῶυα
959 2379 1089 2459 λοιπὸν,
1122 2375 1163 2446 δι’

152 2465 196 2544 ῶν
223 2484 456 2560 χωρισθέντες,
490 2481 555 2561 τῆς,
576 2477 764 2563 οἰκουμένης
790 2480 883 2555 τέλος
910 2484 1190 2561 μακρυνθέντες,6

150 2577 215 2639 τῶν
238 2575 413 2660 ἐκκλησιῶν
436 2574 554 2640 λοιπὸν
584 2575 829 2660 ἐπιλησθέντες,
862 2578 926 2641 τῶν
955 2575 1077 2660 ἑορτῶν
1106 2576 1165 2662 τὴν

150 2667 270 2757 ἡμέραν
293 2668 492 2757 ἀγνοοῦντες.
531 2673 666 2750 ἐκείνοις
686 2672 802 2756 μικρὸν
826 2673 914 2750 ἐλεος
934 2680 1087 2758 ποίησον,
1112 2676 1167 2740 δέ·

151 2791 275 2836 σποτα·
315 2766 351 2834 οδ
381 2770 441 2854 γὰρ
477 2770 630 2853 αἰτοῦμαι
663 2770 758 2835 πελά.
804 2769 940 2857 φθάσον
974 2770 1116 2848 ἐκείνους
1147 2767 1165 2837 δ

112 2866 246 2944 κοθεὸς,
281 2863 298 2933 δ
321 2869 503 2945 παιδεύσας
531 2867 680 2945 ἐκείνους.
730 2867 865 2954 φθάσον
891 2866 934 2933 τά
962 2871 1044 2934 ποτὲ
1067 2876 1165 2935 τέκνα

151 2986 219 3040 σου,
245 2959 296 3028 ὅτι
317 2968 369 3029 καὶ
394 2961 487 3031 αὐτοί
508 2990 590 3031 ποτε
612 2971 707 3030 τέκνα
730 2989 799 3037 σου,
823 2961 875 3030 δτι
897 2964 950 3030 καί
967 2960 1063 3031 αέτοί
1079 2992 1164 3035 ποτε

150 3065 346 3142 Χριστιανοὶ
371 3058 522 3151 ὑπῆρχον,
552 3067 605 3130 καὶ
628 3058 722 3129 αι’πσί
744 3087 827 3129 ποτε
849 3069 972 3148 ποίμνη
1003 3087 1073 3141 σου,
1108 3068 1163 3131 καὶ

150 3154 244 3224 αι’·τοί
266 3183 348 3225 ποτε
370 3162 448 3247 μέλη
472 3185 541 3239 σου,
565 3164 620 3226 καὶ
642 3157 736 3226 αι’·τοί
752 3184 835 3227 ποτε
849 3164 907 3225 τοῦ
923 3155 1085 3244 άχράντου
1101 3186 1163 3229 σου

148 3255 391 3339 μετελάμβανον
414 3258 574 3342 σώματος,
598 3261 650 3324 καὶ
668 3261 722 3324 νῦν
740 3257 901 3340 σωμάτων
917 3253 1044 3341 ἀλόγων
1059 3285 1164 3341 μετα-

111 3354 361 3437 κελαμβάνουσι.
405 3357 457 3420 διο
486 3354 534 3443 δη,
565 3356 720 3434 δέσποτα,
752 3356 934 3440 ἐπέβλεψαν
965 3351 1015 3421 ἐπ’
1041 3352 1164 3437 αι”τοὺς

150 3451 183 3517 ἐν
207 3451 309 3529 ἐλέοις
331 3455 382 3517 καί
407 3453 586 3536 οἰκτιρμοῑς
609 3477 677 3518 σου.
716 3454 767 3519 ’ίδε
783 3454 912 3520 ἐκείνων
930 3458 995 3518 τῶν
1011 3454 1165 3523 ἐλεεινῶν

148 3547 206 3636 τὴν
234 3556 318 3632 βίαν,
348 3550 400 3614 καὶ
429 3548 485 3628 δδς
513 3553 781 3637 φιλανθρωπίαν.
828 3553 878 3617 ίδε
899 3549 956 3638 την
983 3551 1163 3637 γύμνωσιν,

149 3650 203 3712 καὶ
225 3647 281 3725 δὸς
303 3646 359 3733 την
383 3643 568 3731 ἀνάρρυσιν.
612 3650 662 3715 ἐδε
685 3649 741 3737 την
763 3656 907 3734 βαθεῖαν
929 3650 1076 3733 ἐρημίαν,
1107 3652 1164 3717 καί

149 3751 289 3831 ποίησον
317 3745 374 3830 την
404 3746 462 3831 σην
492 3740 738 3830 εὐσπλαγχνίαν.
792 3746 820 3812 εί
846 3744 906 3830 γὰρ
939 3751 992 3812 καὶ
1023 3748 1188 3828 δικαίωςο

111 3840 355 3920 ηηέπαέδευσας,
380 3839 447 3907 ἀλλ’
472 3839 561 3926 ὅμως
577 3843 679 3908 ἴασαι.
718 3844 747 3910 εί
761 3847 813 3909 καὶ
831 3838 930 3923 ἀξίως
952 3844 1160 3927 παρέδωκας,

149 3935 238 4021 ὅμως
260 3939 426 4024 συνάγαγε.
464 3939 648 4021 ἐμάστιξας,
671 3940 916 4024 παρακάλεσον·
952 3943 1160 4025 παρέδωκας,

148 4035 321 4120 λάτρωσαι.
362 4036 391 4103 εί
405 4040 456 4102 καί
473 4037 632 4117 πολλάκις
645 4033 841 4124 ἡμάρτομεν,
864 4032 932 4103 ἀλλ’
950 4034 1040 4122 ὅμως
1056 4040 1161 4108 πάλιν

147 4126 239 4220 ἡμῶν
259 4134 435 4221 μνήσθητι,
466 4136 520 4200 καὶ
542 4134 644 4201 πάλιν
664 4130 756 4221 ἡμῶν
784 4140 824 4222 τῇ
852 4135 961 4223 δεήσει
983 4143 1158 4224 πείσθητι,
