2586 4822
228 788 287 849 174
569 801 648 852 LIBRI
667 801 705 850 DE
722 800 763 851 xtt
783 800 896 852 Gratus

225 957 310 1020 ribus,
333 974 470 1032 parvoque
484 958 573 1031 pretio
587 957 774 1013 vendiderunt.
821 956 954 1014 Alabastri
974 971 1084 1030 quoque
1100 950 1273 1026 Thebeisb8

226 1045 313 1118 pretio
336 1045 483 1100 distraxere
507 1043 608 1099 maiori.
658 1041 758 1098 Thebei
783 1042 955 1098 nihilominus
979 1039 1139 1097 obtulerunt
1169 1043 1246 1115 regi·

225 1144 286 1193 trae,
310 1145 379 1202 quae
404 1139 467 1184 tunc
490 1129 620 1201 temporis
643 1126 801 1200 imperabat.
832 1128 918 1196 Quem
941 1126 984 1182 illa
1007 1143 1118 1204 sumens
1140 1127 1169 1182 in
1185 1127 1245 1182 dia-

228 1213 334 1270 demate
357 1231 407 1269 suo
430 1214 456 1268 in
480 1214 568 1269 medio
591 1212 687 1269 lronlis
711 1213 848 1285 imposuit.
879 1210 965 1268 Habet
987 1220 1078 1268 autem
1099 1211 1169 1285 lapis
1191 1212 1246 1268 iste

199 1299 296 1356 dhane
319 1298 472 1355 efficaciam.
517 1297 582 1353 Cum
612 1299 638 1352 in
667 1306 728 1353 cote
758 1296 907 1353 medicinali
930 1297 1028 1352 teritur
1049 1313 1110 1352 non·
1127 1295 1244 1353 rubruin

226 1401 330 1445 sutum.
355 1384 427 1439 iusta
449 1382 559 1438 modurn
582 1383 624 1438 sui
647 1383 754 1445 coloris,
779 1382 825 1438 sed
849 1382 877 1437 in
899 1381 1009 1437 modum
1032 1381 1107 1438 lactis
1131 1381 1244 1437 emittit.

224 1468 339 1542 lmplent
361 1477 450 1523 aulem
474 1476 592 1523 crateras
614 1467 759 1540 plurimas,
783 1476 897 1541 quantas
921 1467 963 1530 hi,
987 1466 1033 1540 qui
1056 1475 1168 1531 terunt,
1191 1466 1247 1521 irn-

226 1553 301 1626 plere
324 1553 472 1616 voluerint,
498 1562 524 1609 et
547 1562 607 1626 post
631 1553 683 1607 lroe
706 1553 776 1607 idem
799 1551 896 1607 ntotlus
919 1561 961 1607 est
983 1551 1093 1624 lapidis,
1115 1567 1170 1607 nec
1191 1552 1247 1606 im-

227 1639 346 1693 minutus
369 1636 499 1710 pondere,
523 1655 573 1694 nec
595 1655 608 1691 a
632 1637 798 1693 rotunditate
821 1653 964 1694 mensurae
986 1637 1095 1709 penitus
1112 1637 1247 1693 immuta·

184 1729 278 1781 lotus.
323 1723 390 1778 llinc
419 1733 508 1779 antem
537 1740 618 1779 sucus
649 1722 753 1778 elicitus
783 1723 924 1778 oculorum
953 1722 1092 1796 passiones
1120 1721 1247 1795 apprime

226 1818 316 1863 sanat:
347 1809 465 1883 itemque
494 1825 554 1864 cum
584 1807 686 1863 bibitur
714 1807 789 1863 valde
811 1806 936 1862 medetur
957 1807 999 1862 tn's
1022 1816 1048 1862 et
1071 1807 1116 1879 qui
1141 1822 1246 1882 aquosa

227 1892 301 1950 rabie
325 1888 499 1966 terrenturll.
529 1894 623 1965 etqui
646 1911 677 1948 en
700 1910 749 1947 uva
772 1893 873 1948 marina
896 1892 1071 1948 veliementer
1093 1891 1272 1947 insaniuntb

226 1977 311 2033 llnius
335 1979 405 2033 eninr
428 1978 522 2051 lapidis
545 1994 639 2033 sucum
664 1977 829 2034 medicorum
851 1977 930 2050 periti
953 1976 1051 2033 tatibus
1074 1974 1211 2033 tribuunt.

531 2130 572 2184 tttt
594 2129 713 2185 LdPlllE
738 2128 928 2204 Sttatttttitttt.

185 2237 213 2287 15
308 2230 481 2303 Smaragdos,
505 2231 551 2305 qui
575 2240 602 2287 et
624 2232 758 2304 prasinus,
783 2231 871 2287 viridis
890 2241 931 2287 est
946 2230 1055 2305 speciei.
1086 2229 1135 2286 Est
1152 2222 1253 2287 autem'

225 2315 253 2371 in
282 2316 320 2371 eis
348 2315 478 2390 quaedam
507 2316 672 2377 dillcrentia:
704 2317 808 2389 aliquos
838 2317 908 2373 enim
937 2316 1104 2372 Neronianos
1134 2324 1242 2375 vocant.

226 2400 330 2473 aliquos
354 2401 534 2465 Domitianum
565 2410 591 2458 et
613 2402 781 2457 Neronianus
811 2402 919 2475 quidem
947 2401 1014 2474 lapis
1042 2393 1179 2466 amarus¹l
1202 2410 1242 2457 ert

225 2487 315 2558 specie
339 2486 413 2542 valde
436 2487 534 2551 viridis,
558 2487 703 2561 splendens
727 2504 757 2542 ac
780 2487 900 2543 vibrans:
925 2486 1053 2559 appellari
1076 2502 1141 2542 vero
1157 2485 1244 2542 Nero-

226 2572 335 2627 nianum
358 2581 472 2645 propter
495 2572 565 2628 bane
587 2589 708 2628 caussam
732 2572 869 2627 referunt:
893 2572 966 2644 quod
981 2572 1174 2644 imperatorem
1190 2569 1242 2626 Ne·

221 2786 272 2820 rum
291 2780 385 2833 gentem
404 2774 527 2833 ignorasse
544 2773 635 2820 ridetur
654 2773 782 2827 Gesnerus,
802 2772 957 2835 quarnobrem
970 2771 1094 2833 Epitomen
1114 2785 1128 2819 a
1148 2785 1174 2819 re
1193 2770 1243 2819 edi·

221 2846 269 2887 tam
288 2840 416 2888 emendare
435 2840 546 2888 laborans
565 2841 587 2888 in
606 2841 707 2889 alienam
727 2842 870 2890 sententiam
888 2840 1015 2889 infeliciter
1033 2839 1169 2902 detorquet.

306 2926 323 2981 i)
348 2925 381 2972 lle
401 2925 485 2972 incolis
511 2925 680 2973 celeberrimae
700 2926 762 2975 illius
781 2927 847 2975 urbis
866 2926 925 2975 baec
944 2925 1039 2986 accipe,
1065 2938 1128 2987 quae
1147 2937 1202 2972 cum
1219 2924 1242 2971 ia

221 2992 325 3054 Aegypto
344 2991 400 3039 olim
418 2991 490 3040 luerit
507 3000 592 3054 potens
611 2994 691 3054 armis,
711 3003 733 3042 et
752 2995 861 3055 maxima,
880 3002 904 3042 et
922 2994 1025 3054 regionis
1037 2992 1174 3041 Thebaidos
1193 3005 1241 3040 rne-

223 3059 331 3122 tropolis‚
351 3074 415 3108 nunc

502 3165 575 3176 .....
596 3136 683 3178 centum
702 3132 759 3178 iacet
778 3132 859 3179 obruto
876 3133 959 3194 portia,

222 3202 247 3243 ut
267 3210 319 3243 cum
339 3195 446 3244 iuvenale
465 3195 562 3258 loquar,
583 3198 629 3245 Sol.
645 3197 673 3244 15
691 3212 709 3244 r.
721 3197 744 3245 6.
782 3197 849 3247 Dicta
867 3205 904 3245 est
923 3211 969 3245 non
988 3196 1065 3245 solum
1084 3195 1181 3256 Thebe,
1201 3195 1242 3243 rel

222 3263 292 3311 etiarn
312 3264 447 3326 Diospolis:
469 3265 531 3314 unde
551 3263 639 3312 Plinius
657 3265 724 3313 lib.l'
744 3265 834 3327 capti:
866 3266 996 3315 celebratur
1014 3264 1132 3329 Diospolis
1149 3280 1240 3327 mugra,

223 3334 300 3380 endem
321 3334 400 3393 Tltebe,
419 3342 537 3397 portorum
556 3343 643 3384 centum
661 3335 747 3383 nobilis
765 3339 835 3396 sunio.

307 3415 331 3475 lt)
357 3415 466 3478 Epitome
486 3418 601 3467 Gesneri:
622 3412 676 3465 Καὶ
694 3412 840 3481 πινόμενος
857 3412 887 3466 dt
905 3408 1055 3465 ἆνιιπαθεῖ
1070 3408 1141 3482 πρὸς
1158 3407 1243 3479 ἵδρω-

222 3496 275 3535 noc
293 3491 338 3532 etc.
374 3486 460 3548 Epotus
478 3489 613 3536 adversatur
631 3490 729 3550 hydropi
748 3494 811 3547 ete.;
829 3500 908 3536 rerum
927 3485 1036 3548 Epitome
1054 3483 1108 3546 illa,
1126 3497 1190 3546 quae
1210 3490 1243 3530 ert

221 3552 290 3629 apud!
304 3554 455 3602 Anastasinm
475 3555 588 3603 sinaitam
608 3554 630 3602 in
652 3557 829 3611 Oanestionibus
848 3563 901 3616 etc,
921 3555 992 3603 hahet
1009 3545 1080 3616 πρὸς
1098 3544 1147 3604 τὰς
1164 3543 1244 3615 ὕδρο-

220 3633 321 3685 μανιας
340 3629 384 3669 etc.

306 3704 323 3762 ll
348 3704 456 3767 Epitome
481 3720 578 3769 qaroque
603 3709 666 3770 apud
692 3708 824 3757 Gesnerum
849 3708 920 3755 habet
947 3707 985 3755 laic
1012 3705 1108 3754 verbum
1135 3696 1242 3766 πικρὸς,

220 3789 321 3823 amarus.
357 3774 382 3821 ln
402 3775 507 3834 margine
527 3775 647 3823 tlesnerus
665 3778 775 3838 apposuit
794 3769 899 3841 μικρὸς,
917 3790 1016 3839 porrus,
1036 3771 1088 3831 sed,
1106 3778 1134 3821 ut
1152 3785 1180 3821 ex
1199 3772 1246 3820 ltac

219 3850 302 3891 nostra
321 3842 486 3904 antiquissima
504 3844 612 3891 versione
632 3851 739 3905 constat,
758 3844 837 3892 minus
856 3850 929 3892 recte.
965 3841 1030 3891 Licet
1048 3848 1128 3889 autem
1147 3832 1246 3903 πικρὸς

220 3910 317 3973 proprie
337 3910 365 3958 de
384 3924 470 3973 sapore
489 3910 589 3974 dicatur,
608 3912 646 3960 bie
658 3918 723 3960 certe
733 3912 895 3975 metaphorice
908 3918 1047 3973 usurpatum
1057 3908 1159 3970 ridetur,
1176 3907 1246 3971 quod

221 3977 308 4027 lactum
328 3992 401 4041 saepe
419 3979 511 4028 invenio
530 3979 593 4042 apud
613 3980 731 4041 Graecos,
756 3981 885 4044 praecipue
903 3993 957 4029 rero
975 3978 1038 4042 apud
1057 3976 1145 4028 lulium
1163 3974 1246 4026 Pollu-

222 4061 273 4095 cem
294 4047 321 4164 pn
342 4048 487 4099 dnomoatiee
506 4054 551 4096 etc.
587 4047 688 4097 lulerius
712 4063 812 4112 quoque
835 4057 940 4099 curtem
964 4056 1064 4097 naturae
1088 4045 1246 4107 smaragdum

222 4128 276 4165 ease
311 4116 389 4166 icitur.
