2586 4822
164 793 223 854 lat
606 805 728 857 roratur

160 983 221 1021 curn
244 961 435 1027 anecdotorum
459 960 579 1034 syllogeu
603 961 628 1015 in
653 959 739 1016 lucem
763 960 886 1017 emittere
908 961 1106 1026 constituerim,
1129 979 1176 1019 ra·

161 1050 270 1122 riosquc
293 1049 318 1102 in
342 1047 426 1103 libros
450 1046 526 1101 variis
550 1045 715 1119 principibus
739 1046 800 1102 viris
822 1045 984 1102 dedicandos
1002 1045 1174 1112 distribuere,

161 1132 335 1205 illuil,·rpuod
359 1131 474 1205 primum
498 1139 591 1186 tenere
613 1130 701 1185 locoru
726 1131 812 1194 volui,
834 1131 939 1187 cuinam
964 1132 1054 1204 potius
1077 1149 1175 1189 conse·

160 1236 272 1280 cracem,
296 1233 376 1291 quaro
399 1214 445 1271 tibi
469 1215 622 1271 mortalium
645 1216 764 1270 oiuoium
787 1215 916 1289 dignitate
938 1216 1053 1272 marimo
1077 1227 1104 1273 et
1126 1234 1176 1273 au-

159 1300 305 1362 ctoritate‘l
333 1301 434 1374 ltaque.
459 1317 519 1355 curo
544 1301 608 1355 haec
631 1301 666 1354 ita
681 1300 744 1363 sint,
768 1300 813 1355 tali
829 1300 1006 1364 dedicatione,
1029 1303 1095 1357 satis
1111 1319 1183 1376 pro··

159 1389 222 1445 bato
252 1386 341 1443 officio
369 1403 412 1441 rue
442 1384 515 1456 iungi
544 1383 676 1446 arbitror,
709 1393 735 1439 et
764 1384 828 1441 ttluu
852 1394 878 1440 te
900 1385 927 1442 in
950 1386 1047 1442 honam
1072 1397 1176 1460 partem

159 1482 333 1546 aeccpturuor
357 1470 423 1532 lore,
447 1479 474 1525 et
496 1470 588 1542 aequis
611 1467 696 1525 oculis
720 1470 838 1524 risurum
862 1487 914 1526 non
937 1471 1037 1526 diffido.
1069 1471 1113 1528 Sic
1129 1489 1177 1527 so-

160 1560 275 1632 spitator
298 1556 368 1611 llcus
396 1554 457 1628 plus
485 1554 600 1629 plusqua
629 1565 655 1609 te
684 1555 814 1627 sospitet:
844 1555 882 1610 sic
910 1555 1071 1635 difficillimis
1102 1557 1176 1614 hisee

161 1635 492 1716 tempor-ihusssaugustlor
512 1655 621 1712 semper
643 1638 765 1711 ridearer
785 1639 826 1697 sie
909 1636 957 1707 ‘s'
980 1656 984 1665 “
1021 1702 1025 1709 ,

449 1740 521 1788 Serus
541 1740 563 1788 io
583 1739 676 1788 coelum
695 1739 787 1798 redeas,
805 1739 894 1803 diuque

449 1808 534 1856 Laetus
551 1807 648 1856 laternis
666 1804 754 1869 populu
774 1805 875 1867 Quirini,

161 1907 191 1951 ut
214 1896 256 1951 hic
279 1903 306 1950 et
330 1904 385 1950 tota
409 1894 559 1951 Christiana
582 1893 743 1968 respublica,
768 1905 802 1956 to,
828 1895 870 1949 cui
893 1896 919 1949 io
935 1894 1066 1957 doctrina,
1090 1897 1134 1951 cui
1151 1896 1177 1950 in

162 1982 258 2037 virtute
286 1989 368 2052 atque
396 1979 562 2036 humanitate
591 1980 762 2053 percipienda
792 1979 935 2051 plurimum
964 1996 1073 2053 semper
1095 1980 1178 2036 stualii

161 2066 211 2121 luit
233 2075 260 2120 ct
283 2064 420 2136 temporis,
444 2065 562 2137 auspice,
586 2065 654 2120 duce
670 2074 697 2119 ct
712 2064 842 2137 principe,
867 2064 1018 2137 experiatur
1034 2074 1061 2120 et
1077 2065 1178 2122 sentiat

160 2150 222 2212 diu.
253 2149 310 2204 iure
339 2157 365 2204 et
394 2165 456 2205 rere
476 2165 612 2205 summum
634 2148 709 2206 illum
731 2149 924 2222 philosophum
947 2149 1087 2207 Platonem
1111 2167 1180 2223 pro·

161 2235 309 2297 nuntiasse,
334 2243 389 2289 tum
413 2232 530 2306 denique
551 2233 608 2290 lore
631 2233 722 2290 beatas
744 2233 919 2308 respublicas,
944 2234 965 2289 si
988 2243 1034 2289 aut
1057 2234 1132 2290 ducti
1147 2250 1178 2291 ac

160 2320 296 2392 sapientes
326 2318 448 2385 hommes
477 2335 522 2374 aas
545 2335 641 2392 regare
663 2318 832 2392 coepissent,
862 2329 913 2374 aut
932 2319 948 2375 ii
970 2319 1016 2393 qui
1039 2328 1178 2393 regerent,

160 2421 240 2460 omne
263 2421 341 2459 soum
365 2403 482 2459 studium
505 2404 532 2459 in
555 2404 675 2459 doctrina
694 2421 725 2459 ac
740 2404 869 2476 sapientia
886 2402 1074 2460 collocassent.
1106 2403 1179 2460 llaec

160 2507 221 2564 ego,
245 2499 275 2545 ut
297 2488 345 2545 tibi
368 2487 552 2545 benemereoti
574 2488 704 2550 accidant.
729 2489 779 2543 rite
801 2477 981 2562 adprobaret
1004 2487 1101 2544 libens.

514 2705 826 2715 .--------

464 2886 869 2953 PRAEFATIO.

633 3082 660 3153 a.
683 3080 704 3135 r.

162 3190 190 3253 Sss
208 3194 407 3267 Hieronymum
430 3204 525 3254 testem
544 3182 625 3265 nulia
647 3213 714 3262 esse,
738 3160 812 3268 quoii
828 3195 857 3254 S.
873 3195 1052 3272 Epiphanius
1064 3180 1180 3256 'tiam

239 3281 351 3352 scripsit
374 3280 411 3336 lle
433 3281 546 3355 gemmis
568 3280 612 3337 tlt
637 3280 796 3337 Rationalis
817 3284 918 3362 samsai
939 3282 1095 3338 sacerdotis

568 3365 773 3422 Hebraeorum.

112 3434 183 3485 fosa-
744 3455 746 3461 Α

130 3511 152 3550 tt
247 3501 375 3558 Sanctum
397 3501 584 3575 Epiphanium,
608 3502 789 3567 Constantiae,
813 3519 860 3558 sea
882 3502 1022 3558 Salaminis
1044 3503 1073 3558 in
1089 3501 1189 3576 Cypra*

163 3585 329 3659 episcopum,
352 3587 437 3642 virum
452 3589 573 3643 omniunt
588 3589 716 3643 virtutum
731 3604 840 3660 genere,
857 3597 884 3644 et
899 3586 1040 3660 multiplici
1055 3587 1189 3653 doctrina¹

163 3670 350 3732 clarissimum.
373 3689 451 3728 aerae
467 3672 633 3729 Christianae
655 3671 763 3728 merulo
786 3680 883 3745 quarto
900 3689 1028 3746 magnum
1042 3671 1190 3728 Ecclesiae·

163 3757 279 3812 (laeuae
308 3756 469 3828 praesidium
496 3768 523 3813 et
551 3758 649 3817 docus.
679 3757 777 3812 librum
806 3758 949 3829 querolum
969 3757 1122 3830 scripsisse-
1137 3754 1191 3811 Do·

159 3842 274 3912 penno
296 3840 357 3896 111
377 3841 540 3897 Munatio
566 3844 666 3898 summi
684 3843 848 3898 aaoerdutis
875 3842 1074 3899 Hebraeorum
1089 3841 1192 3899 tesan

163 3935 205 3982 ert
227 3925 305 3983 uobis
327 3926 369 3981 vir
389 3943 493 3983 summa
515 3928 689 3990 alletoritate,
712 3937 740 3983 et
763 3927 908 4000 religione,
932 3935 961 3983 at
980 3925 1043 3991 fide,
1065 3926 1190 3985 &ilie--

163 4029 306 4085 cunyruus,
328 4011 376 4086 qui
398 4011 425 4066 io
446 4010 576 4084 Epistula
598 4013 637 4067 aa
658 4011 821 4076 Fabiolam,
844 4029 859 4066 a
881 4029 949 4086 qua,
973 4019 1003 4068 ut
1022 4012 1061 4068 de
1079 4010 1180 4069 Aaron

160 4098 320 4154 enudatio
341 4105 369 4153 at
390 4096 558 4152 monento
579 4096 728 4162 scateret,
754 4095 917 4170 rogabatur,
939 4105 1084 4172 postquam
1107 4113 1192 4155 nnn--
