2586 4822
114 766 133 825 4
569 777 684 828 tetsttt

112 935 213 992 (ludum
235 933 349 997 animus,
373 933 493 989 omnium
511 930 675 997 llaereseon,
698 949 767 1006 quae
790 932 815 988 in
839 933 890 989 boc
907 932 994 1006 Opere
1010 949 1137 989 comme·

113 1040 267 1097 morantur,
297 1024 335 1086 τὰ
358 1019 561 1108 ἱστορούμενα
583 1030 714 1104 primum,
744 1030 841 1087 deinde
863 1030 1004 1103 opiniones
1028 1047 1060 1086 ac
1082 1031 1137 1087 tlo-

112 1139 202 1205 gmata
224 1128 312 1186 ornnia
335 1136 459 1200 separato
475 1126 567 1183 libello
582 1129 719 1202 persequi,
743 1138 846 1184 etcum
862 1127 903 1191 iis,
927 1144 995 1200 quae
1011 1127 1137 1201 Epipha-

112 1228 173 1283 nius
197 1224 362 1300 perscripsit,
388 1241 457 1299 quae
481 1222 513 1279 ab
536 1223 594 1279 aliis
618 1234 681 1280 sunt
695 1225 820 1282 Patribus
835 1225 964 1298 exposita,
989 1225 1133 1282 conferre:

113 1326 159 1380 sed
183 1324 215 1379 ab
240 1341 272 1379 eo
295 1321 407 1378 consilio
430 1322 551 1377 revocari
574 1321 632 1395 ipse
655 1340 713 1387 me,
744 1323 899 1397 quodcum
922 1323 987 1378 mihi
1008 1322 1135 1379 laborem

37 1474 42 1483 ,
113 1420 266 1478 iamdudum
289 1418 402 1474 aliorum
424 1418 557 1474 industria
579 1418 755 1476 sublevasset.
783 1420 886 1477 Etenim
902 1430 1011 1494 praeter
1025 1431 1136 1478 veteres

113 1519 183 1582 illos,
208 1517 355 1579 lrenaeum,
379 1516 569 1589 Augustinum,
594 1516 775 1582 philastrium,
800 1517 1000 1583 bamasccuum,
1021 1518 1136 1576 Tertul-

113 1616 223 1678 lianum,
243 1613 408 1670 Clementem
423 1612 641 1676 Alexandrinum.
660 1614 865 1688 llieronymum3
888 1631 918 1669 ac
933 1625 1069 1679 caeteros,
1085 1616 1134 1689 qui

63 1746 66 1750 ·
88 1776 93 1783 ‚
114 1723 160 1770 aut
188 1711 221 1768 ‹le
244 1710 407 1769 llaeresibus
420 1709 588 1768 'nominatim
610 1712 793 1786 scripserunt,
821 1721 868 1769 aut
890 1728 981 1769 carum
1004 1714 1033 1768 in
1055 1712 1136 1769 libr‘m

114 1811 171 1868 suis
193 1818 341 1882 utcumque
364 1807 559 1876 meminerunt;
583 1809 748 1865 recentiores
771 1810 873 1883 aliquot
895 1809 989 1866 eodem
1005 1810 1033 1866 iu
1050 1826 1137 1883 argu-

115 1915 207 1975 mento
230 1922 334 1963 summa
356 1922 417 1962 cum
440 1905 519 1961 lauda
541 1917 661 1966 versatos
683 1907 872 1975 memineram
895 1908 1026 1981 imprimis
1042 1915 1136 1963 autem

116 2003 267 2071 Gabrielem
291 2004 452 2067 Prateolum,
476 2012 557 2076 atque
579 2003 790 2061 illustrissimum
812 2021 970 2080 magnorum
988 2003 1135 2060 Annalium

115 2102 293 2160 conditorem.
317 2101 438 2169 Quorum
460 2099 675 2174 illallaereseon
690 2103 809 2159 omnium
824 2102 1070 2159 luculentissimum
1086 2119 1134 2158 ca-

117 2202 235 2273 talogum
258 2197 365 2254 literato
388 2197 482 2254 ordine
505 2199 657 2265 conteruit,
682 2199 724 2256 bic
747 2201 773 2255 in
796 2200 942 2256 Annalibus
965 2217 1017 2256 suo
1036 2217 1134 2275 quam·

115 2316 169 2372 que
198 2306 320 2370 tempore
347 2295 531 2369 consignatam
559 2295 681 2369 reliquit:
711 2306 827 2372 uterquc
856 2314 909 2354 uno
932 2298 960 2353 iu
982 2308 1132 2372 conspectu

86 2413 185 2469 ,quac
208 2394 278 2468 apurl
302 2394 411 2450 Veteres
433 2392 493 2448 illos
516 2393 637 2466 dispersa
671 2403 747 2451 erant
776 2412 806 2451 ac
828 2395 955 2469 dissipata
978 2396 1129 2469 proposuit

117 2493 171 2548 llac
193 2490 276 2565 igitur
297 2507 362 2546 eura
383 2498 411 2545 et
433 2489 596 2563 cogitatione
618 2491 733 2556 solutus,
762 2487 834 2548 bun'c
856 2510 939 2548 uuum
964 2493 996 2549 ad
1020 2507 1128 2566 scopum

116 2589 314 2648 commentandi
336 2586 456 2644 laborem
478 2586 559 2644 istum
583 2589 736 2657 conlcram;
759 2599 789 2644 ut
811 2591 857 2664 qui
879 2591 972 2647 Latine
996 2591 1058 2655 iam,
1081 2591 1123 2645 boc

116 2678 158 2744 est
179 2685 277 2751 minus,
302 2694 332 2742 ut
354 2701 444 2759 spero,
467 2682 581 2742 barbare
604 2686 694 2742 studio
709 2698 803 2746 nostro
819 2687 939 2760 loquitur
955 2689 1119 2764 Epiphanius,

116 2784 186 2841 idem
208 2782 284 2840 Notis
306 2784 364 2840 istis
388 2792 415 2839 et
437 2783 717 2841 Animadversionibus
740 2803 791 2863 qua
815 2787 971 2861 castigatus,
995 2804 1049 2863 qua
1070 2787 1118 2843 illu·

116 2882 198 2938 strior
219 2880 315 2945 lactus,
339 2878 454 2936 dilucide
477 2891 558 2955 atquc
581 2881 763 2956 intelligenter
785 2882 809 2939 tu
828 2883 915 2950 laciat,
939 2886 1015 2943 omni
1030 2885 1117 2943 obscu-

116 2979 194 3033 ritate
217 2977 333 3033 detersa.
