2586 4822
203 836 242 899 16
594 849 815 900 mammo?

198 997 324 1085 μητρός
351 997 528 1079 ἐξωσθεὶς,
558 999 612 1087 ἔτη
643 994 736 1066 ὀκτώ.
781 999 992 1082 Πτολεμαῖος
1015 992 1032 1062 ὅ
1055 996 1221 1075 Διόνυσος

201 1096 255 1184 ἔτη
278 1094 453 1181 τριάκοντα
473 1100 527 1163 καί
551 1097 594 1164 ἔν.
627 1095 827 1180 Κλεοπάτρα
841 1098 1054 1179 Πτολεμαίου
1071 1094 1219 1181 θυγάτηρ

201 1191 255 1281 ἐτη
278 1193 454 1278 τριάκοντα
477 1195 535 1261 δύο
543 1244 552 1273 ,
575 1190 647 1281 ἥτις
666 1189 852 1280 Ἀντωνίνῳ
875 1192 1030 1279 συνηῳθη
1053 1195 1100 1279 τῷ
1121 1198 1221 1277 βασι-

200 1291 252 1358 λεί
270 1285 439 1379 Ὀκταβίῳ.
471 1287 553 1374 ὁμοῦ
583 1284 653 1356 άπὸ
679 1294 738 1357 τοῦ
769 1290 904 1374 πρώτου
926 1291 1137 1373 Πτολεμαίου
1160 1291 1219 1356 τοῦ

175 1388 272 1457 δαλοῦ
294 1387 414 1474 Λάγου
435 1394 530 1474 μέχρι
553 1387 770 1473 Κλεοπάτρας
792 1386 847 1473 ἔτη
869 1387 1043 1472 τριακόσια
1065 1388 1108 1468 ἔξ.
1149 1381 1220 1453 άτιό

200 1487 236 1552 δέ
259 1485 401 1571 ἑβδόμου
424 1487 517 1564 ἔτους
541 1488 750 1570 Πτολεμαίου
772 1487 830 1550 τοῦ
855 1484 1080 1572 Φιλαδέλφου,
1103 1480 1154 1571 ἐφ’
1180 1471 1246 1550 οόο

198 1587 246 1670 τῳ
275 1577 365 1668 αύτῷ
394 1583 459 1651 ἔτει
488 1584 520 1650 ολ
549 1580 853 1670 ἑβδομηκονταδύο
876 1577 1095 1670 ἡρμήνεσσαν,
1124 1587 1221 1666 μέχρι

199 1681 418 1764 Κλεοπάτρας
445 1680 599 1749 διακόσια
625 1679 870 1765 τεσσαράκοντα
892 1680 993 1747 ἐννία.
1038 1682 1093 1746 καί
1116 1677 1221 1745 ἐπαύ-

200 1800 301 1847 σαντο
324 1779 519 1865 οίΛαγίδαι
540 1779 727 1863 βασιλεύειν
751 1778 783 1844 οἱ
806 1772 875 1843 άπὸ
897 1776 1087 1862 τοῦΛάγου
1104 1777 1221 1863 δηλον-

162 1892 191 1942 w
199 1874 253 1942 ότι
279 1875 495 1961 καταγόμενοι
522 1877 744 1959 Πτολεμαῖοι,
776 1872 812 1953 ὃς
841 1872 982 1941 ἱππικόν
1012 1873 1046 1942 ἐν
1064 1870 1222 1954 Ἀλεξάν-

199 1973 293 2061 δρείρ
315 1972 561 2052 κατασκευάσας
582 1973 715 2059 Λάγιον
738 1967 918 2057 ὠνόμασεν.

288 2077 334 2139 13.
364 2065 449 2137 Elea
469 2072 620 2156 βασιλεῖς
635 2067 809 2156 Ῥωμαίων.

283 2165 481 2254 Αύγουστος
508 2168 562 2255 ἔτη
586 2167 644 2249 ις’.
683 2159 813 2246 οὗτινος
841 2166 943 2253 ἐντῷ
965 2168 1219 2253 τεσσαρακοστῷ

199 2267 339 2353 δευτέρῳ
363 2269 429 2334 ἔτει
452 2262 469 2331 ό
487 2267 598 2350 κύριος
612 2262 704 2354 ἡμῶν
718 2260 839 2352 Ἰησοῦς
853 2262 1001 2350 λριστός
1015 2262 1099 2330 κατὰ
1114 2261 1221 2348 σάρκα

162 2370 374 2451 ιιγεγένηται.
409 2369 561 2450 Τιβέριος
584 2363 638 2451 ἔτη
661 2363 717 2450 κγ’,
742 2351 781 2429 ού
802 2366 849 2449 τῷ
869 2357 1135 2448 ὀκτωκαιδεκάτῳ
1151 2361 1246 2429 bruc

198 2458 217 2529 ό
238 2460 387 2549 Χριστὸς
409 2460 622 2545 ἐσταύρωται.
652 2468 683 2527 Γ
681 2461 755 2540 άῑος
777 2460 831 2546 ἔτη
846 2459 884 2547 γ’,
907 2463 1012 2546 μῆνας
1025 2457 1073 2538 θ’,
1096 2456 1221 2544 ἡμέρας

197 2559 263 2628 ιβ’.
308 2558 475 2640 Κλαύδιος
504 2560 558 2646 ἐτη
588 2558 639 2645 ιγ’,
670 2562 775 2647 μῆνας
808 2557 866 2625 δύο
895 2552 973 2641 παρ’
998 2553 1120 2643 ἡμέρας
1148 2556 1219 2623 δύο.

198 2664 314 2743 Νέρων
338 2658 392 2745 ἔτη
416 2657 466 2744 ιγ’,
489 2661 594 2743 μῆνας
617 2657 652 2738 ζ,
675 2653 798 2745 ἡμέρας
819 2655 875 2737 κζ.
905 2654 1038 2739 Γάλβας
1058 2658 1164 2741 μῆνας
1181 2654 1219 2736 ζ,

197 2750 320 2842 ἡμέρας
341 2756 399 2836 κς’.
424 2755 538 2823 Ὄθων
559 2758 665 2842 μῆνας
686 2753 725 2840 γ’,
751 2749 874 2841 ἡμέρας
897 2752 931 2821 ε’.
961 2753 1135 2830 Βιτέλλιος
1156 2756 1220 2838 μῆ-

158 2867 257 2930 ιονας
286 2850 338 2939 ιη’,
368 2848 491 2939 ἡμέρας
519 2851 573 2936 ιβ.
616 2847 871 2930 Οὐεσπασιανός
899 2851 953 2938 ἔτη
977 2849 1023 2930 θ’,
1051 2854 1158 2936 μῆνας
1179 2849 1218 2931 ζ,

197 2943 320 3036 ἡμέρας
342 2949 395 3033 ιβ.
431 2958 531 3026 Τῖτος
553 2948 606 3035 ἔτη
630 2950 699 3029 δύο,
722 2952 827 3037 μῆνας
850 2947 918 3028 δύο,
940 2944 1063 3036 ἡμέρας
1082 2947 1150 3015 δύο.
1182 2947 1218 3014 ἐν

196 3045 304 3132 τούτῳ
325 3049 372 3132 τῷ
392 3045 498 3131 χρόνῳ
514 3051 643 3131 γέγονεν
658 3043 677 3134 ἦ
694 3046 857 3133 ἐρήμωσις
869 3042 1110 3132 Ἱεροσολύμων,
1133 3044 1246 3128 unito

198 3142 372 3231 ἑξηκοστόν
400 3151 555 3228 πέμπτον
578 3142 651 3222 ἔτος
672 3147 730 3231 τῆς
751 3147 901 3229 Χριστοῦ
924 3142 1141 3229 σταυρώσιως
1162 3142 1220 3210 καὶ

197 3236 320 3328 ἡμέρας
340 3243 441 3321 τινάς.
486 3241 693 3323 Δομετιανός
715 3240 769 3328 ἐτη
793 3240 842 3320 ιε’,
864 3245 970 3329 μῆνας
992 3240 1026 3308 ε’.
1067 3240 1219 3325 Νερούας

158 3339 271 3418 Μ’τος
294 3343 336 3418 ἔν,
359 3343 464 3428 μῆνας
479 3339 518 3406 δ’.
551 3339 714 3423 Τραϊανός
738 3337 791 3424 ἔτη
809 3337 868 3405 ιβ’.
895 3333 1070 3422 Ἀδριανός
1085 3338 1139 3423 ἔτη
1155 3336 1218 3416 κα’,

198 3425 328 3515 οὗτινος
349 3440 396 3524 τῷ
420 3435 593 3522 δωδεκάτῳ
616 3437 682 3503 ἔτει
693 3431 832 3515 Ἀκύλας
848 3436 1047 3523 ἐγνωρίζετο.
1074 3430 1144 3503 άπὸ
1159 3425 1220 3503 οὖν

198 3529 396 3620 Αὐγούστου
420 3535 482 3613 ἔως
494 3528 670 3616 Ἀδριανοῦ
694 3535 748 3621 ἔτη
764 3534 832 3619 ριι’,
854 3532 996 3620 μῆνεςδ
1019 3532 1114 3618 παρὰ
1139 3530 1221 3619 ἦμέ-

197 3657 258 3719 ρας
270 3631 316 3711 θ’,
340 3628 385 3711 ιῖς
402 3627 486 3700 εἶναι
505 3627 573 3698 dno*
591 3635 649 3697 τοῦ
662 3631 781 3716 χρόνου
792 3635 850 3719 τῆς
861 3632 1033 3719 ἑρμηνείας
1045 3634 1111 3697 τῶν
1122 3631 1220 3715 ἐβδο-

197 3729 343 3818 μήκοντα
370 3729 428 3795 δύο
457 3730 660 3815 ἕρμηνευτῶν
690 3730 752 3807 ἔως
770 3722 892 3796 Ἀκύλσ
918 3732 977 3794 τοῦ
1008 3729 1217 3814 ἐρμηνευτοῦ,

159 3825 295 3915 τιοῆγουν
318 3827 380 3905 ἕως
402 3827 586 3895 δωδεκάτου
609 3827 701 3906 ἔτους
720 3822 905 3912 Ἀδριανοῦ,
930 3827 984 3914 ἔτη
1008 3825 1054 3893 υλ’
1078 3831 1133 3893 καί
1153 3829 1272 3914 μῆ-ιτο

198 3951 257 4005 νας
279 3924 317 3991 δ’.

285 4030 333 4089 14.
369 4011 475 4100 Οὗτος
497 4022 533 4087 δὲ
556 4016 573 4086 ό
593 4016 768 4106 Ἀδριανός
790 4023 956 4109 λωβηθεὶς
977 4046 1016 4087 το
1033 4024 1139 4106 σῶμα,
1156 4026 1220 4089 καί

196 4121 493 4206 μεταστειλάμενος
515 4114 606 4187 άιιαν
621 4118 659 4185 τό
675 4121 810 4206 πλῆθος
820 4122 886 4187 τῶν
896 4114 964 4187 ύιτό
975 4118 1033 4212 τὴν
1043 4122 1220 4205 βασιλείαν
