2586 4822
396 841 436 892 ne
453 841 605 894 aerisonis
623 841 661 892 m
679 837 877 893 emeramus,
948 893 951 900 ,
1097 830 1143 892 --tr

131 995 264 1076 porpelrer
287 999 457 1056 conciliatur.
487 999 604 1072 Propter
625 1014 705 1054 unam
721 995 890 1072 Cleopatram
913 999 1000 1056 solido
1015 1000 1149 1058 decennio

130 1088 212 1141 maior
234 1094 278 1141 est
300 1084 442 1159 Epiplranii
465 1101 603 1140 notuerus.
640 1083 704 1139 Nam
728 1094 882 1157 postremae
905 1084 942 1140 illi
965 1087 1073 1160 reginae
1097 1087 1148 1143 tri-

129 1172 185 1227 huit
214 1187 304 1226 anuos
327 1171 365 1228 32
396 1169 524 1225 adversus
552 1168 718 1242 reliquorum
748 1171 868 1225 omnium
890 1184 1063 1226 eonsensum.
1109 1173 1147 1228 lta

128 1257 194 1311 tiurrt
222 1256 288 1310 anni
314 1254 348 1310 ah
375 1255 452 1310 initio
476 1253 622 1311 Ptolemaei
645 1253 760 1326 lagidae
786 1255 818 1309 ad
840 1253 965 1311 ultimum
988 1255 1150 1328 Cleopatrae
1170 1284 1182 1295 ··

129 1344 197 1404 306,
222 1357 285 1395 eum
307 1340 380 1413 apud
395 1338 540 1395 Eusebium
555 1339 664 1394 nonnisi
678 1340 738 1395 296
761 1349 948 1396 numerentur.
980 1341 1030 1410 Qui
1046 1342 1148 1413 etipse

128 1437 214 1482 tamen
239 1425 342 1498 aliquot
364 1425 441 1480 annis
464 1424 604 1481 redundat.
635 1423 793 1496 lepidorum
817 1425 922 1480 initium
937 1440 1009 1481 anno
1025 1427 1147 1499 proximo

129 1521 189 1583 post
211 1510 354 1566 Alexandri
378 1519 493 1566 mortem
516 1509 543 1565 iu
566 1514 688 1583 Aegypto
712 1510 840 1582 contigit,
870 1520 900 1566 ut
923 1520 964 1566 est
987 1509 1014 1567 in
1037 1509 1146 1567 Ensehii

129 1598 273 1651 Chronico.
305 1594 363 1651 lloe
386 1603 428 1651 est
449 1595 554 1668 Olymp.
569 1597 624 1652 114
647 1610 718 1650 anno
741 1595 876 1658 seeundo,
900 1596 1006 1651 Periodi
1029 1596 1147 1652 lrrlianae

127 1684 217 1739 4391.
260 1680 326 1736 Nam
348 1681 489 1753 superiore
512 1689 637 1735 mortuus
660 1688 702 1735 est
724 1679 882 1735 Alexander.
926 1679 966 1734 Ah
990 1682 1041 1736 hoe
1064 1682 1147 1754 igitur

126 1784 194 1822 anno
222 1765 257 1821 ad
284 1764 409 1821 ultimum
432 1765 605 1838 Cleopatrae,
634 1764 680 1839 qui
708 1773 750 1821 est
772 1765 854 1821 lullae
876 1765 1002 1820 editionis
1024 1765 1145 1823 decimus

126 1862 227 1914 sextus,
253 1849 331 1906 Urbis
354 1867 386 1906 err
398 1850 558 1906 Varroniano
582 1850 686 1905 ratione
704 1851 773 1914 tat,
798 1849 903 1905 Periodi
920 1850 1035 1906 lrrlianae
1051 1853 1144 1914 4684,

126 1954 176 1991 ron
203 1936 297 2009 plures
321 1945 386 1991 suut
407 1951 491 2009 quam
510 1935 573 1990 anni
589 1936 660 1992 294.
691 1934 753 1990 loeo
776 1935 865 1990 verior
886 1945 928 1990 est
951 1935 1065 1991 tortasse
1083 1935 1144 1991 libri

125 2024 201 2094 primr
224 2019 372 2076 Ettselriaui
393 2019 578 2092 ehronologia.
610 2018 663 2075 Sed
686 2030 716 2076 ut
738 2019 771 2075 de
795 2019 1009 2076 Ptolemaeorum
1032 2037 1093 2076 aera
1117 2031 1144 2077 et

123 2108 197 2162 initio
220 2107 324 2162 certius
345 2105 447 2180 aliquid
467 2106 675 2178 aeeuratimque
697 2105 903 2169 constituamus,
928 2106 1034 2161 tametsi
1051 2105 1144 2163 Ptole-

124 2208 214 2246 maeus
238 2190 304 2264 Lagi
325 2191 414 2247 statim
438 2198 501 2264 port
522 2190 664 2245 Alexandri
686 2189 720 2245 hl.
743 2205 838 2246 necem
861 2191 1011 2264 Aegyptum
1035 2201 1061 2247 et
1079 2191 1144 2247 Ale·

124 2278 259 2332 randriarn
288 2275 450 2338 obtinuerit,
480 2285 570 2331 tamen
593 2274 697 2347 regium
720 2291 819 2330 omnen
842 2290 896 2331 oon
918 2277 1058 2348 usurpavit
1080 2287 1144 2332 ante

123 2379 221 2416 annum
245 2360 302 2416 lere
324 2369 387 2434 post
408 2360 550 2417 Alexandri
572 2368 687 2417 mortem
705 2359 838 2415 decimum
855 2361 1009 2434 septimum,
1033 2362 1085 2417 hoe
1099 2372 1141 2418 εει

123 2447 226 2519 olymp.
242 2451 250 2502 l
264 2450 298 2502 lh
328 2445 494 2509 secundum:
525 2445 634 2517 quando
657 2444 809 2500 Demetrius
832 2444 998 2501 Poliorcetes
1022 2445 1143 2502 llenelao

123 2530 269 2587 Ptolemaei
296 2530 364 2586 duee
393 2529 477 2585 navali
505 2530 608 2603 proelio
636 2539 766 2602 snperato
788 2530 842 2585 ilex
871 2540 912 2586 est
941 2531 1056 2602 primum
1080 2546 1141 2586 eum

124 2618 261 2689 Antigono
283 2624 359 2688 patre
382 2614 525 2670 salutatus.
555 2614 641 2670 lloirta
664 2615 734 2669 enim
752 2615 876 2687 erernplo
891 2615 1062 2670 Ptolemaeus
1078 2615 1141 2688 Lagi

123 2700 148 2756 F.
176 2718 210 2757 ae
240 2700 337 2774 reliqui
364 2716 539 2755 successores
561 2698 702 2754 Alexandri
726 2699 814 2770 heqer
835 2699 963 2772 appellati
986 2699 1140 2762 voluerunt,

124 2786 187 2841 oria
211 2801 312 2840 annum
337 2784 442 2840 Periodi
466 2785 582 2840 lullanae
605 2787 698 2841 4407.
728 2784 806 2852 Quod
830 2801 861 2839 or
884 2785 1000 2840 Diodoro
1024 2794 1140 2840 constat.

123 2869 299 2927 Nihilominus
322 2869 469 2927 Ptolemaei
491 2870 596 2943 primus
617 2885 705 2924 aurius
727 2868 760 2924 ah
783 2885 817 2925 eo
840 2871 913 2943 ipso,
937 2887 992 2942 quo
1015 2879 1140 2926 mortuus

124 2966 159 3010 est
174 2949 336 3026 Alexander,
360 2955 494 3010 nunrerari
518 2954 632 3010 ridetur.
662 2952 727 3009 Nam
750 2957 790 3011 to
813 2972 899 3011 annos
920 2970 1050 3028 regnasse
1072 2955 1140 3012 diei-

124 3049 172 3103 tur,
197 3041 245 3114 qui
268 3041 296 3095 in
317 3056 417 3095 annum
441 3039 549 3094 Periodi
564 3030 681 3095 lullanae
698 3041 781 3097 4429
805 3041 941 3103 desinunt,
964 3057 979 3095 a
1001 3056 1056 3114 quo
1073 3040 1139 3097 Pto*

123 3125 212 3181 lemaei
235 3124 406 3197 Philadelphi
434 3124 525 3197 eoepit
546 3124 700 3196 imperium.
744 3123 849 3181 Etenim
872 3124 989 3198 llionysii
1013 3125 1139 3183 molestis

123 3226 186 3269 aera,
211 3212 290 3266 euius
312 3211 434 3266 meminit
456 3209 559 3284 aliquot
582 3210 608 3264 in
631 3209 697 3264 loeis
721 3209 901 3272 Ptolemaeus,
925 3209 959 3266 olr
982 3211 1057 3266 initio
1074 3210 1139 3266 Phi·

124 3294 234 3368 ladelphi
257 3295 351 3351 iniisse
372 3294 468 3351 fertur.
500 3293 535 3349 lla
559 3310 622 3350 rere
645 3295 735 3367 eoepit
757 3311 829 3349 anno
851 3310 932 3367 qoem
954 3293 1069 3351 diximus
1086 3295 1139 3353 Pe·

123 3381 182 3435 riodi
205 3380 325 3436 lrrlianae
348 3381 441 3438 4429.
484 3378 560 3435 Unde
582 3395 696 3436 neeesse
718 3389 760 3435 est
782 3380 899 3452 primum
921 3395 936 3435 a
958 3380 1138 3454 quadragenis

122 3467 192 3520 annis
214 3465 363 3522 Ptolemaei
386 3464 501 3537 Lepidae
529 3465 674 3520 eorrenire
696 3464 757 3519 Per.
781 3464 830 3521 lul.
860 3480 932 3520 anno
961 3466 1060 3528 4390,
1092 3465 1138 3538 qui
1211 3515 1213 3518 .

122 3561 158 3606 est
186 3550 235 3607 ille
265 3551 400 3626 ipseque
423 3560 549 3606 mortuus
571 3559 613 3606 est
635 3549 793 3605 Alexander.
838 3550 893 3605 lliri
914 3548 979 3605 illud
1003 3559 1137 3611 ooeurrat,

120 3635 352 3710 quandoquidem,
381 3645 411 3691 rrt
439 3634 521 3708 paulo
550 3643 612 3690 ante
640 3634 797 3696 docuimus.
828 3634 998 3690 Ptolemaeos
1021 3636 1084 3708 Lupi
1107 3635 1137 3690 ll.

119 3723 186 3777 tirus
209 3721 300 3776 adhue
322 3721 465 3793 imperium
488 3719 516 3774 io
538 3718 742 3792 Philadelphum
766 3720 849 3777 illium
873 3719 1021 3783 transtulit,
1049 3720 1138 3793 priva·

117 3815 227 3879 tumque
249 3822 281 3861 se
304 3804 383 3870 feeit,
405 3815 436 3861 ot
458 3803 577 3860 lustinus
600 3805 712 3869 arserit;
736 3822 836 3861 annum
859 3805 966 3880 philem
990 3803 1137 3861 Ptolemaei

115 3889 285 3964 Philadelphi
318 3891 433 3963 primum
463 3905 524 3945 ease
551 3889 668 3945 lullanae
691 3888 797 3946 Periooi
822 3893 913 3954 4429,
944 3890 991 3945 sed
1020 3890 1136 3945 enodem

112 3975 225 4050 lagidae
250 3975 398 4032 Ptolemaei
420 3975 551 4031 duntaxat
572 3974 738 4031 tricesimum
754 3991 867 4040 nonum,
890 3976 957 4030 adeo
972 3983 1005 4030 ut
1018 3973 1137 4047 quadra-

110 4065 246 4134 gesimus,
275 4077 331 4133 quo
361 4059 482 4133 privatus
509 4059 554 4114 ille
576 4059 655 4122 vixit,
684 4057 786 4134 quiqrae
808 4060 975 4132 Philadelphi
999 4059 1137 4115 secundus

110 4159 156 4213 eat,
181 4163 274 4221 regno
294 4145 369 4202 illius
391 4143 567 4203 nihilominus
596 4145 746 4219 imputatus
767 4147 857 4202 luerit.
886 4145 938 4201 -lta
960 4144 1136 4218 proximos·
