2586 4822
165 818 205 883 {18
427 880 430 885 ,
469 833 582 885 renutu
601 830 882 883 nurunornusroues

160 989 315 1049 ‚bemonstn
334 990 420 1053 nte.
458 989 652 1062 Hieronymus,
681 987 795 1061 aliique,
824 1003 894 1059 qnos
916 987 996 1051 citet,
1025 1001 1057 1042 ac
1080 985 1179 1045 relellit

161 1074 281 1147 Scaliger
308 1074 340 1130 ad
363 1091 462 1131 annum
481 1073 590 1131 Ensebii
612 1075 704 1131 2140.
750 1071 822 1129 Hanc
845 1089 908 1127 vero
928 1069 1074 1128 secundam
1098 1070 1177 1129 Urbis

161 1159 338 1216 calamitatem
361 1159 441 1215 iidem
463 1159 500 1215 illi
523 1166 585 1232 post
608 1157 740 1214 iudaicam
760 1157 830 1214 illam
846 1156 1005 1213 seditionem
1021 1172 1035 1211 a
1053 1155 1179 1213 Cochobn

161 1243 314 1309 enodatam,
337 1245 508 1316 eundemque
531 1251 655 1305 necatum
678 1242 804 1298 incidisse
827 1249 986 1303 memorant,
1010 1257 1040 1296 ae
1057 1249 1114 1297 tum
1129 1240 1181 1298 de-

162 1346 233 1385 inum
257 1345 349 1385 eversa
372 1329 481 1401 penitus
503 1327 580 1392 urbe,
604 1327 703 1383 Aeliam
727 1344 759 1383 er
783 1328 840 1382 eius
863 1326 947 1382 ruinis
970 1326 1123 1382 excitatam.
1168 1366 1171 1372 ·

246 1414 302 1486 Ego
324 1431 387 1470 vero
409 1413 486 1468 bioni
508 1429 620 1485 prorsus
643 1413 785 1476 assentior,
812 1413 857 1486 qui
879 1410 978 1467 Aeliam
1002 1420 1064 1467 ante
1086 1412 1178 1468 ludai-

161 1516 223 1555 oum
253 1498 326 1555 illum
356 1507 461 1554 motum
485 1497 517 1553 ab
540 1497 656 1553 Adriano
679 1497 814 1553 conditam
837 1496 966 1561 affirmat,
996 1495 1074 1552 ouius
1097 1497 1178 1555 etiam

160 1583 304 1640 occasione
325 1582 472 1640 rebellasse
495 1583 607 1638 ludaeos
631 1582 727 1646 refert,
758 1599 819 1638 cnm
842 1582 869 1637 in
891 1598 922 1637 ea
945 1581 1014 1637 loris
1037 1581 1182 1654 Capitolini

162 1668 302 1740 l'emplnm
318 1668 489 1725 extruxisset.
520 1668 574 1724 Nec
587 1667 652 1723 illud
667 1667 818 1740 approbare
834 1682 955 1740 possum,
973 1665 1089 1722 mediam
1105 1666 1181 1724 urbis

162 1762 264 1826 partem
288 1754 370 1827 priori
392 1753 429 1808 illi
451 1753 518 1810 clndi
534 1752 708 1826 superstitem
724 1752 816 1808 luisse.
846 1752 905 1807 Non
921 1760 1009 1808 temen
1022 1752 1182 1824 negandum

162 1846 213 1903 est,
237 1838 301 1913 quin
325 1855 421 1912 parrae
444 1837 575 1913 quaedam
597 1837 726 1912 reliquiae
749 1838 781 1893 ad
803 1837 910 1893 Adriani
935 1844 1055 1910 tempora
1079 1837 1183 1910 persti-

162 1924 254 1986 terint,
277 1924 350 1997 quod
373 1923 483 1978 nimium
507 1923 656 1996 praefracte
679 1923 741 1978 lacit
763 1922 891 1994 Scaliger.
936 1922 987 1990 Qui
1011 1930 1038 1977 et
1060 1921 1183 1995 Epipha-

162 2009 236 2065 nium
259 2003 405 2080 redarguit,
429 2008 502 2083 quod
524 2008 642 2064 aedilicio
665 2008 768 2080 aliquot
790 2016 818 2063 et
837 2006 992 2079 Synagogas
1015 2023 1077 2061 cnm
1102 2006 1183 2063 curi-

163 2093 312 2148 stianorum
335 2093 442 2166 tempbs
464 2093 596 2149 restitisse
619 2092 698 2149 diest.
729 2091 793 2147 llam
817 2091 882 2147 illud
899 2092 997 2147 Christi
1013 2091 1119 2147 Domini
1135 2109 1183 2149 va·

163 2177 283 2234 ticinium
311 2177 438 2250 opponit:
468 2177 533 2234 Non
554 2177 678 2233 innubit
699 2178 775 2248 lupia
797 2193 883 2248 super
905 2178 1036 2249 lapidem.
1082 2176 1181 2233 Verum

162 2262 295 2334 Iosephus
311 2262 375 2334 ipse
399 2266 426 2327 l,
441 2264 475 2321 18
500 2273 589 2319 turres
612 2280 625 2317 a
649 2261 709 2316 tiro
734 2271 789 2317 tres
811 2262 920 2317 relictas
937 2278 999 2317 cum
1015 2261 1187 2319 occidentali

162 2348 233 2402 muri
255 2356 332 2420 porte
353 2346 456 2412 scribit,
481 2356 510 2403 ut
533 2364 563 2403 ea
586 2347 659 2402 velut
680 2355 768 2402 eastre
783 2347 963 2419 praesidiariis
979 2355 1082 2403 essent.
1107 2346 1183 2403 Unde

162 2449 216 2488 non
240 2441 292 2488 tum
316 2432 401 2505 rigide
423 2431 503 2489 rerba
526 2432 569 2489 illa
589 2431 688 2489 Christi
711 2431 864 2505 accipienda
887 2431 1019 2495 videntur,
1044 2430 1118 2487 nulla
1142 2441 1183 2497 ut,

162 2518 241 2575 eham
271 2517 381 2590 exigua,
411 2535 473 2592 pars
504 2515 579 2573 urbis
602 2517 777 2581 remanserit,
808 2516 856 2572 sed
879 2525 910 2572 nt
931 2516 1025 2572 maiori
1048 2533 1080 2572 ex
1104 2526 1185 2589 porte

162 2602 221 2660 solo
248 2612 362 2678 aequata
392 2611 419 2659 et
444 2602 612 2676 complanata
634 2602 730 2667 luerit,
761 2610 808 2658 aut
828 2601 899 2657 illins
922 2612 995 2657 certe
1017 2599 1184 2675 prophetiae

162 2688 249 2744 exitus
271 2688 379 2744 Adriani
401 2705 511 2762 quoque
534 2696 656 2760 tempora
679 2687 877 2760 complectitur.
908 2685 1090 2754 Quamobrem
1113 2704 1185 2761 pau-

162 2772 235 2829 latim
257 2772 362 2836 accidit,
387 2781 417 2828 ut
439 2773 536 2846 partim
551 2772 650 2836 ludaei,
674 2773 770 2844 partim
788 2771 932 2827 Christiani
955 2771 1010 2827 sire
1033 2773 1059 2827 in
1082 2790 1186 2845 snper·

112 2857 226 2912 eessrtre
253 2856 297 2910 illa
325 2847 400 2911 urbis
428 2866 519 2929 perte,
550 2857 653 2912 sivein
677 2857 829 2928 propinquo
851 2856 942 2931 aliquo
965 2857 1025 2913 loeo
1048 2858 1185 2915 domicilia

162 2939 328 2996 collocarint.
374 2939 448 3008 Quae
477 2940 565 2995 omnia
594 2957 647 2996 una
673 2950 736 2998 'cnm
765 2941 902 2997 veteribus
930 2941 1182 3014 Hierosolymorum

162 3024 281 3097 reliquiis
297 3023 429 3079 Adrianus
451 3024 595 3080 demolitus
619 3033 661 3080 est
682 3041 714 3081 ac
735 3042 829 3082 novam
853 3026 1067 3082 alundamentis
1083 3025 1182 3084 urbem

100 3176 103 3181 Ι
161 3109 290 3173 extrusit,
315 3126 368 3165 non
392 3118 482 3165 tamen
506 3109 599 3165 iisdem
620 3110 648 3166 in
672 3110 804 3183 vestigiis,
829 3110 927 3184 quibus
950 3112 1024 3184 prior
1045 3111 1183 3168 constite-

161 3203 217 3259 rat,
240 3195 310 3258 sed,
343 3202 372 3249 ut
402 3193 428 3249 in
457 3193 565 3250 urbium
587 3195 783 3251 instauratione
806 3196 913 3268 saepius
937 3196 1076 3260 usuvenit,
1106 3196 1183 3255 hand

161 3279 255 3352 prooul
278 3296 292 3334 a
314 3280 397 3336 veteri
421 3279 496 3336 sede.
525 3279 593 3336 llino
616 3280 752 3354 estquod
776 3280 891 3337 Hilarius
914 3281 940 3336 in
963 3280 1133 3339 Psalm.131
1154 3292 1184 3340 et

165 3366 233 3422 146.
277 3365 438 3423 Athanasius
466 3364 512 3421 lib.
541 3366 574 3422 de
602 3366 706 3421 lucarn.
730 3364 809 3421 Verbi
839 3374 867 3421 et
894 3365 937 3421 alii
966 3365 1073 3439 quidem
1102 3367 1182 3425 aiunt

160 3447 344 3521 Hierosolyma
366 3468 415 3508 suo
438 3461 561 3524 tempore
583 3468 637 3506 non
660 3450 790 3506 extitisse.
820 3451 884 3506 llam
907 3451 979 3524 quod
1002 3468 1056 3506 non
1081 3452 1179 3509 eodem

161 3533 230 3596 loeo,
254 3533 299 3588 ubi
322 3535 396 3607 prior
417 3537 468 3591 sita
490 3536 586 3600 luerat,
611 3552 676 3591 nova
701 3544 774 3590 esset
796 3535 828 3590 nh
844 3536 959 3591 Adriano
983 3536 1103 3601 eondita,
1126 3554 1179 3595 ne·

160 3627 258 3690 parunt
280 3618 340 3675 ideo
363 3620 547 3694 Hierosolyma
569 3637 723 3693 superesse.
753 3619 844 3676 llilarii
866 3619 947 3676 verba
970 3621 1114 3693 diligenter
1134 3632 1181 3680 at-

163 3702 294 3760 tendenda
324 3713 401 3761 sunt:
431 3705 488 3762 Sed
513 3706 596 3762 hodie
624 3707 740 3761 eandm
767 3707 876 3762 uellam
904 3722 964 3761 esse
991 3723 1088 3762 rerum
1109 3709 1180 3781 fides

161 3789 262 3844 edocet.
292 3788 419 3854 blandem,
442 3791 538 3863 inquit,
561 3789 661 3845 nullum
684 3806 753 3853 esse,
777 3790 850 3862 quod
872 3807 886 3849 e
909 3790 993 3847 veteri
1016 3793 1081 3849 sede
1104 3800 1180 3851 esset

160 3873 296 3948 aliquanto
319 3872 421 3930 dissita.
466 3875 547 3931 laver
569 3875 631 3930 huic
653 3875 870 3947 interpretationi
893 3876 1042 3948 Gregorius
1064 3876 1179 3951 Hagnns

161 3958 272 4015 llomilia
297 3959 351 4023 39,
381 3958 428 4014 nbi
458 3959 524 4016 haec
552 3959 644 4015 eadem
668 3959 772 4016 llomini
795 3960 876 4017 verba
898 3961 937 4017 sic
960 3962 1085 4033 exponit:
1113 3963 1178 4020 Hoc

159 4058 266 4116 qunque
287 4045 361 4117 quod
380 4043 504 4109 additor,
535 4044 592 4100 Non
616 4044 770 4117 relinquent
791 4047 818 4102 in
841 4055 868 4102 te
889 4046 1005 4119 lapidem
1027 4063 1114 4120 super
1134 4046 1178 4104 la-

160 4126 264 4198 pidem,
292 4130 376 4187 etiora
401 4129 467 4203 ipsa
496 4128 619 4185 einum
647 4130 770 4189 murum
800 4131 1011 4203 uomtprotio
1045 4139 1176 4189 tormer.
