<?xml version="1.0" encoding="UTF-8"?>
<!DOCTYPE html PUBLIC "-//W3C//DTD XHTML 1.0 Transitional//EN"
    "http://www.w3.org/TR/xhtml1/DTD/xhtml1-transitional.dtd">
<html xmlns="http://www.w3.org/1999/xhtml" xml:lang="en" lang="en">
 <head>
  <title>
</title>
<meta http-equiv="Content-Type" content="text/html;charset=utf-8" />
  <meta name='ocr-system' content='tesseract 3.04.00' />
  <meta name='ocr-capabilities' content='ocr_page ocr_carea ocr_par ocr_line ocrx_word'/>
</head>
<body>
  <div class='ocr_page' id='page_1' title='image "./opera02dindgoog_0756.png"; bbox 0 0 2586 4822; ppageno 0'>
   <div class='ocr_carea' id='block_1_1' title="bbox 110 718 718 780">
    <p class='ocr_par' dir='ltr' id='par_1_1' title="bbox 110 718 718 780">
     <span class='ocr_line' id='line_1_1' title="bbox 110 718 718 780; baseline -0.016 -1"><span class='ocrx_word' id='word_1_1' title='bbox 110 718 172 780; x_wconf 78' lang='lat' dir='ltr'>tet</span> <span class='ocrx_word' id='word_1_2' title='bbox 446 770 448 775; x_wconf 26' lang='lat' dir='ltr'>s</span> <span class='ocrx_word' id='word_1_3' title='bbox 567 726 679 776; x_wconf 79' lang='lat' dir='ltr'>reram</span> <span class='ocrx_word' id='word_1_4' title='bbox 716 765 718 769; x_wconf 85' lang='lat'>.</span> 
     </span>
    </p>
   </div>
   <div class='ocr_carea' id='block_1_2' title="bbox 113 879 1132 1038">
    <p class='ocr_par' dir='ltr' id='par_1_2' title="bbox 113 879 1132 1038">
     <span class='ocr_line' id='line_1_2' title="bbox 115 879 1130 956; baseline -0.007 -15"><span class='ocrx_word' id='word_1_5' title='bbox 115 886 190 948; x_wconf 87' lang='lat' dir='ltr'>tatio,</span> <span class='ocrx_word' id='word_1_6' title='bbox 212 884 281 956; x_wconf 82' lang='lat' dir='ltr'>qaae</span> <span class='ocrx_word' id='word_1_7' title='bbox 303 887 443 955; x_wconf 73' lang='lat' dir='ltr'>perperam</span> <span class='ocrx_word' id='word_1_8' title='bbox 459 880 600 954; x_wconf 86' lang='lat' dir='ltr'>Epiplranii</span> <span class='ocrx_word' id='word_1_9' title='bbox 621 897 682 936; x_wconf 88' lang='lat' dir='ltr'>sese</span> <span class='ocrx_word' id='word_1_10' title='bbox 704 880 815 936; x_wconf 88' lang='lat' dir='ltr'>nomine</span> <span class='ocrx_word' id='word_1_11' title='bbox 836 889 865 934; x_wconf 91' lang='lat' dir='ltr'>et</span> <span class='ocrx_word' id='word_1_12' title='bbox 888 879 1057 935; x_wconf 71' lang='lat' dir='ltr'>authoritate</span> <span class='ocrx_word' id='word_1_13' title='bbox 1070 895 1130 934; x_wconf 86' lang='lat' dir='ltr'>reu·</span> 
     </span>
     <span class='ocr_line' id='line_1_3' title="bbox 113 963 1132 1038; baseline -0.008 -12"><span class='ocrx_word' id='word_1_14' title='bbox 113 970 224 1032; x_wconf 89' lang='lat' dir='ltr'>ditabat,</span> <span class='ocrx_word' id='word_1_15' title='bbox 247 968 354 1023; x_wconf 88' lang='lat' dir='ltr'>taudem</span> <span class='ocrx_word' id='word_1_16' title='bbox 376 967 459 1038; x_wconf 77' lang='lat' dir='ltr'>longo</span> <span class='ocrx_word' id='word_1_17' title='bbox 481 966 619 1021; x_wconf 74' lang='lat' dir='ltr'>intervallo</span> <span class='ocrx_word' id='word_1_18' title='bbox 643 966 750 1037; x_wconf 82' lang='lat' dir='ltr'>cognita</span> <span class='ocrx_word' id='word_1_19' title='bbox 773 981 804 1019; x_wconf 89' lang='lat' dir='ltr'>ac</span> <span class='ocrx_word' id='word_1_20' title='bbox 820 964 879 1020; x_wconf 90' lang='lat' dir='ltr'>suis</span> <span class='ocrx_word' id='word_1_21' title='bbox 895 964 1060 1019; x_wconf 72' lang='lat' dir='ltr'>authoribus</span> <span class='ocrx_word' id='word_1_22' title='bbox 1075 963 1132 1018; x_wconf 88' lang='lat' dir='ltr'>red·</span> 
     </span>
    </p>
   </div>
   <div class='ocr_carea' id='block_1_3' title="bbox 12 1049 1132 1122">
    <p class='ocr_par' dir='ltr' id='par_1_3' title="bbox 12 1049 1132 1122">
     <span class='ocr_line' id='line_1_4' title="bbox 12 1049 1132 1122; baseline -0.004 -15"><span class='ocrx_word' id='word_1_23' title='bbox 12 1101 16 1107; x_wconf 88' lang='lat'><em>.</em></span> <span class='ocrx_word' id='word_1_24' title='bbox 116 1056 184 1119; x_wconf 88' lang='lat' dir='ltr'>dita,</span> <span class='ocrx_word' id='word_1_25' title='bbox 215 1053 308 1108; x_wconf 83' lang='lat' dir='ltr'>lucum</span> <span class='ocrx_word' id='word_1_26' title='bbox 332 1051 480 1107; x_wconf 86' lang='lat' dir='ltr'>lectoribus</span> <span class='ocrx_word' id='word_1_27' title='bbox 510 1052 597 1106; x_wconf 70' lang='lat' dir='ltr'>lactere</span> <span class='ocrx_word' id='word_1_28' title='bbox 627 1051 693 1105; x_wconf 90' lang='lat' dir='ltr'>tanti</span> <span class='ocrx_word' id='word_1_29' title='bbox 716 1049 832 1105; x_wconf 88' lang='lat' dir='ltr'>nominis</span> <span class='ocrx_word' id='word_1_30' title='bbox 857 1050 952 1122; x_wconf 85' lang='lat' dir='ltr'>specie</span> <span class='ocrx_word' id='word_1_31' title='bbox 977 1066 1008 1103; x_wconf 86' lang='lat' dir='ltr'>ac</span> <span class='ocrx_word' id='word_1_32' title='bbox 1030 1049 1132 1104; x_wconf 87' lang='lat' dir='ltr'>simula-</span> 
     </span>
    </p>
   </div>
   <div class='ocr_carea' id='block_1_4' title="bbox 116 1138 1133 2226">
    <p class='ocr_par' dir='ltr' id='par_1_4' title="bbox 116 1138 331 1196">
     <span class='ocr_line' id='line_1_5' title="bbox 116 1138 331 1196; baseline -0.014 -1"><span class='ocrx_word' id='word_1_33' title='bbox 116 1141 189 1196; x_wconf 88' lang='lat' dir='ltr'>tione</span> <span class='ocrx_word' id='word_1_34' title='bbox 213 1138 331 1193; x_wconf 75' lang='lat' dir='ltr'>desierit.</span> 
     </span>
    </p>

    <p class='ocr_par' dir='ltr' id='par_1_5' title="bbox 117 1214 1133 2226">
     <span class='ocr_line' id='line_1_6' title="bbox 203 1214 1133 1293; baseline -0.009 -13"><span class='ocrx_word' id='word_1_35' title='bbox 203 1226 261 1280; x_wconf 75' lang='lat' dir='ltr'>Seu</span> <span class='ocrx_word' id='word_1_36' title='bbox 279 1222 305 1277; x_wconf 88' lang='lat' dir='ltr'>b.</span> <span class='ocrx_word' id='word_1_37' title='bbox 337 1217 378 1287; x_wconf 70' lang='grc' dir='ltr'>εἷς</span> <span class='ocrx_word' id='word_1_38' title='bbox 399 1214 454 1293; x_wconf 70' lang='grc' dir='ltr'>τὴν</span> <span class='ocrx_word' id='word_1_39' title='bbox 476 1216 650 1276; x_wconf 75' lang='grc' dir='ltr'>ἒκῑεθ·εἴσαν</span> <span class='ocrx_word' id='word_1_40' title='bbox 672 1214 781 1292; x_wconf 73' lang='grc' dir='ltr'>πίστιν]</span> <span class='ocrx_word' id='word_1_41' title='bbox 814 1218 888 1273; x_wconf 88' lang='lat' dir='ltr'>llaec</span> <span class='ocrx_word' id='word_1_42' title='bbox 911 1217 955 1272; x_wconf 85' lang='lat' dir='ltr'>rel</span> <span class='ocrx_word' id='word_1_43' title='bbox 973 1219 1007 1272; x_wconf 91' lang='lat' dir='ltr'>ab</span> <span class='ocrx_word' id='word_1_44' title='bbox 1023 1219 1133 1291; x_wconf 82' lang='lat' dir='ltr'>Epipha-</span> 
     </span>
     <span class='ocr_line' id='line_1_7' title="bbox 117 1303 1130 1379; baseline -0.007 -14"><span class='ocrx_word' id='word_1_45' title='bbox 117 1310 163 1365; x_wconf 89' lang='lat' dir='ltr'>nio</span> <span class='ocrx_word' id='word_1_46' title='bbox 185 1309 218 1363; x_wconf 90' lang='lat' dir='ltr'>ad</span> <span class='ocrx_word' id='word_1_47' title='bbox 240 1308 408 1379; x_wconf 89' lang='lat' dir='ltr'>superiorem</span> <span class='ocrx_word' id='word_1_48' title='bbox 430 1305 655 1360; x_wconf 85' lang='lat' dir='ltr'>Seuriariauerum</span> <span class='ocrx_word' id='word_1_49' title='bbox 680 1304 940 1359; x_wconf 75' lang='lat' dir='ltr'>(lorumeutariolum</span> <span class='ocrx_word' id='word_1_50' title='bbox 966 1305 1069 1367; x_wconf 86' lang='lat' dir='ltr'>addita,</span> <span class='ocrx_word' id='word_1_51' title='bbox 1095 1303 1130 1358; x_wconf 83' lang='lat' dir='ltr'>rel</span> 
     </span>
     <span class='ocr_line' id='line_1_8' title="bbox 117 1388 1129 1467; baseline -0.006 -19"><span class='ocrx_word' id='word_1_52' title='bbox 117 1393 202 1467; x_wconf 87' lang='lat' dir='ltr'>ipsius</span> <span class='ocrx_word' id='word_1_53' title='bbox 224 1390 440 1447; x_wconf 73' lang='lat' dir='ltr'>Commentarioli</span> <span class='ocrx_word' id='word_1_54' title='bbox 470 1400 547 1453; x_wconf 90' lang='lat' dir='ltr'>sunt,</span> <span class='ocrx_word' id='word_1_55' title='bbox 578 1392 603 1444; x_wconf 90' lang='lat' dir='ltr'>in</span> <span class='ocrx_word' id='word_1_56' title='bbox 634 1407 687 1461; x_wconf 79' lang='lat' dir='ltr'>qua</span> <span class='ocrx_word' id='word_1_57' title='bbox 718 1398 826 1462; x_wconf 88' lang='lat' dir='ltr'>praeter</span> <span class='ocrx_word' id='word_1_58' title='bbox 853 1389 1057 1460; x_wconf 76' lang='lat' dir='ltr'>expositionem</span> <span class='ocrx_word' id='word_1_59' title='bbox 1075 1388 1129 1442; x_wconf 83' lang='lat' dir='ltr'>fidei</span> 
     </span>
     <span class='ocr_line' id='line_1_9' title="bbox 117 1474 1131 1547; baseline -0.004 -14"><span class='ocrx_word' id='word_1_60' title='bbox 117 1482 183 1534; x_wconf 79' lang='lat' dir='ltr'>Acta</span> <span class='ocrx_word' id='word_1_61' title='bbox 204 1475 333 1531; x_wconf 85' lang='lat' dir='ltr'>nouirulla</span> <span class='ocrx_word' id='word_1_62' title='bbox 356 1474 467 1530; x_wconf 74' lang='lat' dir='ltr'>Basilius</span> <span class='ocrx_word' id='word_1_63' title='bbox 489 1492 520 1529; x_wconf 86' lang='lat' dir='ltr'>ac</span> <span class='ocrx_word' id='word_1_64' title='bbox 535 1475 668 1547; x_wconf 85' lang='lat' dir='ltr'>Georgius</span> <span class='ocrx_word' id='word_1_65' title='bbox 685 1475 929 1547; x_wconf 74' lang='lat' dir='ltr'>praescripserant,</span> <span class='ocrx_word' id='word_1_66' title='bbox 956 1475 1031 1547; x_wconf 87' lang='lat' dir='ltr'>quod</span> <span class='ocrx_word' id='word_1_67' title='bbox 1047 1483 1131 1546; x_wconf 86' lang='lat' dir='ltr'>poste·</span> 
     </span>
     <span class='ocr_line' id='line_1_10' title="bbox 118 1554 1128 1633; baseline -0.007 -16"><span class='ocrx_word' id='word_1_68' title='bbox 118 1564 174 1617; x_wconf 90' lang='lat' dir='ltr'>rius</span> <span class='ocrx_word' id='word_1_69' title='bbox 196 1561 281 1633; x_wconf 76' lang='lat' dir='ltr'>inagis</span> <span class='ocrx_word' id='word_1_70' title='bbox 303 1559 412 1615; x_wconf 86' lang='lat' dir='ltr'>arridet.</span> <span class='ocrx_word' id='word_1_71' title='bbox 456 1559 600 1615; x_wconf 80' lang='lat' dir='ltr'>Sciendum</span> <span class='ocrx_word' id='word_1_72' title='bbox 624 1569 665 1615; x_wconf 86' lang='lat' dir='ltr'>est</span> <span class='ocrx_word' id='word_1_73' title='bbox 687 1569 775 1614; x_wconf 89' lang='lat' dir='ltr'>autem</span> <span class='ocrx_word' id='word_1_74' title='bbox 799 1554 901 1613; x_wconf 76' lang='grc' dir='ltr'><em>πίστιν</em></span> <span class='ocrx_word' id='word_1_75' title='bbox 925 1558 1012 1620; x_wconf 91' lang='lat' dir='ltr'>illam,</span> <span class='ocrx_word' id='word_1_76' title='bbox 1033 1559 1064 1612; x_wconf 89' lang='lat' dir='ltr'>de</span> <span class='ocrx_word' id='word_1_77' title='bbox 1082 1573 1128 1629; x_wconf 80' lang='lat' dir='ltr'>qua</span> 
     </span>
     <span class='ocr_line' id='line_1_11' title="bbox 118 1642 1125 1719; baseline -0.008 -17"><span class='ocrx_word' id='word_1_78' title='bbox 118 1646 247 1719; x_wconf 92' lang='lat' dir='ltr'>loquitur,</span> <span class='ocrx_word' id='word_1_79' title='bbox 271 1662 332 1699; x_wconf 91' lang='lat' dir='ltr'>esse</span> <span class='ocrx_word' id='word_1_80' title='bbox 347 1645 545 1700; x_wconf 88' lang='lat' dir='ltr'>Prolessiouem</span> <span class='ocrx_word' id='word_1_81' title='bbox 567 1646 638 1700; x_wconf 88' lang='lat' dir='ltr'>illam</span> <span class='ocrx_word' id='word_1_82' title='bbox 662 1648 776 1706; x_wconf 84' lang='lat' dir='ltr'>tertiam,</span> <span class='ocrx_word' id='word_1_83' title='bbox 799 1660 869 1715; x_wconf 88' lang='lat' dir='ltr'>quae</span> <span class='ocrx_word' id='word_1_84' title='bbox 885 1643 982 1699; x_wconf 90' lang='lat' dir='ltr'>Sirmii</span> <span class='ocrx_word' id='word_1_85' title='bbox 1006 1652 1042 1699; x_wconf 88' lang='lat' dir='ltr'>est</span> <span class='ocrx_word' id='word_1_86' title='bbox 1056 1642 1125 1704; x_wconf 77' lang='lat' dir='ltr'>edita,</span> 
     </span>
     <span class='ocr_line' id='line_1_12' title="bbox 119 1728 1126 1803; baseline -0.005 -18"><span class='ocrx_word' id='word_1_87' title='bbox 119 1748 198 1803; x_wconf 88' lang='lat' dir='ltr'>quam</span> <span class='ocrx_word' id='word_1_88' title='bbox 222 1731 347 1786; x_wconf 85' lang='lat' dir='ltr'>Socrates</span> <span class='ocrx_word' id='word_1_89' title='bbox 377 1738 404 1785; x_wconf 90' lang='lat' dir='ltr'>et</span> <span class='ocrx_word' id='word_1_90' title='bbox 426 1730 593 1786; x_wconf 88' lang='lat' dir='ltr'>Sezemenns</span> <span class='ocrx_word' id='word_1_91' title='bbox 622 1730 688 1784; x_wconf 83' lang='lat' dir='ltr'>falso</span> <span class='ocrx_word' id='word_1_92' title='bbox 717 1729 741 1782; x_wconf 91' lang='lat' dir='ltr'>in</span> <span class='ocrx_word' id='word_1_93' title='bbox 765 1728 907 1783; x_wconf 82' lang='lat' dir='ltr'>Sirmiensi</span> <span class='ocrx_word' id='word_1_94' title='bbox 932 1729 1042 1801; x_wconf 78' lang='lat' dir='ltr'>Synode</span> <span class='ocrx_word' id='word_1_95' title='bbox 1066 1744 1126 1782; x_wconf 85' lang='lat' dir='ltr'>con·</span> 
     </span>
     <span class='ocr_line' id='line_1_13' title="bbox 119 1812 1126 1888; baseline -0.007 -17"><span class='ocrx_word' id='word_1_96' title='bbox 119 1817 245 1888; x_wconf 82' lang='lat' dir='ltr'>scriptam</span> <span class='ocrx_word' id='word_1_97' title='bbox 268 1825 431 1870; x_wconf 82' lang='lat' dir='ltr'>asseverant.</span> <span class='ocrx_word' id='word_1_98' title='bbox 463 1815 528 1870; x_wconf 85' lang='lat' dir='ltr'>Nata</span> <span class='ocrx_word' id='word_1_99' title='bbox 552 1824 593 1870; x_wconf 92' lang='lat' dir='ltr'>cst</span> <span class='ocrx_word' id='word_1_100' title='bbox 616 1816 686 1870; x_wconf 88' lang='lat' dir='ltr'>euim</span> <span class='ocrx_word' id='word_1_101' title='bbox 709 1831 778 1868; x_wconf 88' lang='lat' dir='ltr'>auno</span> <span class='ocrx_word' id='word_1_102' title='bbox 802 1814 911 1868; x_wconf 83' lang='lat' dir='ltr'>deinum</span> <span class='ocrx_word' id='word_1_103' title='bbox 927 1816 1004 1877; x_wconf 81' lang='lat'>359,</span> <span class='ocrx_word' id='word_1_104' title='bbox 1026 1812 1126 1869; x_wconf 83' lang='lat' dir='ltr'>Eusebio</span> 
     </span>
     <span class='ocr_line' id='line_1_14' title="bbox 120 1897 1129 1973; baseline -0.005 -17"><span class='ocrx_word' id='word_1_105' title='bbox 120 1910 147 1956; x_wconf 94' lang='lat' dir='ltr'>et</span> <span class='ocrx_word' id='word_1_106' title='bbox 170 1900 282 1973; x_wconf 76' lang='lat' dir='ltr'>Hypatio</span> <span class='ocrx_word' id='word_1_107' title='bbox 307 1901 381 1955; x_wconf 82' lang='lat' dir='ltr'>Coss.</span> <span class='ocrx_word' id='word_1_108' title='bbox 405 1899 437 1955; x_wconf 78' lang='lat' dir='ltr'>xt</span> <span class='ocrx_word' id='word_1_109' title='bbox 461 1900 517 1954; x_wconf 79' lang='lat' dir='ltr'>ttat</span> <span class='ocrx_word' id='word_1_110' title='bbox 542 1901 638 1961; x_wconf 84' lang='lat' dir='ltr'>lirnias,</span> <span class='ocrx_word' id='word_1_111' title='bbox 663 1908 692 1953; x_wconf 92' lang='lat' dir='ltr'>ut</span> <span class='ocrx_word' id='word_1_112' title='bbox 714 1898 875 1954; x_wconf 74' lang='lat' dir='ltr'>Athanasius</span> <span class='ocrx_word' id='word_1_113' title='bbox 897 1897 949 1952; x_wconf 91' lang='lat' dir='ltr'>lib.</span> <span class='ocrx_word' id='word_1_114' title='bbox 975 1899 1009 1953; x_wconf 92' lang='lat' dir='ltr'>de</span> <span class='ocrx_word' id='word_1_115' title='bbox 1029 1897 1129 1970; x_wconf 74' lang='lat' dir='ltr'>Synodis</span> 
     </span>
     <span class='ocr_line' id='line_1_15' title="bbox 120 1981 1130 2055; baseline -0.005 -15"><span class='ocrx_word' id='word_1_116' title='bbox 120 1985 208 2041; x_wconf 87' lang='lat' dir='ltr'>docet.</span> <span class='ocrx_word' id='word_1_117' title='bbox 239 1985 289 2052; x_wconf 79' lang='lat' dir='ltr'>Qut</span> <span class='ocrx_word' id='word_1_118' title='bbox 312 1985 368 2040; x_wconf 90' lang='lat' dir='ltr'>dies</span> <span class='ocrx_word' id='word_1_119' title='bbox 387 1984 458 2040; x_wconf 88' lang='lat' dir='ltr'>Prid.</span> <span class='ocrx_word' id='word_1_120' title='bbox 477 1984 652 2039; x_wconf 86' lang='lat' dir='ltr'>Pentecostes</span> <span class='ocrx_word' id='word_1_121' title='bbox 676 1984 733 2045; x_wconf 85' lang='lat' dir='ltr'>luit,</span> <span class='ocrx_word' id='word_1_122' title='bbox 757 1983 828 2054; x_wconf 89' lang='lat' dir='ltr'>qued</span> <span class='ocrx_word' id='word_1_123' title='bbox 845 1982 1020 2055; x_wconf 84' lang='lat' dir='ltr'>Epiphanius</span> <span class='ocrx_word' id='word_1_124' title='bbox 1042 1985 1089 2038; x_wconf 87' lang='lat' dir='ltr'>bec</span> <span class='ocrx_word' id='word_1_125' title='bbox 1108 1981 1130 2035; x_wconf 86' lang='lat' dir='ltr'>ia</span> 
     </span>
     <span class='ocr_line' id='line_1_16' title="bbox 119 2066 1131 2144; baseline -0.003 -19"><span class='ocrx_word' id='word_1_126' title='bbox 119 2071 180 2125; x_wconf 90' lang='lat' dir='ltr'>loeo</span> <span class='ocrx_word' id='word_1_127' title='bbox 204 2077 327 2125; x_wconf 88' lang='lat' dir='ltr'>testatur.</span> <span class='ocrx_word' id='word_1_128' title='bbox 369 2069 432 2124; x_wconf 87' lang='lat' dir='ltr'>Vide</span> <span class='ocrx_word' id='word_1_129' title='bbox 455 2086 524 2140; x_wconf 89' lang='lat' dir='ltr'>quae</span> <span class='ocrx_word' id='word_1_130' title='bbox 546 2068 671 2123; x_wconf 83' lang='lat' dir='ltr'>Nicotaus</span> <span class='ocrx_word' id='word_1_131' title='bbox 694 2066 779 2124; x_wconf 80' lang='lat' dir='ltr'>Faber</span> <span class='ocrx_word' id='word_1_132' title='bbox 802 2067 889 2144; x_wconf 68' lang='lat' dir='ltr'>Praei.</span> <span class='ocrx_word' id='word_1_133' title='bbox 914 2069 949 2122; x_wconf 91' lang='lat' dir='ltr'>ad</span> <span class='ocrx_word' id='word_1_134' title='bbox 976 2068 1131 2125; x_wconf 81' lang='lat' dir='ltr'>llilariilra-</span> 
     </span>
     <span class='ocr_line' id='line_1_17' title="bbox 120 2144 1130 2226; baseline -0.003 -19"><span class='ocrx_word' id='word_1_135' title='bbox 120 2163 227 2226; x_wconf 78' lang='lat' dir='ltr'>gmenta</span> <span class='ocrx_word' id='word_1_136' title='bbox 252 2154 370 2225; x_wconf 87' lang='lat' dir='ltr'>disputat</span> <span class='ocrx_word' id='word_1_137' title='bbox 391 2171 418 2225; x_wconf 95' lang='lat' dir='ltr'>p.</span> <span class='ocrx_word' id='word_1_138' title='bbox 437 2156 507 2209; x_wconf 74' lang='lat'><strong>375.</strong></span> <span class='ocrx_word' id='word_1_139' title='bbox 541 2153 625 2225; x_wconf 81' lang='lat' dir='ltr'>lgitur</span> <span class='ocrx_word' id='word_1_140' title='bbox 646 2163 709 2224; x_wconf 86' lang='lat' dir='ltr'>post</span> <span class='ocrx_word' id='word_1_141' title='bbox 731 2157 902 2224; x_wconf 78' lang='lat' dir='ltr'>Ancyramrm</span> <span class='ocrx_word' id='word_1_142' title='bbox 922 2144 1074 2207; x_wconf 79' lang='lat' dir='ltr'>Eon&#39;rilium</span> <span class='ocrx_word' id='word_1_143' title='bbox 1088 2152 1130 2206; x_wconf 79' lang='lat' dir='ltr'>Ba-</span> 
     </span>
    </p>
   </div>
   <div class='ocr_carea' id='block_1_5' title="bbox 22 2237 1131 2311">
    <p class='ocr_par' dir='ltr' id='par_1_6' title="bbox 22 2237 1131 2311">
     <span class='ocr_line' id='line_1_18' title="bbox 22 2237 1131 2311; baseline -0.003 -18"><span class='ocrx_word' id='word_1_144' title='bbox 22 2278 24 2282; x_wconf 48' lang='lat'>&gt;</span> <span class='ocrx_word' id='word_1_145' title='bbox 120 2238 196 2293; x_wconf 91' lang='lat' dir='ltr'>silius</span> <span class='ocrx_word' id='word_1_146' title='bbox 224 2237 322 2310; x_wconf 88' lang='lat' dir='ltr'>aliique</span> <span class='ocrx_word' id='word_1_147' title='bbox 351 2238 577 2293; x_wconf 76' lang='lat' dir='ltr'>semiarianorum</span> <span class='ocrx_word' id='word_1_148' title='bbox 606 2238 686 2310; x_wconf 78' lang='lat' dir='ltr'>legati</span> <span class='ocrx_word' id='word_1_149' title='bbox 717 2237 843 2292; x_wconf 90' lang='lat' dir='ltr'>Sirmium</span> <span class='ocrx_word' id='word_1_150' title='bbox 876 2238 911 2292; x_wconf 92' lang='lat' dir='ltr'>ad</span> <span class='ocrx_word' id='word_1_151' title='bbox 947 2239 1131 2311; x_wconf 85' lang='lat' dir='ltr'>lmperatoreu</span> 
     </span>
    </p>
   </div>
   <div class='ocr_carea' id='block_1_6' title="bbox 120 2322 1134 3076">
    <p class='ocr_par' dir='ltr' id='par_1_7' title="bbox 120 2322 1134 3076">
     <span class='ocr_line' id='line_1_19' title="bbox 121 2322 1131 2396; baseline -0.002 -19"><span class='ocrx_word' id='word_1_152' title='bbox 121 2322 234 2396; x_wconf 80' lang='lat' dir='ltr'>preteeti</span> <span class='ocrx_word' id='word_1_153' title='bbox 256 2322 348 2377; x_wconf 85' lang='lat' dir='ltr'>literas</span> <span class='ocrx_word' id='word_1_154' title='bbox 370 2322 402 2377; x_wconf 94' lang='lat' dir='ltr'>ab</span> <span class='ocrx_word' id='word_1_155' title='bbox 426 2341 458 2378; x_wconf 93' lang='lat' dir='ltr'>eo</span> <span class='ocrx_word' id='word_1_156' title='bbox 482 2333 574 2378; x_wconf 91' lang='lat' dir='ltr'>contra</span> <span class='ocrx_word' id='word_1_157' title='bbox 598 2323 745 2378; x_wconf 83' lang='lat' dir='ltr'>Eudouium</span> <span class='ocrx_word' id='word_1_158' title='bbox 768 2331 796 2376; x_wconf 91' lang='lat' dir='ltr'>et</span> <span class='ocrx_word' id='word_1_159' title='bbox 816 2326 977 2377; x_wconf 81' lang='lat' dir='ltr'>Anoureeos</span> <span class='ocrx_word' id='word_1_160' title='bbox 1002 2338 1131 2395; x_wconf 75' lang='lat' dir='ltr'>expresse</span> 
     </span>
     <span class='ocr_line' id='line_1_20' title="bbox 122 2394 1131 2480; baseline 0.001 -18"><span class='ocrx_word' id='word_1_161' title='bbox 122 2415 195 2462; x_wconf 86' lang='lat' dir='ltr'>runt.</span> <span class='ocrx_word' id='word_1_162' title='bbox 225 2406 291 2461; x_wconf 85' lang='lat' dir='ltr'>Tum</span> <span class='ocrx_word' id='word_1_163' title='bbox 316 2407 348 2462; x_wconf 91' lang='lat' dir='ltr'>de</span> <span class='ocrx_word' id='word_1_164' title='bbox 371 2394 518 2463; x_wconf 84' lang='lat' dir='ltr'>eorundem</span> <span class='ocrx_word' id='word_1_165' title='bbox 542 2408 653 2463; x_wconf 80' lang='lat' dir='ltr'>coiisilie</span> <span class='ocrx_word' id='word_1_166' title='bbox 672 2409 819 2480; x_wconf 90' lang='lat' dir='ltr'>lmperator</span> <span class='ocrx_word' id='word_1_167' title='bbox 840 2407 873 2460; x_wconf 94' lang='lat' dir='ltr'>ad</span> <span class='ocrx_word' id='word_1_168' title='bbox 894 2425 939 2462; x_wconf 87' lang='lat' dir='ltr'>res</span> <span class='ocrx_word' id='word_1_169' title='bbox 956 2409 1131 2463; x_wconf 78' lang='lat' dir='ltr'>Antiocbcatt</span> 
     </span>
     <span class='ocr_line' id='line_1_21' title="bbox 120 2492 1133 2566; baseline -0.003 -18"><span class='ocrx_word' id='word_1_170' title='bbox 120 2492 256 2548; x_wconf 85' lang='lat' dir='ltr'>Ecclesiae</span> <span class='ocrx_word' id='word_1_171' title='bbox 277 2493 493 2566; x_wconf 88' lang='lat' dir='ltr'>componendas,</span> <span class='ocrx_word' id='word_1_172' title='bbox 518 2510 597 2565; x_wconf 89' lang='lat' dir='ltr'>quam</span> <span class='ocrx_word' id='word_1_173' title='bbox 621 2492 754 2547; x_wconf 76' lang='lat' dir='ltr'>Eudoxias</span> <span class='ocrx_word' id='word_1_174' title='bbox 778 2501 886 2564; x_wconf 87' lang='lat' dir='ltr'>praeter</span> <span class='ocrx_word' id='word_1_175' title='bbox 909 2492 1038 2549; x_wconf 83' lang='lat' dir='ltr'>Canopos</span> <span class='ocrx_word' id='word_1_176' title='bbox 1060 2508 1133 2548; x_wconf 87' lang='lat' dir='ltr'>occu-</span> 
     </span>
     <span class='ocr_line' id='line_1_22' title="bbox 121 2577 1132 2650; baseline -0.004 -16"><span class='ocrx_word' id='word_1_177' title='bbox 121 2587 213 2650; x_wconf 87' lang='lat' dir='ltr'>parat,</span> <span class='ocrx_word' id='word_1_178' title='bbox 240 2577 319 2632; x_wconf 89' lang='lat' dir='ltr'>simul</span> <span class='ocrx_word' id='word_1_179' title='bbox 341 2578 374 2633; x_wconf 92' lang='lat' dir='ltr'>ad</span> <span class='ocrx_word' id='word_1_180' title='bbox 394 2578 464 2634; x_wconf 77' lang='lat' dir='ltr'>nent</span> <span class='ocrx_word' id='word_1_181' title='bbox 486 2586 514 2632; x_wconf 90' lang='lat' dir='ltr'>et</span> <span class='ocrx_word' id='word_1_182' title='bbox 535 2581 733 2632; x_wconf 76' lang='lat' dir='ltr'>Anomoeorum</span> <span class='ocrx_word' id='word_1_183' title='bbox 756 2577 951 2648; x_wconf 80' lang='lat' dir='ltr'>profligandam</span> <span class='ocrx_word' id='word_1_184' title='bbox 979 2579 1132 2650; x_wconf 82' lang='lat' dir='ltr'>impietatem</span> 
     </span>
     <span class='ocr_line' id='line_1_23' title="bbox 122 2662 1133 2735; baseline -0.001 -18"><span class='ocrx_word' id='word_1_185' title='bbox 122 2679 217 2718; x_wconf 89' lang='lat' dir='ltr'>novam</span> <span class='ocrx_word' id='word_1_186' title='bbox 240 2662 378 2735; x_wconf 80' lang='lat' dir='ltr'>Synodum</span> <span class='ocrx_word' id='word_1_187' title='bbox 407 2679 573 2733; x_wconf 73' lang='lat' dir='ltr'>congregare</span> <span class='ocrx_word' id='word_1_188' title='bbox 601 2663 708 2725; x_wconf 86' lang='lat' dir='ltr'>statuit,</span> <span class='ocrx_word' id='word_1_189' title='bbox 738 2662 810 2734; x_wconf 90' lang='lat' dir='ltr'>quod</span> <span class='ocrx_word' id='word_1_190' title='bbox 839 2679 922 2733; x_wconf 88' lang='lat' dir='ltr'>supra</span> <span class='ocrx_word' id='word_1_191' title='bbox 954 2663 983 2718; x_wconf 91' lang='lat' dir='ltr'>in</span> <span class='ocrx_word' id='word_1_192' title='bbox 1012 2677 1133 2719; x_wconf 67' lang='lat' dir='ltr'>annom!</span> 
     </span>
     <span class='ocr_line' id='line_1_24' title="bbox 123 2745 1132 2819; baseline -0.003 -17"><span class='ocrx_word' id='word_1_193' title='bbox 123 2747 238 2819; x_wconf 76' lang='lat' dir='ltr'>Synopsi</span> <span class='ocrx_word' id='word_1_194' title='bbox 261 2747 462 2803; x_wconf 85' lang='lat' dir='ltr'>declaravimus.</span> <span class='ocrx_word' id='word_1_195' title='bbox 505 2747 602 2802; x_wconf 87' lang='lat' dir='ltr'>Postea</span> <span class='ocrx_word' id='word_1_196' title='bbox 625 2765 685 2803; x_wconf 84' lang='lat' dir='ltr'>cum</span> <span class='ocrx_word' id='word_1_197' title='bbox 709 2747 741 2801; x_wconf 93' lang='lat' dir='ltr'>de</span> <span class='ocrx_word' id='word_1_198' title='bbox 763 2745 840 2809; x_wconf 81' lang='lat' dir='ltr'>urhe,</span> <span class='ocrx_word' id='word_1_199' title='bbox 867 2746 894 2800; x_wconf 89' lang='lat' dir='ltr'>in</span> <span class='ocrx_word' id='word_1_200' title='bbox 918 2764 974 2819; x_wconf 85' lang='lat' dir='ltr'>qua</span> <span class='ocrx_word' id='word_1_201' title='bbox 999 2763 1132 2803; x_wconf 82' lang='lat' dir='ltr'>consessus</span> 
     </span>
     <span class='ocr_line' id='line_1_25' title="bbox 121 2831 1130 2906; baseline -0.001 -20"><span class='ocrx_word' id='word_1_202' title='bbox 121 2832 215 2887; x_wconf 87' lang='lat' dir='ltr'>baberi</span> <span class='ocrx_word' id='word_1_203' title='bbox 238 2842 346 2903; x_wconf 86' lang='lat' dir='ltr'>posset,</span> <span class='ocrx_word' id='word_1_204' title='bbox 373 2848 542 2906; x_wconf 86' lang='lat' dir='ltr'>nequaquam</span> <span class='ocrx_word' id='word_1_205' title='bbox 565 2832 690 2905; x_wconf 89' lang='lat' dir='ltr'>Episcopi</span> <span class='ocrx_word' id='word_1_206' title='bbox 712 2831 902 2895; x_wconf 78' lang='lat' dir='ltr'>convenirent,</span> <span class='ocrx_word' id='word_1_207' title='bbox 933 2833 1052 2888; x_wconf 84' lang='lat' dir='ltr'>Basilius</span> <span class='ocrx_word' id='word_1_208' title='bbox 1072 2846 1130 2886; x_wconf 76' lang='lat' dir='ltr'>anso</span> 
     </span>
     <span class='ocr_line' id='line_1_26' title="bbox 124 2916 1133 2991; baseline -0.001 -19"><span class='ocrx_word' id='word_1_209' title='bbox 124 2918 183 2973; x_wconf 79' lang='lat'>349</span> <span class='ocrx_word' id='word_1_210' title='bbox 207 2934 302 2972; x_wconf 86' lang='lat' dir='ltr'>rursus</span> <span class='ocrx_word' id='word_1_211' title='bbox 325 2917 357 2973; x_wconf 93' lang='lat' dir='ltr'>ad</span> <span class='ocrx_word' id='word_1_212' title='bbox 375 2919 568 2991; x_wconf 83' lang='lat' dir='ltr'>Imperatorem</span> <span class='ocrx_word' id='word_1_213' title='bbox 584 2917 709 2972; x_wconf 87' lang='lat' dir='ltr'>Sirmium</span> <span class='ocrx_word' id='word_1_214' title='bbox 732 2916 846 2971; x_wconf 85' lang='lat' dir='ltr'>advolat.</span> <span class='ocrx_word' id='word_1_215' title='bbox 877 2916 959 2971; x_wconf 86' lang='lat' dir='ltr'>Prior</span> <span class='ocrx_word' id='word_1_216' title='bbox 984 2919 1057 2973; x_wconf 87' lang='lat' dir='ltr'>enim</span> <span class='ocrx_word' id='word_1_217' title='bbox 1077 2932 1133 2990; x_wconf 89' lang='lat' dir='ltr'>pto-</span> 
     </span>
     <span class='ocr_line' id='line_1_27' title="bbox 123 3001 1134 3076; baseline 0.001 -21"><span class='ocrx_word' id='word_1_218' title='bbox 123 3001 202 3056; x_wconf 90' lang='lat' dir='ltr'>leetio</span> <span class='ocrx_word' id='word_1_219' title='bbox 225 3001 251 3056; x_wconf 92' lang='lat' dir='ltr'>in</span> <span class='ocrx_word' id='word_1_220' title='bbox 274 3020 373 3058; x_wconf 83' lang='lat' dir='ltr'>aurium</span> <span class='ocrx_word' id='word_1_221' title='bbox 396 3004 573 3076; x_wconf 90' lang='lat' dir='ltr'>superiorem,</span> <span class='ocrx_word' id='word_1_222' title='bbox 601 3020 654 3074; x_wconf 87' lang='lat' dir='ltr'>quo</span> <span class='ocrx_word' id='word_1_223' title='bbox 678 3011 705 3057; x_wconf 92' lang='lat' dir='ltr'>et</span> <span class='ocrx_word' id='word_1_224' title='bbox 725 3004 896 3073; x_wconf 79' lang='lat' dir='ltr'>Ancyranmu</span> <span class='ocrx_word' id='word_1_225' title='bbox 921 3001 1073 3058; x_wconf 83' lang='lat' dir='ltr'>Concilium</span> <span class='ocrx_word' id='word_1_226' title='bbox 1094 3017 1134 3056; x_wconf 81' lang='lat' dir='ltr'>ee·</span> 
     </span>
    </p>
   </div>
   <div class='ocr_carea' id='block_1_7' title="bbox 37 3085 1132 3160">
    <p class='ocr_par' dir='ltr' id='par_1_8' title="bbox 37 3085 1132 3160">
     <span class='ocr_line' id='line_1_28' title="bbox 37 3085 1132 3160; baseline -0.001 -21"><span class='ocrx_word' id='word_1_227' title='bbox 37 3157 38 3160; x_wconf 9' lang='lat'>¹</span> <span class='ocrx_word' id='word_1_228' title='bbox 122 3085 256 3141; x_wconf 83' lang='lat' dir='ltr'>lehratum</span> <span class='ocrx_word' id='word_1_229' title='bbox 279 3095 330 3151; x_wconf 85' lang='lat' dir='ltr'>est,</span> <span class='ocrx_word' id='word_1_230' title='bbox 353 3088 475 3143; x_wconf 83' lang='lat' dir='ltr'>incurrit</span> <span class='ocrx_word' id='word_1_231' title='bbox 520 3087 558 3142; x_wconf 92' lang='lat' dir='ltr'>lbi</span> <span class='ocrx_word' id='word_1_232' title='bbox 582 3104 642 3142; x_wconf 91' lang='lat' dir='ltr'>cum</span> <span class='ocrx_word' id='word_1_233' title='bbox 665 3087 817 3149; x_wconf 89' lang='lat' dir='ltr'>Ursacinm‚</span> <span class='ocrx_word' id='word_1_234' title='bbox 843 3086 1003 3151; x_wconf 87' lang='lat' dir='ltr'>Valentem,</span> <span class='ocrx_word' id='word_1_235' title='bbox 1027 3088 1132 3143; x_wconf 80' lang='lat' dir='ltr'>llareuia</span> 
     </span>
    </p>
   </div>
   <div class='ocr_carea' id='block_1_8' title="bbox 121 3169 1137 4095">
    <p class='ocr_par' dir='ltr' id='par_1_9' title="bbox 121 3169 1137 4095">
     <span class='ocr_line' id='line_1_29' title="bbox 121 3169 1133 3247; baseline 0 -23"><span class='ocrx_word' id='word_1_236' title='bbox 121 3169 305 3229; x_wconf 81' lang='lat' dir='ltr'>Arethusium,</span> <span class='ocrx_word' id='word_1_237' title='bbox 323 3173 467 3244; x_wconf 82' lang='lat' dir='ltr'>Georgium</span> <span class='ocrx_word' id='word_1_238' title='bbox 483 3172 699 3233; x_wconf 77' lang='lat' dir='ltr'>Alexandrinum,</span> <span class='ocrx_word' id='word_1_239' title='bbox 715 3171 888 3232; x_wconf 86' lang='lat' dir='ltr'>Germinium,</span> <span class='ocrx_word' id='word_1_240' title='bbox 906 3171 1035 3247; x_wconf 86' lang='lat' dir='ltr'>aliosque</span> <span class='ocrx_word' id='word_1_241' title='bbox 1049 3170 1133 3227; x_wconf 84' lang='lat' dir='ltr'>lactio-</span> 
     </span>
     <span class='ocr_line' id='line_1_30' title="bbox 122 3251 1134 3328; baseline 0.003 -22"><span class='ocrx_word' id='word_1_242' title='bbox 122 3251 164 3307; x_wconf 84' lang='lat' dir='ltr'>nis</span> <span class='ocrx_word' id='word_1_243' title='bbox 186 3253 299 3308; x_wconf 77' lang='lat' dir='ltr'>Arianae</span> <span class='ocrx_word' id='word_1_244' title='bbox 321 3256 457 3327; x_wconf 84' lang='lat' dir='ltr'>principes</span> <span class='ocrx_word' id='word_1_245' title='bbox 480 3256 651 3320; x_wconf 87' lang='lat' dir='ltr'>ellendissct,</span> <span class='ocrx_word' id='word_1_246' title='bbox 681 3273 742 3311; x_wconf 93' lang='lat' dir='ltr'>cum</span> <span class='ocrx_word' id='word_1_247' title='bbox 764 3256 816 3310; x_wconf 91' lang='lat' dir='ltr'>illis</span> <span class='ocrx_word' id='word_1_248' title='bbox 838 3272 1010 3328; x_wconf 76' lang='lat' dir='ltr'>congressus</span> <span class='ocrx_word' id='word_1_249' title='bbox 1033 3266 1087 3321; x_wconf 82' lang='lat' dir='ltr'>est,</span> <span class='ocrx_word' id='word_1_250' title='bbox 1107 3270 1134 3310; x_wconf 81' lang='lat' dir='ltr'>ac</span> 
     </span>
     <span class='ocr_line' id='line_1_31' title="bbox 123 3335 1134 3409; baseline 0.004 -19"><span class='ocrx_word' id='word_1_251' title='bbox 123 3344 185 3409; x_wconf 90' lang='lat' dir='ltr'>post</span> <span class='ocrx_word' id='word_1_252' title='bbox 212 3335 320 3409; x_wconf 82' lang='lat' dir='ltr'>longam</span> <span class='ocrx_word' id='word_1_253' title='bbox 343 3339 561 3403; x_wconf 88' lang='lat' dir='ltr'>altercationem,</span> <span class='ocrx_word' id='word_1_254' title='bbox 591 3341 696 3397; x_wconf 87' lang='lat' dir='ltr'>demum</span> <span class='ocrx_word' id='word_1_255' title='bbox 720 3339 885 3396; x_wconf 87' lang='lat' dir='ltr'>allaborante</span> <span class='ocrx_word' id='word_1_256' title='bbox 910 3342 1085 3405; x_wconf 86' lang='lat' dir='ltr'>Constantio,</span> <span class='ocrx_word' id='word_1_257' title='bbox 1111 3339 1134 3394; x_wconf 78' lang='lat' dir='ltr'>ia</span> 
     </span>
     <span class='ocr_line' id='line_1_32' title="bbox 123 3417 1137 3495; baseline 0.002 -19"><span class='ocrx_word' id='word_1_258' title='bbox 123 3437 181 3476; x_wconf 90' lang='lat' dir='ltr'>eam</span> <span class='ocrx_word' id='word_1_259' title='bbox 204 3420 265 3477; x_wconf 90' lang='lat' dir='ltr'>lidei</span> <span class='ocrx_word' id='word_1_260' title='bbox 287 3423 483 3495; x_wconf 81' lang='lat' dir='ltr'>professionem</span> <span class='ocrx_word' id='word_1_261' title='bbox 507 3442 668 3482; x_wconf 85' lang='lat' dir='ltr'>consensum</span> <span class='ocrx_word' id='word_1_262' title='bbox 690 3425 723 3480; x_wconf 89' lang='lat' dir='ltr'>ab</span> <span class='ocrx_word' id='word_1_263' title='bbox 747 3424 871 3481; x_wconf 90' lang='lat' dir='ltr'>omuibus</span> <span class='ocrx_word' id='word_1_264' title='bbox 895 3435 954 3490; x_wconf 88' lang='lat' dir='ltr'>est,</span> <span class='ocrx_word' id='word_1_265' title='bbox 986 3437 1019 3482; x_wconf 92' lang='lat' dir='ltr'>ut</span> <span class='ocrx_word' id='word_1_266' title='bbox 1039 3417 1137 3490; x_wconf 69' lang='lat' dir='ltr'>odorbc</span> 
     </span>
     <span class='ocr_line' id='line_1_33' title="bbox 124 3497 1134 3582; baseline 0.002 -21"><span class='ocrx_word' id='word_1_267' title='bbox 124 3514 151 3561; x_wconf 93' lang='lat' dir='ltr'>et</span> <span class='ocrx_word' id='word_1_268' title='bbox 173 3497 338 3578; x_wconf 76' lang='grc' dir='ltr'><strong><em>ὁμοουσίου</em></strong></span> <span class='ocrx_word' id='word_1_269' title='bbox 360 3508 467 3563; x_wconf 88' lang='lat' dir='ltr'>abolitis</span> <span class='ocrx_word' id='word_1_270' title='bbox 488 3509 609 3574; x_wconf 86' lang='lat' dir='ltr'>vocibus,</span> <span class='ocrx_word' id='word_1_271' title='bbox 634 3511 727 3566; x_wconf 79' lang='lat' dir='ltr'>titium</span> <span class='ocrx_word' id='word_1_272' title='bbox 745 3510 816 3564; x_wconf 86' lang='lat' dir='ltr'>Patri</span> <span class='ocrx_word' id='word_1_273' title='bbox 839 3527 889 3582; x_wconf 91' lang='lat' dir='ltr'>per</span> <span class='ocrx_word' id='word_1_274' title='bbox 912 3513 1005 3567; x_wconf 87' lang='lat' dir='ltr'>omnia</span> <span class='ocrx_word' id='word_1_275' title='bbox 1030 3510 1134 3567; x_wconf 80' lang='lat' dir='ltr'>simdeu</span> 
     </span>
     <span class='ocr_line' id='line_1_34' title="bbox 123 3590 1136 3670; baseline 0.005 -25"><span class='ocrx_word' id='word_1_276' title='bbox 123 3590 369 3649; x_wconf 62' lang='lat' dir='ltr'>altirrnarentseui</span> <span class='ocrx_word' id='word_1_277' title='bbox 393 3593 487 3648; x_wconf 86' lang='lat' dir='ltr'>Valens</span> <span class='ocrx_word' id='word_1_278' title='bbox 510 3595 607 3649; x_wconf 85' lang='lat' dir='ltr'>inritus</span> <span class='ocrx_word' id='word_1_279' title='bbox 630 3595 805 3668; x_wconf 84' lang='lat' dir='ltr'>subscripsit,</span> <span class='ocrx_word' id='word_1_280' title='bbox 829 3595 943 3650; x_wconf 88' lang='lat' dir='ltr'>Basilius</span> <span class='ocrx_word' id='word_1_281' title='bbox 965 3614 1049 3660; x_wconf 88' lang='lat' dir='ltr'>vero,</span> <span class='ocrx_word' id='word_1_282' title='bbox 1069 3593 1136 3670; x_wconf 83' lang='lat' dir='ltr'>quod</span> 
     </span>
     <span class='ocr_line' id='line_1_35' title="bbox 125 3675 1135 3751; baseline 0.007 -24"><span class='ocrx_word' id='word_1_283' title='bbox 125 3675 269 3746; x_wconf 90' lang='lat' dir='ltr'>impetrare</span> <span class='ocrx_word' id='word_1_284' title='bbox 291 3678 398 3733; x_wconf 91' lang='lat' dir='ltr'>minime</span> <span class='ocrx_word' id='word_1_285' title='bbox 421 3678 569 3750; x_wconf 84' lang='lat' dir='ltr'>potuisset,</span> <span class='ocrx_word' id='word_1_286' title='bbox 601 3689 631 3734; x_wconf 92' lang='lat' dir='ltr'>ut</span> <span class='ocrx_word' id='word_1_287' title='bbox 654 3680 680 3735; x_wconf 87' lang='lat' dir='ltr'>iu</span> <span class='ocrx_word' id='word_1_288' title='bbox 703 3679 815 3734; x_wconf 75' lang='lat' dir='ltr'>formula</span> <span class='ocrx_word' id='word_1_289' title='bbox 838 3679 894 3751; x_wconf 89' lang='lat' dir='ltr'>ipsa</span> <span class='ocrx_word' id='word_1_290' title='bbox 918 3681 1080 3736; x_wconf 80' lang='lat' dir='ltr'>substantie</span> <span class='ocrx_word' id='word_1_291' title='bbox 1099 3679 1135 3734; x_wconf 75' lang='lat' dir='ltr'>si·</span> 
     </span>
     <span class='ocr_line' id='line_1_36' title="bbox 122 3760 1136 3837; baseline 0.007 -25"><span class='ocrx_word' id='word_1_292' title='bbox 122 3760 196 3813; x_wconf 82' lang='lat' dir='ltr'>milis</span> <span class='ocrx_word' id='word_1_293' title='bbox 219 3760 355 3817; x_wconf 87' lang='lat' dir='ltr'>diceretur</span> <span class='ocrx_word' id='word_1_294' title='bbox 377 3763 469 3826; x_wconf 75' lang='lat' dir='ltr'>Filius</span> <span class='ocrx_word' id='word_1_295' title='bbox 492 3763 518 3818; x_wconf 90' lang='lat' dir='ltr'>in</span> <span class='ocrx_word' id='word_1_296' title='bbox 541 3763 741 3837; x_wconf 85' lang='lat' dir='ltr'>subscriptione</span> <span class='ocrx_word' id='word_1_297' title='bbox 763 3781 812 3819; x_wconf 92' lang='lat' dir='ltr'>sua</span> <span class='ocrx_word' id='word_1_298' title='bbox 834 3765 898 3836; x_wconf 90' lang='lat' dir='ltr'>quid</span> <span class='ocrx_word' id='word_1_299' title='bbox 922 3769 1039 3821; x_wconf 88' lang='lat' dir='ltr'>sentiret</span> <span class='ocrx_word' id='word_1_300' title='bbox 1058 3774 1136 3822; x_wconf 76' lang='lat' dir='ltr'>testa·</span> 
     </span>
     <span class='ocr_line' id='line_1_37' title="bbox 125 3845 1136 3922; baseline 0.007 -26"><span class='ocrx_word' id='word_1_301' title='bbox 125 3852 180 3897; x_wconf 90' lang='lat' dir='ltr'>tum</span> <span class='ocrx_word' id='word_1_302' title='bbox 209 3845 307 3910; x_wconf 86' lang='lat' dir='ltr'>voluit,</span> <span class='ocrx_word' id='word_1_303' title='bbox 337 3856 367 3903; x_wconf 92' lang='lat' dir='ltr'>ut</span> <span class='ocrx_word' id='word_1_304' title='bbox 396 3847 529 3903; x_wconf 90' lang='lat' dir='ltr'>hocloco</span> <span class='ocrx_word' id='word_1_305' title='bbox 554 3859 643 3905; x_wconf 91' lang='lat' dir='ltr'>narrat</span> <span class='ocrx_word' id='word_1_306' title='bbox 666 3849 839 3922; x_wconf 88' lang='lat' dir='ltr'>Epiphanius.</span> <span class='ocrx_word' id='word_1_307' title='bbox 886 3850 984 3905; x_wconf 77' lang='lat' dir='ltr'>Valens</span> <span class='ocrx_word' id='word_1_308' title='bbox 1009 3868 1070 3906; x_wconf 87' lang='lat' dir='ltr'>eum</span> <span class='ocrx_word' id='word_1_309' title='bbox 1091 3850 1136 3904; x_wconf 83' lang='lat' dir='ltr'>bae</span> 
     </span>
     <span class='ocr_line' id='line_1_38' title="bbox 123 3928 1136 4008; baseline 0.004 -24"><span class='ocrx_word' id='word_1_310' title='bbox 123 3928 237 3986; x_wconf 73' lang='lat' dir='ltr'>formula</span> <span class='ocrx_word' id='word_1_311' title='bbox 264 3929 326 3986; x_wconf 88' lang='lat' dir='ltr'>fidei</span> <span class='ocrx_word' id='word_1_312' title='bbox 354 3933 442 3987; x_wconf 91' lang='lat' dir='ltr'>statim</span> <span class='ocrx_word' id='word_1_313' title='bbox 472 3933 504 3987; x_wconf 96' lang='lat' dir='ltr'>ad</span> <span class='ocrx_word' id='word_1_314' title='bbox 527 3935 694 3990; x_wconf 83' lang='lat' dir='ltr'>driininense</span> <span class='ocrx_word' id='word_1_315' title='bbox 718 3934 865 3989; x_wconf 75' lang='lat' dir='ltr'>Cirncilium</span> <span class='ocrx_word' id='word_1_316' title='bbox 894 3937 1026 4008; x_wconf 78' lang='lat' dir='ltr'>perrexit.</span> <span class='ocrx_word' id='word_1_317' title='bbox 1071 3937 1136 3991; x_wconf 86' lang='lat' dir='ltr'>luter</span> 
     </span>
     <span class='ocr_line' id='line_1_39' title="bbox 124 4011 1136 4095; baseline 0.008 -28"><span class='ocrx_word' id='word_1_318' title='bbox 124 4011 216 4070; x_wconf 90' lang='lat' dir='ltr'>llilarii</span> <span class='ocrx_word' id='word_1_319' title='bbox 237 4013 386 4089; x_wconf 79' lang='lat' dir='ltr'>fragmenta</span> <span class='ocrx_word' id='word_1_320' title='bbox 408 4025 479 4074; x_wconf 84' lang='lat' dir='ltr'>extat</span> <span class='ocrx_word' id='word_1_321' title='bbox 494 4018 612 4093; x_wconf 85' lang='lat' dir='ltr'>Epistola</span> <span class='ocrx_word' id='word_1_322' title='bbox 629 4019 765 4083; x_wconf 89' lang='lat' dir='ltr'>Germiuii,</span> <span class='ocrx_word' id='word_1_323' title='bbox 790 4037 822 4075; x_wconf 78' lang='lat' dir='ltr'>es</span> <span class='ocrx_word' id='word_1_324' title='bbox 843 4037 895 4093; x_wconf 66' lang='lat' dir='ltr'>«pua</span> <span class='ocrx_word' id='word_1_325' title='bbox 917 4021 985 4077; x_wconf 88' lang='lat' dir='ltr'>illud</span> <span class='ocrx_word' id='word_1_326' title='bbox 1003 4030 1136 4095; x_wconf 78' lang='lat' dir='ltr'>praeterea</span> 
     </span>
    </p>
   </div>
   <div class='ocr_carea' id='block_1_9' title="bbox 0 0 1312 4822">
    <p class='ocr_par' dir='ltr' id='par_1_10' title="bbox 0 0 1312 4822">
     <span class='ocr_line' id='line_1_40' title="bbox 0 0 1312 4822; baseline 0 0"><span class='ocrx_word' id='word_1_327' title='bbox 0 0 1312 4822; x_wconf 95' lang='lat' dir='ltr'> </span> 
     </span>
    </p>
   </div>
  </div>
 </body>
</html>
