2586 4822
147 726 186 788 ro
579 736 710 788 -esrsru

144 886 235 966 ἔβαλε
256 883 309 950 τὸν
331 882 452 966 alpem
486 890 602 949 Victima
622 893 688 966 ipen
704 891 878 966 primoribus
900 887 1160 960 aidonopolites

143 980 260 1034 obiitne
292 976 377 1034 Cuius
401 994 420 1032 α
441 985 518 1049 tergo
540 987 620 1034 stone
634 977 820 1051 eorumden,
840 974 918 1046 [nida
934 981 1089 1030 extremitas
1102 980 1159 1029 αα-

143 1064 212 1120 bens
231 1065 366 1137 pecudem
383 1063 548 1136 prosternit.
579 1061 648 1120 lion
668 1078 704 1117 en
727 1063 842 1117 rodente
857 1057 949 1114 Derim
969 1059 1052 1114 ἰάααι
1072 1058 1160 1114 sossi·

143 1149 374 1213 notissisimum,
397 1147 650 1218 emineresooit
680 1146 750 1202 inde
771 1147 872 1217 laqueo
887 1144 990 1201 nollem
1005 1143 1158 1199 circem.

144 1233 215 1290 llaec
238 1231 318 1289 verba
339 1226 461 1298 σπάσας
482 1224 577 1305 τῆν’
560 1223 657 1330 oppda
677 1233 732 1288 τοῦ
754 1222 892 1306 στρόφου
914 1227 1079 1285 Laurentius
1097 1244 1159 1302 per*-

144 1334 236 1392 peram
260 1317 351 1374 vertit:
375 1323 470 1372 nomin
492 1315 628 1390 imprimis
649 1316 751 1388 insuto.
782 1316 836 1370 lsta
857 1329 921 1371 vero
942 1305 1059 1387 respnde
1072 1306 1158 1385 ἔβαλε

144 1397 198 1460 τὸν
227 1393 338 1474 αὐχένα
368 1401 463 1457 vitiosa
485 1410 558 1457 sunt.
603 1400 696 1458 Scribe
719 1383 834 1475 napi
810 1417 854 1456 ων
875 1391 967 1470 ibam
989 1415 1042 1472 pro
1063 1390 1158 1496 uepri-

143 1485 237 1559 βαλε,
260 1485 334 1559 quod
355 1485 475 1542 lonicum
498 1495 549 1543 est.
580 1486 624 1542 Sic
645 1485 708 1541 nlibi
724 1476 789 1542 κατ’
807 1468 1018 1555 άνέκάλυψε,
1042 1492 1071 1541 et
1085 1470 1158 1539 κατά

39 1604 43 1613 ·
138 1589 181 1644 ,με
204 1561 393 1646 ἐφάρμαξας.
436 1570 474 1626 lie
496 1570 612 1627 Aeinaee
634 1570 693 1627 vide
714 1569 922 1628 Alexandrinum
945 1567 1140 1626 Clementem
1132 1582 1158 1623 ui

145 1655 323 1754 Protreptico,
348 1656 522 1757 Luciapum
515 1673 543 1712 nr
565 1656 670 1712 Torani.

229 1720 319 1809 ἐξ
282 1759 318 1797 ov
343 1735 377 1798 ed
399 1734 484 1816 γένος
505 1732 666 1817 κατάγεται
692 1738 837 1817 Φριγῶν]
861 1741 883 1794 Δ
905 1737 1057 1795 Thracibus
1080 1736 1158 1810 origi-

146 1844 207 1883 nem
230 1838 336 1883 traxero
357 1825 488 1899 Phryges.
532 1825 671 1883 Dardanus
693 1834 768 1882 certe
790 1824 905 1898 primum
928 1823 955 1879 in
978 1820 1157 1879 Samothraca

146 1912 283 1968 consedit.
306 1910 405 1966 unde
399 1928 427 1966 m
442 1911 584 1984 Phrygiam
608 1912 721 1967 traiecit.
751 1909 805 1966 Sed
823 1906 1004 1971 etalloesis,
1027 1906 1070 1964 rel
1083 1904 1156 1981 tipo

146 1996 277 2068 liuropeis
299 1995 389 2068 llysos
410 1995 541 2051 Asiaticos
564 2004 727 2068 propagatos
749 2001 884 2050 asserunt
912 1993 1019 2049 Diserte
1034 1992 1157 2091 idipsum

146 2079 284 2135 Strabol.
308 2083 340 2136 lO
370 2074 420 2135 uni
449 2071 505 2134 οὐκ
533 2071 688 2174 ἀπεικός)
688 2097 724 2149 e,
746 2068 855 2181 dinnep
880 2069 966 2135 αὐτοὶ
990 2069 1020 2132 oi
1045 2066 1156 2151 Φρύγες

149 2159 282 2243 Θρᾳκῶν
304 2153 429 2219 daniso!
447 2159 519 2232 sior,
543 2153 624 2220 οὕτω
647 2158 697 2220 καὶ
719 2158 757 2221 τά
780 2156 847 2241 ἱερά
867 2158 986 2220 desider
1005 2152 1155 2236 pererqri·

142 2221 233 2322 χθάι.

231 2333 291 2392 bd.
320 2328 495 2413 μετηιὲχθη
518 2326 551 2390 δὲ
570 2328 724 2400 ταῦταεῖς
731 2323 892 2408 Έλληνας]
917 2329 1156 2388 Eusebinilbro·

147 2419 207 2475 nien
236 2420 266 2474 b.
291 2420 362 2476 464.
406 2419 516 2475 hirnus
547 2418 665 2492 Cecrops
694 2421 791 2476 bovem
817 2418 965 2474 immolans
994 2416 1089 2491 lovem
1112 2430 1154 2488 np-

144 2503 272 2579 petierit.

232 2584 281 2645 reni
310 2571 347 2663 ἦν
374 2583 430 2662 μὲν
455 2581 534 2645 κατὰ
558 2590 666 2645 τοῦτον
688 2579 740 2645 τὸν
761 2578 880 2661 καιρόν]
909 2585 1076 2645 nbraamum
1096 2598 1156 2643 anuo

148 2674 207 2730 Nini
236 2676 275 2733 43
304 2684 397 2731 natum
421 2692 481 2731 esso
504 2674 625 2731 docuit'
618 2691 646 2730 rn
669 2673 808 2729 chronicis
830 2671 980 2735 Eusebius,
1010 2671 1095 2745 idque
1114 2685 1157 2744 po·

148 2760 228 2815 steris
257 2759 383 2815 omnibus
409 2760 551 2833 persuasit.
596 2758 661 2814 Nam
683 2775 763 2814 nemo
786 2766 828 2814 est
850 2765 972 2813 veterum
995 2766 1060 2853 ppst
1082 2754 1157 2812 tuse·

149 2843 237 2908 binni,
268 2845 390 2918 quinon
413 2862 463 2918 pro
486 2853 561 2901 certo
583 2843 611 2899 id
633 2843 772 2907 babuerit,
798 2859 830 2898 ao
851 2851 980 2935 tanquam
1003 2831 1159 2898 donadin-

150 2946 221 2983 κτον
249 2919 346 3002 ἀρχὴν
368 2929 565 3002 chronologiae
593 2945 658 2985 suae
680 2927 841 3002 praebuerit.
886 2925 968 2983 Serl'
962 2941 998 2982 in·
1012 2923 1160 2999 digerendis

150 3012 329 3085 Assyriorum,
352 3030 383 3068 ao
404 3012 543 3069 Medorum
566 3013 712 3070 intervallis
734 3012 817 3068 variat
839 3010 981 3067 Eusebius.
1019 3010 1050 3065 ln
1074 3017 1162 3085 postt-

45 3130 48 3135 -
150 3097 221 3153 rinre
244 3097 438 3153 chronicorum
462 3096 556 3162 libro,
580 3098 627 3172 qui
648 3114 734 3154 annos
757 3113 889 3171 expansos
911 3093 1163 3169 complectiturque

150 3190 213 3236 ortu
235 3180 367 3245 nbraami,
391 3190 471 3255 qtlem
494 3182 551 3237 vult
573 3199 633 3238 esse
656 3183 715 3238 b'ini
736 3185 784 3247 43,
807 3181 840 3237 ad
856 3179 1029 3252 Sardanapali
1052 3190 1163 3237 momen

150 3265 212 3320 anni
233 3274 298 3320 sunt
321 3267 392 3323 696.
421 3266 523 3322 nudius
546 3266 605 3322 Nini
629 3270 677 3330 42.
701 3268 747 3342 qni
771 3265 894 3322 Abraami
916 3265 1031 3322 natalem
1056 3275 1165 3323 anteon·

151 3348 227 3413 dunt,
251 3357 278 3405 et
300 3349 355 3406 beli
378 3353 416 3409 65
439 3350 519 3419 (blibi
537 3354 575 3408 55
598 3350 668 3408 idem
683 3354 782 3409 autbor
797 3358 942 3419 numerat),
966 3346 1164 3408 conduntani

153 3436 212 3492 803
241 3433 340 3507 quibus
367 3435 537 3508 Assyriorum
567 3436 721 3494 blonarcbia
753 3437 849 3493 tenuit.
894 3437 1054 3507 Sequuntur
1082 3433 1166 3491 usui:

152 3517 249 3592 quibus
278 3537 363 3576 annos
392 3520 505 3593 imputat
529 3523 599 3579 260.
643 3523 737 3596 ltaque
760 3522 819 3594 Cyri
842 3538 873 3577 ae
896 3521 1038 3577 Persarum
1063 3520 1167 3577 initium

152 3604 228 3677 ponit
261 3622 374 3661 numeru
403 3608 473 3664 957.
519 3606 567 3663 llio
595 3607 714 3681 Scabger
746 3605 849 3662 nullum
882 3605 1031 3662 insectandi
1059 3602 1171 3662 Eusebii

152 3688 233 3746 linem
255 3689 326 3755 lacit,
350 3692 429 3766 eique
452 3709 521 3764 pene
543 3691 669 3748 omnibus
692 3691 795 3764 paginis
818 3691 967 3747 insolenter
988 3688 1088 3747 dludit.
1116 3692 1173 3747 do·

152 3775 299 3830 cusationis
321 3784 402 3849 eaput
423 3785 474 3841 est,
497 3776 571 3849 quod
592 3777 762 3849 Assyriorum
786 3776 873 3849 lieges
895 3775 997 3847 aliquot
1018 3775 1175 3848 praeterie-

153 3859 197 3923 rit,
220 3869 249 3917 et
269 3859 302 3917 de
325 3861 401 3917 annis
423 3861 531 3917 illortnu
554 3861 709 3918 detraxerit.
741 3862 807 3916 Curu
830 3861 902 3917 enim
923 3877 956 3916 en
973 3859 1101 3917 birieann
1116 3860 1175 3917 lle·

153 3963 217 4019 gum
239 3944 347 4002 diorum
369 3946 475 4011 seriem,
499 3954 630 4002 stannus
654 3946 867 4019 uniuscuiusque
889 3945 1075 4017 descripserit.
1100 3945 1176 4020 apud

153 4030 306 4089 biricanum
328 4048 392 4089 sero
408 4032 495 4105 Reges
519 4039 697 4088 numerentur
713 4034 762 4096 41,
786 4031 935 4106 iisdemque
950 4028 1024 4087 tuille
1040 4030 1178 4105 quadrin-
