2586 4822
165 792 206 855 61
464 804 577 856 rernm
595 802 875 859 nururorrnsrottrs

164 962 280 1018 eandem
308 960 382 1017 ilium
403 970 528 1018 numerat
554 963 628 1025 140,
657 960 703 1035 qui
725 976 740 1014 a
761 958 920 1033 Dionysiana
943 959 1048 1032 epocha
1069 958 1179 1019 nonn‘mi

167 1050 225 1105 tau
249 1056 300 1104 est.
340 1049 374 1103 At
395 1051 422 1102 in
443 1044 601 1110 Annalibus,
623 1045 672 1118 qui
690 1043 793 1100 biennii
813 1044 1031 1122 προχρονισμῷ
1052 1051 1183 1117 peccant..

167 1136 221 1190 141
249 1131 348 1189 Christi
370 1139 552 1203 computetur.
596 1129 635 1185 lle
655 1146 708 1203 qua
731 1145 863 1185 annorum
885 1126 1090 1203 perturbatione
1112 1129 1183 1193 satfu

163 1219 246 1274 multa
274 1217 307 1274 nd
328 1215 457 1272 Haeresiu
479 1218 518 1275 ,bl
542 1214 667 1271 diximus.
710 1213 749 1269 lle
773 1216 851 1271 tertia
864 1213 1004 1286 'Scaligeri
1026 1213 1180 1275 hallucinay

163 1304 236 1359 Cone
258 1317 340 1374 supra
361 1300 525 1364 monuimus,
548 1298 611 1356 dum
633 1315 718 1355 annos
740 1298 855 1354 Adriano
880 1298 973 1355 tribuit
996 1299 1045 1362 21,
1068 1314 1179 1361 menses

167 1392 198 1445 11
226 1395 253 1442 et
275 1387 333 1442 eius
356 1393 445 1441 tamen
468 1384 571 1441 obitum
593 1384 699 1441 coniert
725 1383 752 1440 in
774 1400 874 1439 aunum
898 1383 996 1439 Christi
1024 1386 1091 1449 137,
1122 1399 1179 1457 quo

163 1482 190 1528 et
205 1471 332 1527 Antonini
354 1470 468 1543 primum
490 1469 613 1542 coepisse
634 1477 774 1526 memoret.
805 1467 862 1525 lloc
885 1467 957 1524 enim
978 1477 1058 1542 pacto
1073 1469 1177 1542 primus

162 1555 290 1613 Antonini
312 1556 453 1612 conveniet
474 1571 544 1611 auno
568 1553 665 1610 Christi
691 1556 759 1612 115.
795 1553 874 1621 Quod
896 1563 938 1611 est
959 1553 1074 1609 immane
1096 1568 1179 1630 παρ-

163 1636 243 1714 εχεί
262 1658 335 1714 ημα.
1172 1707 1175 1713 Ι

177 1658 195 1716 y
241 1658 356 1781 ρτοῦτον
368 1717 537 1796 διαδέχεται
549 1716 769 1800 Καράιοαλλος]
790 1723 860 1781 Sunt
872 1724 939 1779 haec
952 1723 1178 1796 inquinatissimr.

162 1813 250 1883 Atque
271 1808 344 1865 beuti
365 1809 421 1865 scio
443 1826 477 1864 an
500 1810 567 1864 iraec
589 1807 683 1873 verba,
707 1802 928 1886 Καράκαλλος,
957 1800 973 1865 δ
995 1803 1046 1863 καὶ
1070 1804 1099 1862 Γ
1098 1801 1185 1878 ἕως,

162 1894 305 1951 reiicienda
319 1894 388 1950 sint:
406 1902 436 1949 ut
450 1893 486 1949 ita
503 1893 631 1967 procedat
646 1893 743 1958 oratio,
766 1895 875 1950 τοῦτον
891 1887 1061 1966 διαδέχεται
1077 1884 1179 1969 Μοίρ-

162 1970 386 2055 ιιοςΑὐρδλιος,
409 1969 443 2044 ὃς
464 1974 513 2033 καὶ
534 1969 656 2053 Οδῆρος
670 1971 794 2053 ἐλέγετο.
825 1978 854 2034 P.
867 1981 923 2035 114
948 1977 1028 2052 paulo
1049 1976 1178 2049 liquidior

162 2081 193 2120 ac
215 2063 347 2119 sincerior
368 2063 563 2137 imperatorum
586 2064 722 2120 successio
745 2063 915 2136 proponitur,
938 2062 985 2117 ubi
1008 2071 1035 2121 et
1049 2062 1128 2118 aliam
1143 2062 1180 2119 de

161 2147 297 2204 hocloco
319 2147 503 2204 coniecturam
525 2165 699 2221 exponemus.
744 2149 807 2204 Nam
833 2146 908 2222 quod
930 2147 1111 2220 tristegum,
1140 2144 1184 2203 Ι..

161 2232 299 2289 Aurelium
327 2240 432 2305 septem
461 2249 546 2288 annos
568 2232 730 2305 imperasse,
753 2232 925 2289 laisissimum
949 2242 1005 2296 est,
1036 2240 1187 2289 ettamen.

162 2334 196 2374 ne
230 2318 258 2372 in
290 2316 427 2374 librarium
456 2318 594 2373 transferri
622 2317 700 2390 culpa
729 2318 828 2391 possit,
858 2316 973 2374 subinde
1001 2316 1179 2375 corfirmetur

161 2419 253 2466 error,
284 2419 345 2459 cum
372 2402 472 2458 dicitur
500 2403 598 2459 Lucius
619 2402 745 2459 Aurelius
768 2402 930 2458 Commodus
958 2403 1035 2457 annis
1064 2400 1178 2475 perinde

161 2497 266 2561 septem
288 2487 445 2561 imperasse.
960 2552 962 2556 Α
1183 2558 1186 2563 ,

245 2568 277 2630 ἐν
297 2575 362 2638 τοῖς
383 2564 478 2629 αὐτοῦ
497 2563 620 2646 χρόνοις
642 2566 692 2626 καὶ
713 2564 864 2646 Λούκιος]
895 2571 954 2627 Νοο
976 2569 1056 2628 liarci
1074 2569 1180 2629 Aurelii

160 2657 245 2714 lilium
267 2657 443 2716 Commodum
464 2654 605 2730 iutelligit,
628 2657 676 2731 qui
696 2658 802 2729 parenti
824 2657 970 2721 successit,
994 2656 1042 2711 seu
1064 2656 1185 2717 Lucium.

162 2742 300 2799 Ceionium
328 2742 431 2798 Aelium
459 2741 635 2799 Commodum
664 2742 763 2798 Verum
790 2740 971 2805 Antoninum,
1007 2739 1080 2798 Lneii
1110 2740 1187 2809 Aelii¹

162 2826 223 2881 Veri
245 2826 274 2880 y,
303 2828 349 2898 qui
371 2826 404 2882 ab
427 2826 543 2882 Adriano
565 2826 709 2898 adoptatus
731 2827 832 2899 primus
856 2825 953 2882 Caesar
974 2834 1016 2881 est
1037 2825 1127 2881 dictus
1149 2833 1180 2885 ci

161 2918 223 2966 ante
245 2908 391 2965 Adrianum
419 2918 551 2966 mortuus.
597 2909 681 2965 iluius
710 2908 780 2966 lilius
809 2909 842 2965 ab
864 2911 979 2966 Adriano
1008 2910 1040 2966 ad
1068 2909 1181 2984 Imperii

161 3010 237 3066 spem
260 3010 320 3049 cum
341 2993 376 3048 11.
392 2993 501 3049 Aurelio
523 2995 638 3067 primum
662 3004 779 3058 evectus,
803 3012 864 3051 cum
887 2995 982 3052 eodem
1006 3004 1067 3067 post
1088 2999 1181 3053 Ante·

161 3079 254 3134 ninum
275 3078 512 3151 imperavitannis
538 3082 585 3136 11.
622 3078 693 3135 Hace
716 3079 890 3153 Capitolinus.
926 3081 1071 3153 Perperam
1094 3080 1181 3154 igitur

162 3172 215 3220 tam
247 3162 310 3218 hnic
337 3180 417 3236 quam
438 3163 472 3220 11.
488 3163 598 3221 Aurelio
620 3172 725 3238 septem
747 3165 809 3220 anni
833 3165 997 3221 tribuuntur.
1043 3164 1112 3221 Hinc
1135 3174 1183 3233 eni

161 3248 234 3320 quod
256 3266 283 3322 p.
297 3251 351 3306 tit
375 3249 402 3305 iu
424 3248 591 3324 reliquorum
607 3249 691 3323 impp.
714 3250 784 3306 serie
800 3249 854 3305 dno
871 3250 1009 3305 Commodi
1025 3257 1181 3322 ponuntur.

110 3333 236 3400 3980uae
258 3349 311 3396 res,
334 3334 374 3389 uti
395 3350 457 3391 mor
479 3335 591 3396 dicetur.
615 3334 764 3408 Epiphanio
786 3335 886 3390 erroris
906 3335 1075 3391 occasionem
1091 3334 1179 3401 denir.

249 3419 307 3475 172
324 3416 350 3473 b.
374 3414 406 3476 ἓν
425 3420 489 3485 τοῖς
508 3419 564 3474 τοῦ
579 3411 717 3493 Σεοήρου
734 3413 870 3494 χρόνοις]
901 3419 983 3475 Cuius
1000 3420 1108 3476 tnn'dcm
1124 3419 1179 3477 So·

161 3499 237 3557 veril
271 3502 379 3568 Eiusne,
402 3521 484 3576 quem
505 3503 625 3577 proxime
647 3504 781 3560 Pertinaci
803 3501 937 3560 subiecit?
979 3504 1060 3576 Atqui
1084 3503 1178 3561 Theo.-

161 3586 245 3650 dotio,
269 3604 349 3661 quem
371 3589 550 3661 posteriorem
566 3589 726 3663 Symmacho
749 3597 847 3670 putat,
860 3587 910 3644 sub
928 3586 1075 3645 Commodo
1100 3605 1179 3647 suam

160 3672 312 3728 bilitionem
333 3674 450 3746 scripsit.
495 3673 653 3731 dstantem
676 3673 776 3729 Severo
798 3673 873 3746 prior
895 3672 1067 3729 Commodus.
1099 3673 1180 3743 Qum

161 3757 242 3813 modo
264 3755 347 3830 iyiteu
368 3757 582 3815 Theodotiouem
605 3759 782 3832 Symmachus
803 3758 968 3815 antecessit?
1004 3757 1100 3813 llirum
1122 3758 1182 3817 boo

60 3870 64 3878 ·
162 3852 189 3899 et
211 3839 394 3916 inextricabile
415 3842 553 3919 plerisque
575 3843 672 3899 morito
695 3843 781 3898 visum
795 3851 846 3907 cst,
872 3859 959 3915 neque
974 3860 1024 3898 nos
1041 3853 1095 3900 tam
1109 3842 1178 3916 upt-

161 3926 253 4000 pbanii
281 3936 369 3983 errato
399 3929 577 3999 patrocinium
607 3936 654 3986 aut
680 3927 799 3984 colorem
828 3944 976 4001 quaerere,
1006 3945 1087 4001 quam
1109 3926 1184 3987 trud

161 4013 249 4084 ipsum
271 4027 369 4069 eruere
390 4028 421 4068 ac
443 4013 575 4086 vestigare
597 4013 737 4070 debemus
775 4012 861 4069 Nemo
883 4012 955 4070 enim
977 4013 1121 4078 hactenus,
1143 4029 1179 4071 ex

162 4105 203 4152 tot
224 4095 412 4169 scriptoribus,
434 4112 507 4173 quoe
528 4098 572 4154 bic
586 4097 729 4172 Cpipbanii
747 4097 826 4155 iocus
848 4098 1022 4155 vehementer
1044 4096 1176 4165 exercuit,
