2586 4822
118 835 175 880 m
528 830 555 881 S.
574 829 721 880 Eetrtttrttt
923 768 943 802 Ι

117 999 177 1054 oet,
213 988 284 1062 quod
314 987 463 1060 “ternplum
499 986 689 1042 dedicaverunt
717 987 744 1041 in
773 984 930 1058 Cypriorum
960 985 1046 1040 insula
1076 986 1129 1040 cius

117 1073 256 1147 discipuli,
286 1083 473 1144 nuncupantes
502 1071 567 1127 illud
596 1072 714 1129 eiusdem
739 1071 824 1126 Patris
847 1070 994 1135 i'ocaluilo,
1024 1079 1052 1125 et
1073 1087 1128 1125 run

117 1158 208 1215 multis
238 1158 295 1213 aliis
324 1157 476 1213 titularibus
504 1157 616 1230 picturis
638 1156 781 1229 imaginem
805 1173 862 1211 erus
885 1157 911 1210 in
934 1156 994 1227 ipso
1016 1154 1131 1211 colloca·

118 1245 206 1306 runt,''
237 1243 343 1316 qualern
373 1241 475 1297 scilicet
497 1241 586 1296 videro
608 1240 671 1296 lieet
693 1250 755 1295 ante
777 1258 875 1314 opera,
908 1241 1015 1295 Petavio
1040 1250 1130 1296 nostro

117 1337 228 1385 curante
251 1327 321 1382 edita
346 1336 397 1380 “cx
421 1335 576 1398 pervetusto
599 1326 714 1398 quodam
739 1325 890 1398 exemplari,
916 1327 988 1397 qriod
1006 1336 1092 1380 exstat
1107 1325 1128 1380 in

118 1411 416 1485 Constantinopolitano
443 1410 629 1483 antiquissimo
653 1412 831 1474 monasterio,
861 1410 923 1466 Sola
946 1410 1018 1466 dicto
1044 1411 1130 1484 triilgo

81 1544 82 1549 ,
117 1493 155 1554 τὰ
175 1489 210 1564 (ἐξ
230 1491 383 1572 μάρμαρα
405 1496 551 1568 appellanti
574 1497 647 1569 qiaod
670 1496 732 1550 oliui
758 1496 950 1551 patriarchium
975 1496 1035 1550 luit.

204 1583 231 1638 2.
277 1582 380 1637 Etouiin
409 1581 494 1636 etiam
525 1580 835 1653 Constantinopolitanae
864 1581 1014 1644 Ecclesiae,
1048 1597 1130 1654 aequa

117 1684 147 1722 ac
176 1668 224 1722 toti
248 1666 349 1722 Orienti
379 1666 430 1722 luit
456 1666 483 1720 in
511 1666 622 1721 mariana
650 1667 823 1721 ueneratione
845 1665 1026 1739 Epiphanius:
1058 1667 1131 1722 cuius

117 1752 222 1826 synaxis
246 1753 288 1824 (ut
311 1751 531 1806 habenthlenaea
554 1751 586 1805 ad
611 1752 682 1807 hunc
710 1753 744 1808 12
761 1751 831 1815 hlaii)
860 1752 887 1806 in
910 1751 983 1823 regia
1007 1751 1051 1806 illa
1067 1750 1130 1806 urbe

118 1836 327 1892 “celebrabatur
352 1836 377 1891 in
402 1836 568 1890 sanctissima
591 1836 648 1890 eius
672 1835 752 1892 aeile'’
775 1853 824 1890 seu
846 1836 953 1897 sacello.
979 1843 1130 1909 “quaeest

117 1921 185 1977 intra
211 1922 339 1995 ternplum
362 1921 452 1976 Sancti
474 1920 665 1984 Plrileinouis,''
688 1921 769 1996 quod,
795 1920 896 1976 Codino
919 1921 944 1975 in
970 1918 1130 1991 Oripinibua

118 2006 436 2078 Constantinopolitano
452 2014 606 2069 attestante,
625 2005 780 2061 “Eudoxias
797 2006 964 2061 Constantini
981 2005 1069 2079 llagni
1086 2022 1131 2079 pa·

117 2092 209 2146 trioius
238 2101 265 2147 et
294 2092 447 2164 praelectus
477 2090 621 2146 cutttlltlll”.
667 2091 770 2147 Colitur
797 2100 888 2146 autem
910 2090 946 2146 ibi
970 2100 997 2147 et
1018 2091 1083 2147 alibi
1103 2091 1129 2146 S.

118 2175 283 2248 Epiphanius
313 2176 418 2230 solenni
449 2177 531 2231 totius
560 2176 610 2231 diei
635 2176 743 2239 Ollirio,
773 2176 908 2231 coruinuni
939 2176 1049 2248 quidern
1073 2191 1129 2231 eum

118 2261 287 2315 S.Ger1nano
304 2261 453 2332 patriarcha
467 2260 779 2333 Corrstautinopolitano‚
797 2261 844 2316 sed
859 2261 1042 2334 principaliori
1058 2262 1128 2318 loco:

116 2345 253 2418 quomodo
277 2345 355 2400 etiarn
379 2354 489 2400 notatur
511 2346 536 2399 in
560 2345 681 2417 figuratis
704 2344 890 2401 ltutbenorurn
912 2363 960 2400 seu
981 2346 1130 2402 bloscorum

117 2429 291 2485 lialendariis.
337 2430 429 2485 Solum
453 2440 542 2486 autern
566 2430 639 2485 illurn
663 2440 767 2504 spectat
790 2448 876 2487 canoa
900 2448 990 2495 sacer,
1016 2432 1070 2487 hoc
1091 2431 1130 2486 dic

116 2515 299 2588 praescriptus
322 2515 372 2569 sub
395 2515 444 2569 har
467 2514 660 2571 acrostichide:

310 2589 487 2675 'Enipuvi'oo
510 2595 544 2656 τὸ
568 2596 659 2666 κῦδος
680 2593 788 2674 iiiluna
806 2591 922 2674 χθόνα.

315 2685 431 2739 Terram
452 2686 569 2757 replerit
591 2685 748 2758 Epiplionii
769 2688 860 2740 deam.

116 2769 195 2825 Solus
227 2769 306 2824 etiam
329 2770 372 2824 liic
395 2771 420 2825 in
444 2770 620 2843 premeride
644 2772 752 2826 metrica
775 2772 943 2833 nominatur,
975 2780 1002 2826 et
1025 2772 1129 2845 quidem

115 2863 241 2926 tanquam
265 2854 315 2909 hac
337 2855 380 2909 die
401 2863 541 2909 mortuus:

246 2936 292 3014 'Pp
315 2931 371 2994 δύο
393 2934 443 2993 καὶ
467 2933 579 3016 δεκάτῃ
597 2932 777 3014 ’Enipdvaor
796 2931 893 3014 μόρος
913 2928 1000 2996 εἷλεν.

241 3021 339 3080 Stoice
360 3025 407 3080 loa
427 3026 524 3079 mortis
546 3025 676 3079 unumne
697 3024 880 3097 Epiphanion
900 3027 1004 3097 aufert.

116 3106 195 3162 Certo
223 3107 263 3163 vol
293 3117 357 3164 tuno
382 3110 436 3165 lato
458 3121 509 3164 suo
532 3109 640 3165 iunctus
663 3119 719 3173 cst,
749 3110 790 3165 vel
812 3111 838 3165 in
861 3126 910 3165 sua
933 3110 1050 3166 ecclesia
1073 3118 1132 3184 post

115 3201 229 3247 mortem
252 3193 385 3265 sepultus,
408 3194 479 3249 haud
502 3194 547 3249 diu
570 3204 713 3267 antequam
736 3195 764 3251 S.
781 3194 894 3251 loannes
910 3195 1130 3269 chrysostomus,

114 3276 224 3350 dequo
248 3277 325 3340 intra,
347 3294 362 3332 a
385 3279 489 3352 synodo
511 3279 544 3334 ad
562 3280 697 3348 Quercum
720 3280 912 3353 deponeretur,
935 3281 1009 3355 quad
1033 3281 1130 3339 hoton

114 3379 175 3417 esse
203 3362 273 3417 cirea
295 3379 416 3419 mensem
439 3364 534 3419 lulium
557 3365 620 3420 anni
643 3368 704 3424 403
728 3382 759 3420 ex
781 3365 913 3429 Palladio,
945 3365 1131 3440 carpeneto-t

114 3457 190 3502 aetus
213 3446 359 3512 scribente,
382 3457 498 3508 constet.

200 3535 227 3590 3.
258 3533 376 3589 Graecos
397 3534 451 3589 cito
473 3534 567 3590 inritati
590 3543 655 3590 sunt
669 3535 763 3599 Latini,
787 3551 904 3607 quorum
926 3535 1133 3610 antiquissimu·

113 3616 183 3672 beda
205 3617 232 3672 in
255 3635 305 3674 suo
327 3617 401 3692 quod
423 3634 455 3674 ex
477 3628 539 3675 octo
562 3636 627 3676 mss.
644 3619 767 3676 dedimus
782 3621 901 3693 genuino
915 3619 1130 3694 Martyrotopic

114 3711 176 3772 post
198 3705 480 3760 commemorationem
503 3704 552 3760 SS.
567 3705 645 3760 Nerei
669 3714 696 3761 ct
711 3705 832 3768 Achillei,
856 3705 942 3777 primo
965 3705 1029 3762 loco
1046 3707 1131 3763 nomi·

113 3794 247 3850 natorum,
270 3805 333 3843 mor
355 3789 442 3852 addit,
466 3789 515 3844 ⁴⁴8.
532 3789 562 3844 P.
578 3790 609 3845 N.
633 3789 774 3863 Epiphanii
797 3790 916 3863 episcopi
940 3790 1050 3864 Cypri'.
1082 3792 1131 3848 Sc·

112 3870 167 3925 cuti
189 3870 246 3925 Ado
269 3881 297 3927 et
319 3872 466 3937 Usuardus,
490 3874 613 3930 ultimum
635 3874 775 3939 eumdem,
799 3884 862 3948 post
882 3883 1007 3931 caeteros
1030 3876 1131 3933 scilicet

112 3955 171 4010 eius
193 3956 244 4010 diei
268 3965 415 4030 martyres,
437 3958 594 4016 locaverunt
615 3960 666 4015 hac
689 3959 746 4016 iere
767 3960 868 4034 phrasi,
891 3959 991 4033 “Apud
1013 3961 1131 4036 Cypron

111 4039 141 4094 S.
157 4039 187 4095 P.
204 4040 234 4095 N.
252 4040 418 4115 Epiphanii,''
440 4043 568 4120 additque
590 4044 647 4100 Ado
665 4043 835 4101 “salaminae
851 4043 997 4119 episcopi'.
1029 4045 1131 4104 llam

111 4123 281 4198 uterumque
302 4129 485 4200 posteriorum
506 4129 627 4204 vestigiis
648 4128 794 4187 innuerem
815 4129 980 4188 hodiernum
996 4129 1135 4207 limpiv-
