2586 4822
119 740 160 799 44
576 751 686 801 remur

119 909 179 981 ipso
200 909 277 973 loeo,
301 908 334 963 de
356 924 410 980 quo
433 907 513 979 paulo
536 917 612 980 post,
637 916 712 962 utar:
736 923 798 962 cnm
821 922 844 961 e.
861 909 907 971 tt,
922 908 972 970 to,
996 905 1032 961 ad
1052 923 1142 978 νομι-

119 988 192 1061 κοιὶς
219 995 341 1049 oratione
370 1009 513 1056 conversa,
545 994 580 1047 ita
608 1009 656 1047 ees
680 992 803 1047 Ciuistus
831 991 964 1064 exagitat:
995 987 1045 1046 καὶ
1068 984 1142 1064 ὑμῖν

120 1083 183 1145 τοῖς
202 1081 337 1151 νομικοῖς
352 1071 438 1133 odoi:
461 1078 529 1148 quio
545 1078 670 1133 oneratis
683 1076 809 1132 homines
825 1077 966 1140 oneribus,
984 1092 1059 1148 qaae
1072 1093 1140 1149 por·

120 1173 181 1219 ture
202 1182 259 1219 non
277 1171 406 1236 possent.
431 1170 456 1216 et
479 1163 535 1233 ipsi
556 1179 611 1216 ιιιιο
634 1163 720 1231 dipito
742 1170 834 1218 restro
857 1179 913 1218 non
936 1162 1054 1232 mopitir
1073 1179 1139 1217 rar·

119 1251 214 1314 cinam
238 1266 302 1304 num
326 1248 432 1303 taudem
454 1247 588 1302 actuarios
612 1247 735 1319 publicos
753 1256 780 1302 et
795 1245 911 1302 civilium
926 1247 1066 1302 actionum
1082 1247 1139 1303 ior-

119 1335 247 1390 mularios
269 1331 410 1394 intellexit,
433 1348 463 1386 ac
485 1349 540 1387 nen
557 1332 647 1405 potius
663 1332 740 1403 Legis
758 1332 922 1404 iuterpretes
938 1348 970 1387 ac
986 1329 1139 1388 Doctores?

120 1419 186 1476 Cum
215 1418 373 1491 praesertim
395 1415 489 1472 blattb.
508 1418 563 1481 23,
595 1417 664 1471 idem
687 1415 788 1472 Scribis
816 1425 842 1472 et
864 1417 1034 1481 Pharisaeis,
1066 1417 1138 1489 quod

119 1504 190 1577 apud
212 1504 310 1558 Lucam
334 1505 396 1568 τοῖς
418 1504 561 1573 νομικοῖς,
584 1500 721 1557 obiectum
743 1502 793 1563 sit,
817 1518 913 1574 nempe
935 1504 1013 1574 quod
1034 1503 1138 1573 atuor-

118 1597 181 1643 rcot
202 1605 289 1642 onero
310 1588 422 1657 precio,
445 1594 471 1640 et
491 1587 694 1658 importabilia,
718 1596 768 1641 etc.
791 1587 877 1657 dipito
900 1596 995 1642 autem
1009 1603 1063 1641 ruo
1077 1588 1137 1643 oot-

119 1675 176 1728 tent
196 1691 231 1728 eo
252 1689 370 1727 morere.
401 1671 488 1739 Quare
511 1668 628 1744 νομικοὶ
652 1672 683 1726 ad
706 1671 822 1736 Scribas,
846 1672 886 1727 vel
902 1672 1075 1736 Pharisaeos,
1098 1671 1136 1727 rei

119 1768 249 1831 utrosque
272 1758 417 1831 pertinent.
456 1757 525 1812 Sane
548 1757 594 1829 qui
616 1756 709 1812 staini.
728 1758 777 1821 22,
796 1759 834 1814 35
858 1751 982 1829 νομικὸς
1004 1775 1018 1812 a
1041 1766 1135 1813 nostro

118 1844 269 1917 iuterprete
291 1843 373 1913 Lapis
395 1846 493 1897 doctor
521 1842 633 1905 dicitur,
662 1843 731 1896 idern
755 1842 835 1897 ilorci
863 1844 907 1906 12,
926 1844 976 1905 28,
1007 1830 1050 1909 οἷς
1079 1844 1136 1898 roir

117 1926 139 1984 Ι
141 1923 332 2002 ’ραμματίοιν
353 1929 515 1982 nominatur.
545 1930 634 2002 Atque
656 1927 722 1983 acteo
746 1926 857 1982 Tertull.
881 1944 942 1982 con.
960 1927 1042 1983 itare.
1059 1929 1132 1989 4,27

118 2006 269 2085 νομικοὺς,
292 2030 408 2085 qnorum
431 2013 457 2066 in
480 2012 524 2068 ilio
547 2030 571 2066 c.
591 2016 619 2067 tt
648 2013 732 2067 Lucas
756 2013 886 2075 menrinit,
910 2013 990 2084 Legis
1007 2012 1134 2069 Doctores

117 2100 320 2170 interpretatur.
351 2096 419 2152 nuti
444 2114 505 2151 cero
529 2098 627 2169 passim
644 2097 765 2169 vulgatus
782 2098 919 2169 iuterpres
936 2089 1062 2169 νομικὸν
1077 2115 1133 2153 rer·

118 2184 149 2238 tit
172 2184 371 2254 lepisperitont.
404 2182 477 2237 Unde
501 2199 630 2254 persaepe
655 2178 770 2254 νομικοὶ
794 2200 855 2237 curn
874 2182 1027 2237 Pharisaei<
1050 2199 1132 2254 copu-

116 2267 215 2331 lantur,
240 2277 270 2322 ut
292 2268 356 2322 Luc.
376 2271 419 2328 14,
439 2270 466 2323 3.
496 2267 532 2322 tn
555 2270 723 2338 respondens
745 2267 825 2322 leros
847 2268 919 2322 dicit
942 2269 981 2321 od
1004 2268 1132 2339 Lepirpt·

116 2354 193 2415 riter,
217 2362 242 2406 et
266 2352 453 2406 Pharisaeos:
478 2352 578 2407 Graece
600 2343 672 2418 τοιὶς
693 2344 849 2424 νομικοιὶς.·
873 2362 899 2407 et
925 2356 951 2415 t,
971 2357 1023 2409 30.
1050 2345 1087 2408 (ὶὶ
1101 2344 1131 2406 de*

119 2436 294 2511 Φαρισαῖοι,
318 2433 366 2492 καὶ
391 2430 418 2491 οὶ
435 2432 560 2509 νομικοὶ.
591 2437 641 2504 Qui
659 2441 685 2500 5,
703 2441 747 2501 tr,
774 2436 940 2512 Φαρισαῖοι
963 2435 1015 2490 καὶ
1044 2454 1131 2508 νομο-

117 2515 295 2579 διδάσκαλοι
318 2530 455 2578 vocantur.
491 2523 578 2590 tbrare
603 2517 718 2593 νομικοὶ
743 2539 757 2576 a
780 2516 1060 2595 νομσιὶιιὶασκάὶσις
1081 2537 1130 2576 non

115 2608 283 2681 discrepant;
313 2608 448 2682 iidemque
470 2608 547 2680 Legis
571 2608 735 2678 Interpretcs
758 2615 835 2671 sunt,
867 2617 896 2662 ut
919 2617 946 2663 et
969 2607 1055 2663 Bezae
1078 2606 1131 2679 pb-

115 2694 185 2757 cuit:
216 2704 243 2749 et
273 2694 444 2748 salsissimum
468 2701 509 2748 est
531 2684 601 2757 τοὶς
623 2685 766 2763 νομικοιὶς
789 2693 897 2764 proprie
920 2693 992 2747 cirea
1016 2695 1130 2748 actiones

115 2780 204 2834 civiles
227 2797 257 2834 ae
280 2779 407 2833 formulas
430 2778 564 2849 occupari.
610 2777 661 2831 Par
689 2786 730 2832 est
752 2777 879 2848 Scaligeri
902 2777 1044 2837 delirium.
1074 2791 1131 2832 euot

114 2863 222 2920 Scribas
250 2862 344 2936 populi
372 2865 410 2918 sic
433 2881 447 2918 a
471 2862 570 2918 Scribis
592 2862 660 2934 legis
683 2863 815 2926 secernit,
846 2871 876 2917 ut
898 2861 934 2916 illi
958 2864 1072 2918 atrtttarit
1094 2860 1131 2916 rei

114 2958 219 3003 actores
244 2947 342 3020 publici
364 2948 473 3003 suerint.
505 2947 610 3019 Quippe
632 2946 726 3001 biattb.
745 2949 772 3008 2,
791 2951 818 3011 4,
843 2945 973 3011 Herodes,
1001 2965 1063 3003 ctnn
1080 2946 1132 3001 tta·
1147 3004 1177 3021 α

113 3050 210 3105 gerunt
239 3033 381 3087 adrentum
412 3042 438 3086 et
461 3032 558 3086 Christi
588 3032 751 3086 nativitatem
781 3032 944 3094 inaudisset,
975 3042 1008 3087 ut
1031 3032 1131 3106 quoia

113 3115 173 3172 loco
197 3117 320 3172 Christus
343 3125 500 3171 irasceretur
523 3116 686 3188 inquireret,
714 3117 862 3189 Principes
885 3117 1086 3181 Sacerdotem,
1107 3122 1132 3170 et

112 3200 228 3256 Scribas
248 3203 348 3273 popuii
370 3210 507 3264 eorneeat,
532 3211 676 3256 eteorum
699 3219 860 3274 responsum
876 3203 987 3273 expetit.
1021 3203 1130 3271 Quinam

111 3284 195 3357 igitur
223 3286 267 3339 atii
296 3302 355 3340 esse
385 3295 498 3357 possunt
525 3303 606 3359 quam
630 3287 707 3359 Legis
736 3287 899 3358 interpretes
929 3296 957 3342 et
980 3281 1130 3344 Doctores?

113 3369 192 3425 Certe
215 3386 269 3425 non
292 3370 328 3424 ilii
352 3370 517 3442 pragmatici,
541 3381 587 3426 aut
610 3371 767 3435 formularii,
792 3373 847 3427 siro
870 3372 981 3427 actuarii
1007 3374 1128 3428 tuentut:

112 3471 181 3527 quos
204 3472 284 3510 uerno
307 3455 339 3509 de
361 3472 390 3509 re
415 3463 486 3510 tanta
509 3473 540 3511 ao
563 3465 615 3511 tant
639 3455 776 3511 recondita
799 3455 972 3520 consuleret,
997 3457 1129 3530 adquam

112 3539 214 3596 scilicet
243 3539 442 3612 intelligendam
472 3540 727 3614 disceptandumque
750 3558 803 3596 non
826 3542 971 3596 mediocris
994 3556 1130 3598 sacrarum

111 3623 249 3680 literarum
274 3642 338 3680 usus
360 3643 390 3680 ac
412 3625 524 3681 seientia
547 3630 709 3698 requiratur.
750 3626 827 3694 Quod
851 3627 883 3681 ad
898 3627 985 3681 Lucae
1008 3628 1131 3682 testimo-

111 3708 186 3764 ninm
208 3709 274 3764 iilud
295 3710 401 3774 attinet,
425 3727 448 3765 e.
463 3713 471 3766 1
485 3714 508 3774 l,
532 3711 668 3782 singulare
691 3712 781 3766 estin
806 3728 838 3766 ee
861 3710 1003 3783 quiddam,
1029 3713 1130 3785 dequo

111 3793 217 3857 nuilus,
247 3803 378 3866 qnantum
408 3795 477 3850 seire
505 3811 632 3866 possum,
664 3796 801 3868 Interpres
830 3796 979 3851 admonuit.
1026 3795 1130 3852 Etenim

112 3880 213 3937 Graece
241 3880 275 3934 ita
304 3879 418 3951 legitur:
451 3869 530 3936 Ov'oi
561 3872 633 3952 ὑμῖν
655 3877 854 3954 Γραμμαιεῖς
881 3875 930 3935 καὶ
964 3879 1131 3956 Φαρισαῖοι

112 3957 283 4042 ὑποκριταὶ,
306 3967 465 4029 conlusit,
489 3964 561 4038 quod
583 3975 611 4020 et
633 3965 726 4020 Latina
747 3966 894 4021 bibliorum
917 3966 1067 4038 Regiorum
1088 3966 1132 4021 in·

112 4049 270 4126 terpretatio
292 4050 401 4108 retinet.
442 4052 475 4107 tt
496 4050 524 4105 in
546 4049 645 4106 Latinis
668 4049 726 4106 aliis
749 4050 897 4116 codicibus,
921 4060 950 4107 et
971 4052 1046 4124 apud
1067 4052 1132 4106 tm-
