2586 4822
201 183 244 251 tt
466 194 513 247 m
547 199 586 247 to
605 197 739 249 tottam
760 199 853 245 arose
873 199 951 245 mea

200 368 307 415 enatet
326 350 444 425 baum,
464 350 515 431 apri
536 358 634 413 tecum
656 356 736 425 aunt,
756 356 788 411 et
801 347 928 411 maxime
942 348 1082 411 Rufinum
1103 348 1224 428 poesin-

201 457 308 519 Μ.
318 446 361 511 ab
375 446 490 513 haeresi
501 446 641 529 origenis
653 456 684 511 et
696 444 735 509 ab
748 444 815 509 aiiia
827 444 1001 511 baeraribua
1012 454 1044 508 ct
1055 446 1225 527 perditione

201 562 315 611 aarum.
342 544 374 607 Si
396 544 476 609 eninr
488 554 621 627 propter
639 560 738 609 unum
750 542 884 621 terbum,
905 552 957 607 aut
969 542 1040 619 duo,
1061 561 1140 625 qnae
1152 562 1226 607 con·

200 642 293 707 uario
312 642 381 705 iidei
401 652 482 717 aunt,
502 642 614 705 multae
633 642 773 705 baeraeer
793 640 926 705 abiectae
944 654 1018 705 rant
1036 640 1076 707 ab
1088 640 1224 713 cocinit.

176 748 312 823 muto
332 740 428 820 mags
448 740 498 803 bic
516 740 598 803 inter
610 740 774 803 haereticos
790 738 957 815 habebitur,
978 737 1029 821 qui
1043 746 1226 821 mamper

200 837 368 913 territaies,
404 848 434 901 et
461 846 520 899 tam
547 836 622 901 maia
652 836 789 917 dogmata
815 848 918 899 contra
945 836 1036 899 idn
1060 834 1224 911 amnuit.

200 936 307 1017 deique
328 944 358 997 et
378 935 518 999 ecclesiae
538 935 633 997 hostia
655 932 769 997 extitit?
822 934 904 997 lutet·
930 932 1022 997 multa
1042 933 1124 997 enin
1146 932 1273 1003 noiant

200 1032 288 1097 etiam
309 1033 379 1095 illud
403 1052 493 1095 ansus
515 1044 560 1094 est
574 1033 682 1107 dicere,
706 1033 869 1114 perdidisse
884 1032 1042 1111 imaginem
1056 1030 1105 1095 oei
1118 1030 1225 1105 adm,

199 1148 269 1195 eum
288 1130 348 1193 boc
366 1130 397 1193 iu
421 1131 502 1192 nuiio
524 1131 642 1212 penitus
656 1131 721 1193 ioco
736 1131 882 1211 scriptura
896 1130 1049 1210 significet
1076 1129 1107 1191 st
1123 1139 1225 1191 autern

161 1227 242 1299 reita
260 1237 350 1303 earet,
382 1246 534 1308 nunquam
555 1229 664 1303 omnia,
687 1229 814 1308 quaein
836 1228 948 1291 inundo
970 1236 1050 1301 sunt,
1076 1227 1226 1289 servirent

200 1326 305 1391 mini
326 1326 428 1400 Adam,
456 1326 485 1387 id
508 1336 562 1397 eat,
592 1327 730 1389 universo
757 1326 859 1405 generi
880 1326 1053 1401 bominum,
1089 1324 1168 1387 sicut
1194 1332 1225 1387 et

198 1422 325 1487 lacobus
344 1423 497 1503 apostolus
517 1423 655 1503 loquitur,
684 1425 804 1485 “omnia
832 1424 998 1497 domantur,
1031 1432 1062 1487 at
1088 1420 1225 1485 subiecta

199 1530 271 1583 aunt
290 1521 436 1583 humanae
460 1519 607 1583 naturae.”
653 1521 809 1601 Nunquam
832 1521 911 1583 enim
933 1522 1068 1584 universa
1088 1518 1225 1583 subiecta

199 1626 301 1681 camut
321 1618 500 1691 bominibus,
529 1617 553 1679 si
576 1637 638 1680 non
660 1619 804 1681 haberent
824 1619 960 1681 bominos
987 1619 1066 1681 iuxta
1089 1618 1119 1679 id
1143 1616 1225 1698 quod

159 1714 345 1785 muniamus
371 1715 566 1796 imperarent,
599 1716 755 1795 imaginem
787 1716 843 1779 dei.
899 1716 1094 1796 Coniungeus
1123 1724 1224 1777 autem

198 1821 287 1893 atque
318 1813 493 1875 consocians
528 1813 673 1895 scriptura
707 1813 803 1875 diuina
836 1814 958 1893 gratiam
994 1811 1223 1885 benedictionis,

197 1929 286 1991 mrum
299 1912 392 1974 Adam
413 1911 581 1984 donaverat,
603 1920 633 1973 et
653 1912 893 1990 generationibus
915 1932 989 1992 quae
1011 1930 1046 1973 et
1069 1930 1104 1971 eo
1126 1918 1244 1983 mentm

197 2027 237 2071 ne
251 2008 302 2089 qui
316 2009 440 2071 forsitan
455 2008 583 2089 maligna
608 2009 851 2089 interpretatione
872 2010 1014 2072 auderent
1036 2008 1148 2081 dicere,
1172 2006 1225 2071 uni

197 2105 294 2169 datam
316 2107 439 2186 gratiam
461 2107 508 2169 dei
531 2106 663 2169 atilium
687 2107 780 2169 solum
803 2108 911 2169 iactum
927 2126 992 2169 esse
1007 2106 1043 2167 ad
1060 2105 1222 2185 imaginent

156 2204 254 2276 milei,
277 2204 345 2283 quia
364 2204 524 2284 plasmatus
544 2215 624 2267 esset
644 2224 680 2265 er
702 2206 803 2279 trumo,
832 2215 862 2267 et
884 2222 1005 2267 uxorem
1027 2204 1100 2276 eius,
1131 2220 1222 2283 quam

197 2310 326 2363 creasset
347 2300 385 2363 da
406 2310 487 2363 costa
507 2302 572 2376 viri,
593 2322 647 2365 eos
667 2321 745 2376 vero,
768 2302 817 2382 qui
831 2303 1059 2382 conciperentur
1073 2300 1104 2361 in
1122 2310 1221 2373 utero,

196 2406 226 2459 et
247 2416 308 2459 non
330 2397 371 2459 ita
391 2410 585 2461 nascerentur
599 2410 633 2462 ut
646 2400 748 2472 daiam,
769 2400 818 2461 dei
840 2418 901 2461 non
924 2398 1034 2461 babere
1048 2398 1221 2477 imaginem,

195 2494 294 2557 statim
316 2513 370 2576 per
391 2496 525 2558 ordinem
548 2496 651 2577 iungit,
674 2509 704 2559 et
724 2497 804 2573 dicit,
828 2502 878 2559 “et
899 2496 969 2558 vixit
990 2496 1082 2559 Adam
1105 2496 1224 2559 ducena

195 2600 243 2655 tos
265 2591 383 2672 triginta
405 2612 510 2665 anuos,
532 2603 564 2655 et
582 2595 719 2675 cognorit
740 2596 831 2657 Evam
853 2614 976 2657 uxorem
997 2612 1091 2669 suam,
1116 2602 1149 2657 et
1169 2612 1222 2675 pe·

155 2690 272 2771 ttperit
297 2691 326 2753 ei
351 2690 443 2753 lilium
472 2692 550 2753 iuxta
572 2692 700 2773 speciem
728 2700 760 2754 et
787 2693 867 2755 iuxta
890 2692 1046 2771 imaginem
1074 2690 1158 2765 eius,
1189 2698 1214 2755 ai

194 2786 307 2852 vocant
328 2806 437 2851 nomen
459 2789 523 2851 eius
544 2788 642 2853 seth.”
686 2791 873 2871 nuruumque
900 2790 931 2852 iu
953 2790 1067 2852 decima
1094 2806 1203 2868 genera

192 2885 275 2947 dona
296 2894 365 2968 post
384 2905 481 2949 annos
508 2886 554 2949 bis
582 2887 660 2949 milia
680 2888 824 2951 ducentos
853 2887 1003 2967 sexaginta
1024 2887 1101 2949 duos
1124 2884 1194 2949 vind

193 3001 266 3045 cana
286 2984 361 3045 deus
381 2983 538 3063 imaginem
560 3004 653 3061 auam,
676 2994 706 3047 et
727 2986 889 3049 ostendens
904 2984 982 3064 quod
1003 2983 1106 3065 gratia,
1128 3002 1184 3065 qur

194 3080 323 3143 dedisset
344 3081 523 3155 bominibus,
546 3091 748 3163 perseverarat
768 3084 869 3157 ineis,
892 3084 933 3145 ait
955 3088 1015 3145 “ne
1028 3080 1176 3144 comedoni

154 3196 313 3247 accama-
334 3177 365 3239 in
388 3179 549 3258 sanguine:
571 3200 627 3261 ego
650 3181 728 3243 enim
751 3181 875 3245 ulciscar
895 3180 1068 3261 sanguinem
1083 3188 1165 3243 vetit

192 3275 231 3337 de
251 3292 341 3335 mauu
364 3276 461 3337 omnis
483 3277 612 3340 bominis
633 3278 813 3342 effundentia
840 3279 933 3351 ilium,
963 3278 1030 3358 qno
1052 3277 1088 3339 ad
1114 3276 1154 3339 im

193 3390 263 3435 nem
284 3370 330 3433 dei
352 3372 407 3435 ieci
429 3374 606 3438 hominem.”
654 3376 715 3439 Nec
739 3395 799 3438 uon
822 3386 892 3458 post
912 3376 1019 3439 alteras
1041 3376 1144 3439 decem

193 3468 362 3535 neratiuuce
390 3489 483 3551 usque
510 3472 546 3533 ad
568 3472 732 3549 Abrabam,
765 3485 795 3538 et
820 3473 857 3537 ab
879 3473 1026 3537 Abrabam
1055 3490 1133 3553 usqu
