2586 4822
201 777 262 843 rm
646 790 771 843 roootrn
848 869 855 887 Ι

197 946 288 1005 mium
310 945 451 1013 sollicitus,
474 947 549 1023 quod
570 946 624 1004 tale
645 963 783 1011 noveram,
805 954 837 1002 ut
859 962 963 1020 aequus
977 944 1066 1004 lector
1078 962 1131 1004 uec
1145 945 1218 1012 velit.

198 1048 249 1089 neo
272 1031 347 1087 nolit.

284 1115 362 1185 Quod
384 1123 490 1191 spectat
512 1115 545 1173 ad
568 1124 723 1173 contextum
740 1115 881 1178 Graecum.
905 1113 939 1170 de
962 1131 994 1170 eo
1010 1114 1149 1187 inquirere
1163 1132 1220 1171 non

197 1200 286 1265 omisi,
309 1201 397 1259 adhue
420 1196 510 1257 tamen
532 1200 632 1277 laetum
655 1209 698 1257 est
720 1200 829 1257 frustra.
867 1199 933 1255 Cum
956 1197 1027 1273 apud
1049 1198 1221 1259 llontlauco-

198 1285 272 1343 oium
294 1285 376 1342 Dior.
398 1285 464 1343 bnt.
488 1303 514 1359 p.
532 1286 603 1351 215,
626 1285 674 1342 nbi
696 1284 888 1343 bibliothecam
909 1285 1106 1341 monachorum
1121 1284 1150 1342 S.
1165 1285 1220 1342 lla-

198 1370 250 1428 silii
272 1371 390 1437 Itomae,
420 1371 589 1427 festivissima
619 1388 683 1428 mss.
708 1374 871 1427 tiraeoorurn
901 1368 1025 1426 codicum
1046 1369 1122 1443 eopia
1146 1368 1222 1427 Petri

197 1454 317 1513 llennitii
340 1454 431 1512 studio
453 1453 643 1530 locupletatam
666 1452 810 1519 describit,
832 1454 975 1527 legissem:
1002 1453 1159 1527 Epipltom'i
1182 1455 1222 1513 aa

199 1538 352 1597 Diodorum
375 1542 511 1616 epistola:
534 1540 561 1597 in
585 1557 706 1615 magnam
729 1557 805 1614 spem
825 1538 977 1613 reperiendi
992 1538 1067 1595 illum
1082 1557 1221 1605 ιιιιιιιι,

198 1625 247 1683 ιιι]
269 1625 355 1681 inanis
377 1642 441 1699 spes
463 1625 515 1682 ista
537 1626 596 1691 luit,
620 1627 692 1700 quod
714 1641 807 1681 revera
830 1623 903 1681 nulle
926 1623 1045 1698 reperire
1060 1624 1096 1681 sit
1111 1642 1159 1682 eos
1176 1625 1222 1682 in-

199 1719 242 1767 ter
263 1710 370 1766 codices
393 1709 522 1783 Epistola
544 1710 701 1784 Epipborsr'i
723 1711 761 1765 od
781 1708 952 1773 Diodorum,
975 1707 1023 1765 sed
1045 1709 1134 1766 solum
1155 1709 1221 1769 eod.

200 1797 239 1854 20
263 1804 290 1851 et
314 1797 352 1853 99
377 1794 523 1869 Epistolam
547 1793 675 1852 exhibent
697 1793 768 1850 illam
790 1791 1006 1849 albioderum
1031 1794 1121 1860 Tarsi,
1148 1811 1222 1868 quae

196 1881 307 1937 disserit
329 1880 362 1935 tle
385 1880 556 1936 matrimonio
579 1896 640 1937 eum
663 1896 759 1936 sorore
781 1879 873 1936 uxoris
895 1888 1033 1944 mortuae,
1063 1887 1090 1937 et
1116 1879 1142 1934 in
1167 1897 1221 1936 no-

199 1965 305 2022 vissima
329 1964 446 2021 erlitione
470 1982 583 2038 opernm
606 1965 634 2021 S.
651 1963 748 2029 Basilii,
771 1964 817 2039 qni
841 1964 898 2020 eins
921 1973 963 2020 est
985 1973 1089 2028 auctor,
1113 1964 1222 2038 reperi-

199 2060 245 2106 tur
268 2057 331 2105 tom.
349 2049 381 2104 lll
405 2068 432 2122 p.
450 2051 520 2107 249.
567 2051 671 2106 interea
695 2059 783 2105 tamen
807 2049 952 2106 admonere
975 2064 1029 2105 non
1053 2048 1220 2124 praeteribo,

198 2134 273 2209 quod
302 2133 324 2189 si
353 2133 413 2206 quis
442 2151 562 2209 unquam
591 2132 624 2189 ad
654 2151 749 2190 novam
772 2148 885 2208 operum
908 2130 1048 2207 Epiphanii
1071 2133 1221 2191 editionem

198 2219 327 2275 Graecam
350 2227 378 2274 et
401 2219 521 2275 Latinam
544 2217 724 2275 adornandam
747 2218 865 2275 animum
887 2235 1038 2297 manusque
1059 2218 1219 2284 admoverit.

196 2301 271 2377 quod
293 2302 413 2359 loturum
436 2321 491 2361 non
512 2302 621 2369 dubito,
651 2319 712 2360 cum
734 2302 834 2360 Petarii
856 2303 927 2360 illam
950 2303 1131 2376 negligentius
1154 2321 1218 2362 esse

198 2388 293 2445 laetam
317 2387 451 2445 nerninem
473 2389 571 2454 lateat,
595 2387 639 2444 ubi
664 2388 770 2463 integer
792 2387 853 2445 libri
875 2386 916 2444 De
936 2389 1049 2460 nemenio
1071 2398 1218 2446 contextus

197 2472 316 2530 Graecus
344 2488 434 2549 neque
462 2473 525 2530 dum
548 2473 672 2530 inventus
695 2474 746 2537 sit.
777 2473 809 2529 erl
832 2473 951 2530 hunam
975 2472 1032 2530 eius
1055 2473 1219 2540 versionem.

196 2574 277 2633 qnam
311 2558 430 2625 edimus,
464 2559 564 2616 Graeca
598 2558 678 2615 verba
708 2576 763 2615 non
790 2574 852 2615 raro
881 2574 1018 2633 apponere
1047 2559 1165 2632 poterit.
1196 2559 1220 2616 si

197 2652 339 2716 utramque
356 2643 497 2717 Epitomen
521 2643 653 2708 consulat.
679 2653 705 2700 et
728 2659 817 2699 sacras
841 2642 955 2701 litteras
977 2642 1072 2699 abllll
1087 2643 1114 2699 in
1131 2643 1220 2701 Grae-

196 2744 257 2785 cum
282 2746 380 2794 versas,
404 2730 512 2786 demum
528 2731 645 2786 Graecos
667 2729 728 2786 illos
750 2728 908 2802 scriptores.
932 2746 1001 2803 quos
1017 2745 1050 2785 eo
1065 2727 1135 2785 bbro
1150 2746 1219 2785 usos

196 2829 258 2869 esse
281 2813 342 2869 tliri.

653 2983 681 3054 e.
704 2981 757 3037 ιιι.

127 3062 132 3073 ⁴
196 3094 238 3153 lie
255 3098 347 3171 pretio
371 3107 397 3153 et
417 3098 648 3171 usuFroomentt
669 3100 736 3156 libri
759 3099 796 3156 be
818 3100 930 3174 gemmis
952 3098 1118 3174 Epiphoram,
1141 3102 1220 3173 quod

502 3183 613 3240 exbibet
635 3186 723 3241 corten
746 3183 906 3241 l'otioonus.

282 3323 315 3375 tt
338 3335 411 3384 verm
435 3318 508 3395 quod
531 3330 606 3377 certe
627 3320 828 3378 incommodum
843 3320 958 3377 aoeassit
973 3321 1126 3386 maximum,
1149 3321 1220 3381 illud

199 3412 251 3467 eat,
274 3403 301 3459 in
318 3403 443 3463 Vaticano
466 3404 559 3462 codiee
575 3405 717 3480 Epiphanii
738 3404 839 3462 librum
854 3405 975 3462 exbiberi
989 3406 1123 3463 mutilum.
1146 3407 1220 3476 omn

140 3497 288 3551 mrtemeu
315 3487 452 3546 lacereml
494 3489 570 3547 lididi
599 3490 705 3564 qualem
729 3490 834 3556 inveni,
862 3500 891 3548 et
912 3491 1048 3548 neminem
1069 3507 1135 3549 sane
1156 3492 1220 3551 lore

195 3582 278 3649 puto,
302 3573 348 3648 qni
371 3574 433 3631 velit
454 3574 554 3632 idcireo
577 3575 728 3632 auecrloton
751 3576 891 3648 despectui
913 3570 1068 3633 babendum
1090 3592 1134 3634 me
1156 3577 1220 3635 ent-

194 3659 278 3717 disse.
308 3658 386 3728 Quod
409 3659 561 3732 prolixioris
583 3659 675 3733 operis
697 3660 878 3734 fragmentum
898 3660 987 3726 edam,
1008 3676 1064 3719 non
1079 3661 1218 3735 integrum

194 3760 275 3818 opus.
298 3760 393 3801 caussa
410 3745 566 3819 neutiquam
583 3745 642 3802 talis
658 3753 709 3809 est,
733 3755 764 3802 ut
777 3745 912 3820 quispiam
928 3745 1026 3803 merito
1040 3762 1084 3803 me
1099 3756 1127 3803 et
1141 3747 1219 3805 nine

194 3828 314 3886 libellum
337 3846 427 3886 meum
449 3829 605 3887 calumniari
627 3829 714 3904 possit
736 3838 764 3887 et
778 3830 915 3887 damnare.
944 3830 1011 3887 Nom
1025 3840 1219 3905 praeterquam

194 3914 268 3987 quod
289 3915 370 3971 huius
392 3914 534 3988 fragmenti
556 3914 717 3972 auctoritate
740 3917 871 3975 certiores
893 3915 955 3973 laeti
977 3932 1082 3981 ιιιιιιι,
1109 3933 1219 3990 umna-

194 4014 276 4073 quam
299 3998 440 4074 Epipbaoii
462 4016 523 4055 esse
545 4016 630 4071 opus,
659 3999 706 4074 qui
728 3998 779 4056 sub
803 4000 860 4057 eius
882 4000 993 4059 nomine
1014 4000 1104 4058 editus
1127 4002 1219 4060 luite

195 4081 317 4141 beroem
344 4083 458 4159 aliisque
487 4082 529 4139 De
557 4082 618 4141 ΧΠ
643 4082 764 4143 Gestaris
793 4085 952 4143 Ιιιιιιιιιιιι
979 4083 1104 4145 taem
1134 4085 1218 4152 liber,
