2586 4822
150 772 172 833 6
517 779 537 829 ι,
572 781 636 829 σιτ
654 779 698 828 τι
717 780 809 829 υκαι.

149 934 256 1019 φηται
278 932 331 995 καὶ
355 914 559 1007 διδάσκαλοι,
583 935 637 995 καὶ
660 929 693 994 οἱ
716 923 977 1004 ἀκολουθοῦντες
999 930 1050 1013 τοῦ
1072 927 1176 1014 πώλῳ

151 1028 185 1093 οἱ
208 1031 278 1112 θεῷ
301 1033 416 1093 πίστει
439 1030 702 1112 συμφωνοῦντος.
742 1026 883 1111 σημερον
905 1025 946 1091 τά
963 1020 1103 1109 οῦράνια
1118 1022 1177 1091 σὺν

152 1135 225 1201 τοῖς
254 1123 414 1207 ἐπιγείοις
444 1118 527 1204 ὁμοῦ
560 1150 596 1190 τε
629 1126 683 1188 καὶ
711 1129 945 1204 καταχθονίοις
975 1116 1177 1205 ιἰνυμνείτω·

154 1225 224 1297 πάν
246 1219 353 1302 στόμα
374 1221 429 1284 καὶ
452 1223 583 1303 πνεῦμα
605 1219 691 1301 πρὸς
720 1214 813 1284 αἶνον
836 1221 919 1284 θεοῦ
944 1213 1203 1304 άνσιγόμενον·(ἶ

128 1319 195 1386 διὰ
207 1319 378 1400 λερουβὶμ
392 1315 453 1402 slot}
457 1340 591 1393 σατε,α
575 1312 664 1401 (γιος
686 1313 780 1399 ἅγιος
803 1312 896 1400 ἅγιος
910 1314 1022 1396 κάρισς
1046 1310 1064 1379 5
1083 1337 1178 1398 τρισ-

154 1414 247 1498 άγιος
270 1412 429 1495 σαβαώθ
462 1412 589 1500 πλήρης
612 1409 629 1476 5
652 1409 791 1497 ουρανδς
818 1412 873 1478 καὶ
895 1407 912 1497 ἡ
936 1415 975 1496 γῆ
998 1415 1057 1497 τῆς
1080 1411 1181 1498 δόξης

154 1507 272 1576 αῦτσῦ·
300 1505 506 1594 Eeqaoeeu‘g
475 1510 656 1595 υμνησατε·
686 1513 860 1595 προφῆται
879 1507 1045 1592 κηρύξατε.
1080 1504 1179 1575 καιο(

153 1609 214 1689 μὲν
237 1609 365 1691 λεγέτω,
401 1601 699 1693 ειφραινέσθωσαν
722 1607 754 1671 οι
777 1601 910 1689 οῦρανοὶ
941 1607 995 1671 καὶ
1018 1601 1180 1690 άγαλλιά·

154 1711 231 1770 σθω
253 1699 272 1792 η
295 1706 334 1790 γῆ
347 1723 353 1737 ·
377 1699 394 1768 5
419 1705 464 1781 δὲ,
486 1714 581 1787 χαῖρε
603 1704 735 1790 σφόδρα
756 1703 902 1788 θύγατερ
920 1702 1017 1780 Σιὼν,
1042 1700 1180 1790 κήρυττε

116 1821 145 1871 10
154 1801 298 1887 θύγατερ
326 1796 550 1887 Ἰερουσαλήμ·
586 1804 639 1867 καὶ
669 1799 768 1878 άλλος
795 1803 842 1886 τῷ
876 1802 1010 1884 βασιλεῖ
1037 1802 1180 1885 Χριστῷ

154 1895 309 1979 ἀτενίζων
330 1899 457 1983 βοάτω,
493 1900 544 1966 ἰ’δε
572 1896 589 1964 5
618 1893 719 1981 άμνὸς
750 1902 808 1964 τοῦ
837 1901 921 1964 θεοῦ
951 1893 1098 1980 όαῗρων
1122 1894 1180 1984 τήν

154 1992 317 2079 ἁμαρτίαν
339 1999 398 2061 τοῦ
414 1996 553 2080 κόσμου·
578 1999 630 2062 καὶ
648 1997 757 2080 ἕτερος
779 1998 855 2079 περὶ
872 1989 972 2061 αῦτσῦ
988 1997 1047 2059 τοῦ
1063 2000 1179 2077 κυρίου

154 2092 333 2177 κηρυξάτω,
358 2082 454 2170 οὗτος
478 2088 495 2156 5
517 2094 600 2171 θεὸς
621 2090 723 2180 ἡμῶν.
758 2089 795 2157 οῦ
812 2091 1052 2178 λογισθήσεται
1068 2092 1180 2175 ἕτερος

155 2187 241 2272 πρὸς
263 2183 372 2267 αὐτὸν,
396 2195 449 2255 καὶ
473 2188 582 2270 άλλος,
607 2190 679 2256 ἰδοῦ
703 2188 886 2275 άνθρωπος
909 2185 991 2274 ὁμοῦ
1014 2191 1067 2255 καὶ
1086 2180 1204 2267 θεὸς,1]

117 2303 145 2355 15
156 2280 297 2372 ἀνατολὴ
322 2283 427 2369 ὄνομα
456 2280 562 2372 αὐτῷ·
594 2290 647 2354 καὶ
671 2290 783 2372 Δαβὶδ
812 2286 897 2370 πρὸς
925 2286 983 2352 τὸν
1012 2286 1047 2363 ἐξ
1076 2281 1180 2353 αῦτσῦ

154 2382 237 2449 κατὰ
260 2380 365 2466 σάρκα
387 2383 535 2465 Χριστὸν
565 2380 720 2465 ἀτενίζων
744 2387 834 2471 λέγῃ,
867 2382 949 2462 θεὸς
970 2383 1093 2466 κύριος,
1125 2386 1180 2451 καλ

154 2479 320 2565 ἐπέφαντο
344 2475 437 2567 ἡμῖν·
460 2484 514 2546 καὶ
537 2483 640 2547 πάλιν
663 2480 763 2559 ἄλλος
785 2481 823 2547 τό
838 2481 915 2566 γόνυ
931 2482 1048 2546 κλίνων
1063 2479 1180 2565 βοάτω

153 2579 302 2661 Χριστῷ,
326 2579 421 2642 πᾶσα
442 2573 461 2662 ἡ
482 2582 520 2663 γῆ
537 2578 797 2664 προσκυνησάτω
814 2598 885 2644 σοι·
909 2581 962 2643 καὶ
980 2578 1092 2661 ἕτερος
1106 2589 1182 2657 τοῖς

155 2675 249 2752 λαοῖς
277 2674 466 2758 ἐπιτρέπει,
500 2677 617 2760 λέγων,
657 2675 871 2762 συοτήσασθε
900 2673 1014 2760 ἕορτην
1043 2675 1078 2741 ἓν
1108 2687 1182 2753 τοῖς

114 2771 356 2850 νοπυκάζουσιν
379 2773 442 2851 ἕως
463 2776 529 2839 τῶν
552 2773 696 2857 κεράτων
719 2777 777 2839 τοῦ
802 2779 1054 2858 θυσιαστηρίου.
1090 2768 1180 2838 οῦτω

152 2865 214 2951 γὰρ
244 2867 432 2935 ἐπετελεῒτο
462 2873 517 2935 καὶ
544 2871 652 2937 πάλαι
683 2866 703 2956 ἡ
733 2870 767 2937 ἐν
795 2869 883 2937 Σιὼν
916 2874 975 2936 τοῦ
1009 2869 1181 2937 δεσπότου

154 2962 238 3046 μετὰ
266 2967 325 3029 τοῦ
354 2965 470 3031 πώλου
500 2967 677 3053 ἐπιδημία·
717 2967 890 3054 πάνδημος
920 2973 1116 3052 συμφωνία,
1148 2966 1182 3034 ολ

153 3058 247 3143 χοροὶ
269 3063 335 3126 τῶν
358 3068 527 3147 πατέρων,
558 3065 590 3130 οἱ
613 3066 713 3150 δῆμοι
740 3069 806 3131 τῶν
831 3067 982 3143 δικαίων,
1012 3063 1054 3130 τὰ
1078 3064 1182 3131 πνεό-

153 3182 243 3240 ματα
264 3160 331 3223 τιῦν
354 3163 546 3246 προφητῶν,
578 3162 610 3227 οἱ
632 3163 754 3239 παῖδες
776 3165 840 3227 τῶν
860 3158 1027 3247 Ἐβραίων,
1057 3165 1102 3231 τά
1124 3164 1182 3251 νή-

113 3275 218 3328 τεπια
247 3257 314 3320 τῶν
342 3261 504 3341 μητέρων,
538 3259 580 3325 τὰ
610 3259 726 3344 πληθη
756 3262 822 3325 τῶν
852 3254 1004 3344 ἀγγέλων.
1056 3262 1091 3328 ολ
1119 3264 1204 3345 μένα

153 3357 317 3436 πτέρυγας
340 3351 520 3439 ἐφήπλουν,
545 3356 577 3421 οἱ
597 3357 632 3420 δὲ
647 3360 728 3438 βαΐα
744 3366 903 3438 κατεῖχον,
928 3358 960 3423 οἱ
976 3359 1011 3423 δὲ
1028 3355 1180 3427 ὄπισθεν

152 3446 305 3533 ἤρχοντο,
339 3446 435 3516 άλλοι
456 3451 533 3530 τοὺς
555 3452 695 3531 κλάδους
718 3454 873 3532 ἔκοπτον,
909 3452 1006 3520 ἄλλοι
1034 3457 1072 3522 δὲ
1102 3457 1182 3535 τοὺς

152 3545 302 3623 θαλλοὺς
325 3547 472 3626 έπλεκον,
497 3549 610 3632 οἱμὲν
632 3549 689 3615 τὸν
713 3551 827 3616 πῶλον
850 3551 953 3630 ἔλυον,
978 3553 1011 3618 οἱ
1026 3552 1064 3618 δέ
1079 3556 1182 3634 χιτιῦ·

153 3668 212 3721 νας
234 3642 445 3728 ἐστρώννυον,
469 3646 502 3711 ολ
523 3648 583 3728 μὲν
606 3646 665 3725 τὰς
687 3646 795 3725 πύλας
812 3644 953 3733 ἤνοιγον,
978 3648 1011 3714 οἱ
1026 3650 1064 3714 δὲ
1079 3644 1181 3729 δδοὶς

111 3738 343 3824 ωέκάθαιρον,
377 3740 474 3809 ἄλλοι
496 3746 611 3809 πῶλον
635 3739 834 3827 εὐτρέπιζον,
866 3742 962 3812 άλλοι
991 3751 1083 3832 νίκην
1106 3745 1182 3834 ἐκη-

152 3862 280 3922 ρυττον,
304 3835 401 3905 ἄλλοι
422 3839 499 3918 τοὺς
520 3840 661 3920 κλάδους
684 3841 807 3909 ἔσειον·
831 3839 928 3908 ἄλλοι
951 3849 1087 3929 νηπίοις
1110 3844 1183 3912 ἕλε·

60 3960 63 3967 ·
152 3958 219 4017 γον,
249 3935 381 4013 αἰτεῖτε,
412 3938 542 4017 παῖδες,
572 3938 700 4023 κύριον·
734 3939 768 4004 οἱ
795 3940 916 4019 παῖδες
945 3934 1181 4024 ἀπεκρίναντο,

154 4025 295 4111 ὠσαννὰ,
327 4027 541 4119 εὐλογημένος
571 4031 588 4100 5
619 4035 792 4119 ἐρχόμενος
820 4035 854 4103 ἐν
884 4030 1024 4121 ὀνόματι
1052 4045 1181 4123 κυρίου.
