2586 4822
150 736 190 798 48
605 751 719 801 rcruvu

147 905 281 979 phanias,
305 904 401 980 inquit,
425 912 523 978 aperte
545 896 617 972 τούς
639 897 782 978 νομικοὺς
803 906 948 977 distiapitit
964 896 1027 962 ἀπὸ
1043 907 1109 961 τῶν
1123 924 1176 962 νο-

149 983 403 1065 μοδιόασκάλισν,
432 992 495 1047 τῶν
522 990 573 1046 καὶ
600 985 816 1066 γραμματίων.
859 991 981 1046 Eosdem
1003 993 1078 1046 euim
1101 993 1175 1063 socit

149 1070 350 1152 γραμματέας
378 1084 405 1131 et
439 1067 739 1147 νομοδιδασκάλοσς;
766 1095 785 1131 ιι
807 1078 907 1148 quibas
930 1077 1080 1147 distinpait
1103 1072 1177 1144 τούς

151 1153 302 1233 νομικοὺς,
324 1178 394 1233 quos
416 1169 542 1216 occaect
565 1161 738 1215 Pharisaeis.
769 1163 836 1216 idco
858 1170 932 1216 recte
954 1163 1013 1216 ait:
1038 1164 1179 1235 συνῆσαν

150 1239 208 1321 γὰρ
232 1238 336 1312 αὐτοῖς
363 1240 412 1300 καὶ
436 1239 464 1301 οἱ
484 1241 610 1318 νομικοί.
650 1246 763 1311 Eodem,
786 1247 884 1319 iuquit.
907 1247 969 1301 loco
985 1250 1179 1302 censebantur

151 1331 316 1395 Pharisaei,
341 1339 366 1384 et
390 1326 522 1401 reprimi,
545 1332 593 1401 qai
615 1333 741 1402 quomris
763 1349 849 1386 anum
871 1349 974 1404 corpas
996 1329 1048 1385 κιιὶ
1072 1324 1177 1407 τάγμα

151 1418 318 1486 efficiebant,
349 1424 440 1470 tomen
470 1424 531 1470 erat
558 1416 708 1471 discrimen
731 1418 871 1488 quoddam
902 1418 977 1471 inter
999 1417 1175 1472 Pharisaeos

152 1496 201 1556 nai
225 1495 297 1566 τούς
318 1493 479 1572 νομικούςς
501 1502 574 1572 qaod
595 1504 721 1556 roserias
745 1503 902 1556 institutum
923 1510 995 1557 esset
1018 1502 1175 1558 Pharisae-

73 1634 76 1638 .
152 1602 231 1639 orum
263 1602 346 1656 poam
370 1587 430 1639 rain
452 1587 593 1656 eopiosior.
637 1587 705 1642 Hine
727 1587 877 1642 Serrnrium
900 1586 1052 1659 imperitiae
1075 1588 1174 1660 arguit,

111 1670 224 1743 acquod
247 1670 282 1725 ita
306 1671 398 1734 vertit,
424 1670 491 1725 Cam
512 1672 583 1743 ipsis
606 1673 678 1726 enim
699 1673 783 1726 iidem
806 1680 901 1738 erarii,
926 1680 951 1725 ot
974 1671 1102 1733 Nomia,
1125 1690 1176 1728 sea

152 1755 330 1827 Lopisporiti.
375 1755 428 1811 Sed
451 1755 592 1829 Epiphauii
621 1774 731 1812 sensum
762 1758 878 1829 pessime
906 1757 1104 1829 interpretatus
1134 1767 1175 1813 est

154 1840 282 1913 Scaliger.
323 1840 427 1896 Etenim
451 1832 487 1897 τὸ
510 1833 614 1907 αὐτοῖς
636 1860 690 1897 nou
714 1841 779 1896 alios
803 1859 881 1914 quam
905 1842 1018 1906 scribas,
1043 1843 1099 1897 sire
1125 1860 1175 1897 νο-

152 1919 411 1999 μοὸιὸασκύλοος,
434 1919 575 1998 significa.
600 1915 646 1993 οἷς
668 1929 804 2000 συνῆσαν
821 1922 871 1981 καὶ
887 1919 915 1980 oi
933 1924 1076 1999 Νομικοί.
1108 1928 1173 1996 eria

152 2011 260 2082 saepius
283 2011 467 2084 Evangelistae
490 2011 598 2066 Scribas
628 2022 655 2067 et
688 2005 829 2084 νομικοὺς
857 2012 932 2084 quasi
956 2012 1101 2067 distinctos
1124 2030 1176 2067 no·

152 2095 263 2156 minant.
288 2096 393 2151 tametsi
416 2112 447 2151 ex
470 2096 565 2150 eodem
589 2105 681 2152 essent
703 2097 807 2161 ordine,
830 2097 911 2171 idque
935 2097 975 2151 rol
999 2089 1065 2153 κατ’
1088 2094 1174 2164 ἐπεξ-

73 2190 77 2198 “
152 2171 275 2254 hypocr,
304 2182 345 2235 vel
368 2180 431 2255 qnia
452 2180 606 2235 Scribarum
631 2182 784 2254 complures
807 2191 883 2236 eraut
905 2180 1005 2254 gradus
1030 2192 1058 2237 et
1078 2183 1172 2246 officim

153 2281 214 2320 curu
237 2273 264 2319 et
286 2265 408 2320 civilibus
431 2267 501 2322 lorte
523 2267 708 2322 contractibus
731 2284 761 2323 ac
779 2266 999 2340 stipulationibus
1015 2275 1174 2339 praeessent

153 2349 242 2412 iidem,
266 2358 293 2404 et
308 2351 407 2423 Legem
423 2351 683 2424 interpretarentur:
709 2353 807 2407 ideirco
823 2354 967 2424 συνῆσαν,
991 2352 1091 2424 iuquit,
1114 2353 1174 2416 τοῖς

154 2431 174 2490 I
176 2430 395 2509 ’ραμματεῦσιν
417 2428 445 2490 oi
469 2431 596 2509 νομικοὶ,
619 2437 672 2493 hoc
691 2445 733 2492 est
748 2439 888 2492 coniuncti
904 2445 994 2500 erard,
1018 2455 1105 2493 iritum
1121 2427 1174 2493 τύ-

153 2536 216 2595 γμοι
239 2529 268 2575 ct
290 2538 389 2594 corpus
412 2521 574 2576 efficiebant.
615 2525 637 2576 h
660 2539 713 2594 qno
733 2540 787 2577 uon
803 2522 945 2577 admodum
962 2521 1095 2577 abhorret
1111 2523 1173 2578 Scr-

153 2606 249 2661 rarius.
271 2606 336 2661 Nom
351 2606 584 2680 μιτιιληιιιικιῦς
598 2607 763 2679 Epiphanius
778 2607 886 2670 iudicat,
900 2606 1009 2661 eosdem
1026 2624 1090 2662 cum
1102 2607 1174 2663 Scri·

154 2689 195 2747 bis
218 2708 278 2746 esse
301 2683 374 2757 τούς
399 2684 570 2764 Νομικούς,
599 2692 663 2747 licet
685 2687 821 2747 συνεῖναί
840 2711 896 2748 τινι
931 2692 1040 2764 proprie
1065 2691 1174 2748 nonsit

155 2776 225 2832 idem
255 2793 316 2832 esse
339 2794 399 2832 οισιι
423 2777 522 2850 aliquo.
568 2778 709 2833 Postremo
733 2794 873 2850 perperam
897 2767 1002 2842 αὐτοῖς
1023 2778 1057 2832 ad
1080 2776 1175 2832 Phari-

155 2878 232 2916 saeos
262 2862 355 2916 relerri
390 2862 487 2917 docent
516 2879 585 2934 quiae
622 2863 741 2934 proxime
776 2862 971 2925 subiiciuutur,
997 2854 1094 2917 Ἀλλὰ
1127 2855 1175 2917 καὶ

154 2940 240 3018 παρὰ
263 2937 400 3014 τούτους,
424 2955 477 3000 tarn
500 2940 644 3018 νομικούς
666 2947 768 3003 scilieet
790 2964 869 3021 quom
894 2942 1113 3021 Γραμματεάς.

242 3032 279 3087 34
296 3048 320 3084 a.
351 3022 432 3104 ἀηδῆ
455 3048 485 3086 τε
501 3023 588 3107 ῥύσιν
603 3023 748 3103 σώματος
763 3024 1022 3107 ἀπεργαζομένην]
1047 3032 1176 3088 Scriben-

155 3114 218 3170 dum
247 3116 408 3187 pronunciat
431 3114 550 3188 Scaliger
580 3108 666 3191 ἀήθη
690 3111 821 3191 ἔκκρισιν
842 3111 1018 3190 σπέρματος
1041 3109 1175 3191 ἀπεργα-

156 3192 296 3268 ζομένων.
326 3201 418 3255 hudax
441 3201 519 3255 nimis
543 3203 694 3257 emendatio
718 3202 880 3274 minimeque
904 3203 1069 3257 necessaria.
1112 3201 1174 3256 liam

156 3274 402 3357 ἀπεργαζομένην
423 3286 536 3357 passive,
562 3295 591 3342 nt
613 3286 675 3341 alibi
699 3304 788 3359 saepe,
812 3287 947 3343 hocloco
970 3288 1099 3360 sumpsit
1131 3286 1176 3342 list

156 3368 226 3424 cuim
244 3368 360 3423 Graecae
385 3370 556 3441 proprietatis
580 3388 674 3444 partun
696 3372 796 3444 alioqui
819 3371 932 3444 diligens
948 3372 1127 3443 Epiphanius.
1148 3378 1177 3426 ut

157 3462 184 3508 ct
205 3453 319 3508 Photios
342 3453 477 3509 observat.
511 3455 588 3522 Quod
611 3457 633 3511 si
657 3457 874 3512 cominutatiouis
898 3456 1020 3511 rronnihil
1046 3475 1116 3530 opus
1138 3456 1176 3511 u'-

157 3539 260 3601 (lentur,
285 3555 336 3610 ego
359 3538 395 3594 ita
418 3540 576 3613 concipiam,
600 3531 681 3616 ἀηδῆ
704 3532 791 3616 ῥύσιν
808 3535 953 3614 σώματος
969 3532 1176 3616 ιὶνιεργιιζομί-

157 3640 224 3678 νων.
255 3623 382 3695 lutelligit
403 3634 493 3680 autem
516 3638 572 3698 vap
595 3626 650 3681 sive
673 3616 899 3703 ἐξονειρωημόν.
944 3625 1033 3698 Super
1057 3628 1108 3683 hac
1130 3621 1176 3682 ix-

158 3702 253 3786 κρίσει
270 3715 343 3764 extat
357 3710 494 3766 Athanasii
509 3710 629 3782 Epistola
644 3711 677 3766 ad
692 3714 816 3768 hminum
833 3711 1002 3773 Monachum,
1026 3712 1075 3783 qui
1091 3728 1177 3785 quau-

158 3794 254 3849 tumvis
277 3802 386 3866 praeter
407 3795 572 3851 voluntatem
594 3795 736 3860 accideret,
761 3805 853 3853 utrum
876 3798 954 3869 culpa
969 3806 1077 3853 careret
1093 3797 1178 3852 addu-

156 3877 297 3936 bitavarat.
1194 3950 1198 3957 ν

243 3967 283 4023 st
298 3962 326 4018 h.
356 3950 516 4038 ἔύὴστειιον
544 3958 577 4021 di
605 3960 666 4039 dir]
704 3966 855 4022 Secundam
884 3976 912 4022 et
939 3967 1062 4039 quintam
1087 3967 1177 4022 leriam

157 4048 376 4124 'theophylactus
405 4065 491 4122 aeque
513 4060 596 4123 atque
618 4049 785 4123 Epiphanius
807 4053 919 4109 adnotat
941 4061 968 4107 et
992 4051 1177 4108 Hebraeorum
