2586 4822
151 764 192 827 54
329 768 332 773 ’
604 777 718 828 rernm

150 935 222 991 inter
243 932 374 989 Haereses
397 933 519 1005 cooptari
541 948 595 989 non
617 932 780 989 debuerunt.
825 933 859 987 dt
883 927 1082 1008 Νασαραῖοι,
1104 948 1175 1008 quos

150 1020 195 1077 bio
224 1017 353 1075 describit
373 1017 555 1091 Epiphanius,
584 1017 672 1090 legem
700 1017 781 1072 ldosis
807 1014 994 1090 abnegabant,
1024 1016 1103 1089 quod
1135 1026 1177 1075 est

147 1104 219 1162 idom
241 1121 272 1160 ac
293 1102 455 1159 Iudaismum
485 1095 545 1158 ἀπὸ
567 1105 622 1176 τῆς
643 1093 838 1177 ἀκροπόλεως
858 1110 990 1157 evertere.
1036 1101 1116 1158 Unde
1138 1119 1173 1159 ne

148 1190 181 1246 ad
203 1188 369 1263 posteriores
392 1186 501 1260 quidem
522 1187 684 1250 Nazarenos,
708 1187 754 1261 qui
771 1186 879 1242 Christo
901 1203 1003 1242 nomen
1027 1185 1172 1253 dederuut,

149 1275 251 1350 quique
279 1273 407 1346 privatam
430 1272 456 1326 in
481 1271 684 1327 Christianismo
707 1280 808 1327 sectam
832 1271 1025 1335 instituerunt,
1055 1280 1174 1345 possunt

108 1359 260 1421 birelemi,
291 1355 422 1430 siquidem
445 1355 571 1411 Nazaraei
593 1355 646 1422 illi,
675 1357 838 1429 quibuscum
861 1369 941 1412 usum
964 1364 992 1412 et
1017 1366 1170 1414 consuetu·

149 1444 239 1500 dinem
262 1440 356 1497 habuit
371 1440 560 1514 Hieronymus,
583 1440 737 1514 quibusque
761 1444 799 1498 29
816 1440 946 1497 llaeresin
968 1443 1092 1514 assignat
1107 1442 1171 1516 lipi-

147 1528 380 1602 phanius,·vetus
403 1542 482 1581 omne
505 1526 707 1582 Testamentum
730 1526 877 1591 admisere,
901 1535 931 1582 ut
953 1526 1034 1583 ambo
1058 1527 1097 1583 illi
1119 1528 1169 1583 Pa·

148 1623 205 1670 trcs
227 1611 369 1675 affirmant,
394 1612 467 1683 quod
489 1610 593 1666 ludaica
617 1612 668 1667 ista
683 1621 757 1667 secta
773 1611 893 1666 funditus
909 1612 1038 1667 reiecisse
1054 1614 1166 1674 videtur,

148 1696 368 1773 quandoquidem
390 1696 605 1752 Pentateucbum
628 1696 709 1752 blosis
733 1696 857 1752 Iudaismi
880 1696 1025 1752 medullam
1048 1698 1167 1754 funditus

147 1782 318 1856 proscripsit.
363 1781 417 1837 Sed
446 1780 577 1837 eiusmodi
600 1782 697 1837 ludaici
725 1781 841 1837 nominis
864 1781 993 1837 diaeresin
1018 1781 1092 1837 laaud
1115 1782 1165 1839 seio

148 1885 181 1924 an
205 1868 272 1923 alius
293 1874 403 1941 praeter
424 1866 603 1939 Epiphanium
626 1866 884 1922 commemoraverit.

235 1954 273 2010 39
289 1970 314 2008 a.
345 1946 394 2005 uni
417 1941 494 2006 ὅπου
522 1944 541 2025 ἡ
571 1947 647 2025 δρῦς
668 1949 831 2026 Μαμβρῆ]
870 1950 1071 2007 Celeberrimus
1101 1951 1165 2026 apud

148 2046 274 2109 posteros
304 2035 381 2092 locus
403 2035 448 2091 ille
469 2036 534 2100 luit,
564 2037 596 2091 ad
619 2050 706 2111 usque
731 2036 900 2092 Constantini
922 2037 1012 2110 magni
1037 2047 1162 2111 tempora,

148 2120 247 2194 quibus
270 2130 323 2175 tom
345 2138 360 2176 a
382 2120 486 2176 ludaeis
510 2129 537 2175 et
564 2120 721 2176 Christianis
744 2139 823 2194 quam
840 2139 854 2176 a
870 2121 1023 2177 Gentilibus
1041 2123 1165 2198 frequen-

147 2215 189 2262 tes
212 2204 348 2279 religionis
372 2222 437 2278 ergo
460 2215 608 2260 conventus
624 2224 654 2262 ac
671 2215 805 2262 mercatus
822 2206 875 2262 illic
891 2206 984 2269 habiti,
1010 2217 1081 2280 equos
1099 2207 1165 2264 Con-

147 2291 281 2347 stantinus
304 2290 398 2346 Edicto
421 2290 540 2346 sustulit.
570 2290 739 2348 Sozomeuus
764 2293 791 2356 2,
811 2294 837 2350 3.

383 2510 426 2566 ΑΙ)
450 2510 616 2567 ttttnustn
639 2512 694 2567 xlx
717 2510 930 2568 OSSEb'OllUll.

234 2632 272 2688 99
289 2630 315 2685 d.
360 2630 433 2699 Quos
456 2630 575 2685 Ossonos
601 2630 646 2686 hic
667 2629 785 2703 appellat
806 2631 981 2705 Epiphanius,
1006 2621 1170 2698 Ὀσσαίσας

114 2766 117 2772 .
145 2714 257 2772 Haeresi
282 2718 319 2773 30
344 2725 372 2772 et
396 2717 434 2773 53
457 2715 592 2779 nominat,
623 2723 655 2771 ut
677 2714 796 2789 Scaliger
818 2716 958 2772 observat:
988 2717 1166 2788 quemadmo-

146 2800 211 2857 dum
233 2791 366 2857 Ἐσσαῖοι
382 2792 565 2875 αῑὈσσηνοὶ
587 2817 637 2874 pro
660 2800 754 2856 iisdem
777 2801 956 2874 accipiuntur.
986 2801 1024 2856 Ex
1048 2818 1105 2875 quo
1125 2801 1166 2858 ni·

145 2886 244 2942 mirum
266 2886 369 2959 colligit
389 2876 425 2943 τὸ
444 2883 461 2939 i
482 2885 589 2941 nonnisi
611 2878 690 2940 κατὰ
712 2878 898 2963 παραγωγὴν
919 2886 945 2940 in
969 2886 1074 2943 Graeco
1098 2902 1164 2951 osse.

146 2986 237 3043 neque
264 2970 380 3026 radicale
403 2970 500 3034 videri,
530 2971 571 3026 uti
592 2986 643 3026 noc
664 2970 691 3025 in
712 2970 878 3026 Essenornm
902 2969 1043 3027 vocabulo.
1089 2971 1166 3028 Addit

142 3044 311 3129 Ὀσσηναὺς
338 3053 447 3110 eosdem
475 3071 535 3110 esse
563 3071 624 3110 cum
644 3047 816 3128 Ἐσσηνοΐςτ
849 3065 982 3128 utrosquc
1010 3057 1085 3112 enim
1108 3072 1165 3113 esse

145 3150 243 3198 tuom:
267 3140 329 3211 quia
351 3155 547 3211 saepenumero
570 3138 661 3195 holem
684 3156 733 3212 pro
755 3141 862 3205 scbeva,
885 3149 913 3195 et
935 3140 1054 3196 vicissim
1069 3141 1165 3199 schem

42 3284 48 3297 .
144 3238 195 3296 pro
224 3222 313 3278 bolom
342 3230 498 3296 usurpatur.
544 3224 619 3280 llanc
647 3225 830 3280 coniecturam
857 3224 964 3280 duobus
993 3227 1164 3298 potissimum

62 3316 71 3331 ·
145 3309 313 3379 argumentis
342 3308 472 3363 adstruit:
504 3309 633 3374 alterum,
663 3309 736 3382 qnod
765 3310 849 3366 multa
871 3310 898 3364 in
922 3327 1017 3366 eorum
1041 3312 1163 3367 instituto

58 3388 65 3405 “
144 3399 267 3447 vetorum
289 3391 454 3448 Essenorum
476 3394 587 3467 vestigia
609 3403 781 3468 comparent:
809 3405 840 3451 ut
862 3404 926 3469 puta
948 3387 968 3469 ἦ
991 3396 1056 3451 τῶν
1077 3387 1164 3471 dypt-

146 3476 209 3532 λων
229 3470 397 3553 θρησκεία,
426 3476 503 3533 cibus
532 3495 563 3534 en
591 3478 646 3535 sale
669 3489 696 3535 et
719 3497 804 3552 pane,
833 3488 914 3553 potus
938 3496 970 3535 ex
992 3496 1081 3554 aquo:
1109 3488 1165 3536 tum

145 3561 218 3635 quod
241 3562 337 3618 Osseni
359 3561 450 3618 Solem
478 3562 641 3628 adorarunt,
671 3564 743 3621 unde
772 3573 799 3620 et
821 3565 959 3638 Sampsaei
982 3564 1057 3622 dicti.
1103 3565 1165 3621 llam

144 3645 297 3719 Sampsaei,
320 3662 437 3719 quorum
458 3656 502 3703 est
523 3647 648 3704 Haeresis
672 3651 726 3714 53,
750 3649 830 3705 iidem
853 3667 913 3706 cnm
938 3650 1050 3706 Ossenis
1074 3651 1166 3707 tideu-

143 3738 200 3788 tur.
243 3733 278 3787 At
299 3731 464 3788 limenorum
492 3734 631 3805 proprium
660 3734 714 3789 hoc
741 3734 806 3800 luit,
837 3735 947 3791 Oriente
976 3734 1041 3790 Solo
1071 3751 1165 3810 preces

144 3814 268 3873 mutere.
297 3815 418 3872 Alterum
440 3824 492 3880 est,
516 3816 589 3890 quod
604 3818 677 3873 Elnai
699 3819 833 3892 impostor
856 3819 908 3884 ille,
931 3819 979 3894 qui
994 3819 1026 3874 ad
1045 3821 1164 3877 Ossonos

143 3901 265 3967 mnsiit,
294 3900 413 3957 Essenus
439 3902 528 3959 luerit.
573 3902 645 3959 Nihil
669 3902 739 3959 enim
763 3904 834 3960 aliud
857 3913 900 3960 est
920 3894 1028 3972 Ἐλξαῒ
1044 3895 1165 3980 quamd

140 3976 285 4054 Ἐσσαῖος
305 3997 386 4047 *nort
410 3983 451 4047 tn
473 3995 505 4044 ut
526 3987 552 4042 id
574 3997 678 4052 sectae,
708 4004 764 4044 non
789 3989 906 4045 hominis
929 3990 1073 4063 proprium
1096 3990 1167 4047 exti-

144 4071 218 4130 terit.
247 4070 303 4131 Sed
324 4088 356 4130 ea
371 4071 500 4146 Scaligen'
520 4073 677 4130 coniectura
699 4082 812 4131 eatenus
834 4091 851 4130 a
871 4074 951 4130 nobis
967 4074 1112 4148 probatur,
1136 4085 1167 4131 ut
