2586 4822
1202 774 1214 803 0

378 835 417 884 DE
433 835 585 886 transonis
598 835 641 885 ΕΤ
659 835 854 887 adnotamus,
1081 825 1122 886 65

114 989 258 1044 eorundem
283 988 443 1044 testimoniis
467 997 595 1052 utuntur,
618 987 666 1043 sed
689 997 745 1044 tum
767 1006 876 1062 quoque
898 1006 981 1062 quum
1002 990 1127 1064 singulo-

113 1090 167 1129 mm
194 1067 236 1128 τὰ
269 1063 470 1148 ἱστορούμενα
497 1073 651 1146 singillatim
678 1082 825 1146 exponunt.
869 1073 933 1129 Nam
956 1075 1042 1148 primo
1064 1077 1125 1133 loco

112 1158 170 1214 LXX
204 1158 374 1230 interpretes
408 1158 591 1221 constituunt,
626 1157 724 1230 quilius
756 1158 893 1231 Aquilam.
927 1158 1125 1233 Symmachum,

112 1242 325 1321 Theodotionem
347 1241 503 1298 subiiciunt.
534 1243 578 1299 Sic
599 1243 761 1298 Athanasius
782 1243 809 1298 in
826 1244 941 1317 Synopsi
963 1246 1125 1301 anteriorem
1192 1280 1194 1284 .

112 1328 189 1383 inisse
213 1327 407 1400 Symmachum
435 1327 563 1392 affirmat,
593 1328 671 1383 cuius
699 1328 843 1384 editionem
868 1331 905 1384 56
929 1339 992 1402 post
1013 1330 1125 1403 Aquilae

112 1413 261 1469 versionem
285 1413 361 1468 annis
384 1413 503 1468 extitisse
526 1421 625 1468 narrat.
657 1413 694 1476 Si,
718 1423 748 1469 ut
770 1414 869 1469 author
891 1422 932 1468 est
949 1414 1123 1487 Epiphanius,

115 1500 147 1555 tt
168 1497 282 1553 Adriani
310 1514 381 1552 anno
403 1497 514 1572 Aquilae
537 1498 725 1570 Interpretatio
754 1498 870 1572 prodiit,
900 1498 946 1570 qui
975 1507 1016 1554 est
1039 1517 1124 1555 annus

113 1582 207 1638 Christi
237 1583 311 1646 128,
340 1581 382 1636 vel
409 1581 443 1636 ab
472 1599 504 1638 eo
527 1583 680 1655 proximus,
712 1583 951 1656 quinquagesimus
973 1583 1006 1638 ab
1030 1584 1074 1639 illo
1098 1594 1125 1639 et

111 1677 198 1723 sextas
222 1683 312 1722 annus
334 1667 426 1722 incidit
439 1667 473 1721 in
496 1683 596 1722 aunum
618 1667 726 1723 circiter
746 1669 811 1730 184,
835 1667 973 1723 Commodi
988 1679 1123 1740 quartum,

111 1753 146 1808 rel
167 1749 308 1825 quintum.
339 1751 392 1807 Sed
414 1769 555 1826 perperam
578 1751 647 1807 idem
661 1752 815 1825 Syoopseos
832 1752 936 1808 'author
957 1752 1008 1808 sub
1023 1753 1123 1809 Severo

112 1837 204 1892 editam
231 1853 293 1893 esse
315 1836 407 1892 refert.
436 1836 501 1891 Nam
524 1836 638 1892 subinde
654 1836 866 1892 Theodotionem
889 1837 1044 1900 subtexens,
1066 1830 1124 1911 ἡρ-

139 1914 237 1978 ἐυσε
261 1915 311 1976 καὶ
341 1912 448 1989 αὐτὸς,
477 1922 578 1993 inquit,
606 1916 653 1976 aut
676 1913 824 1993 Kopdd'oo
847 1925 901 1978 τοῦ
922 1917 1073 1993 βασιλέως
1094 1918 1125 1976 ἐν

112 2008 191 2086 anaqi
214 2009 263 2084 τῷ
281 1999 394 2085 χρόνῳ.
438 2005 544 2060 Eodem
566 2014 686 2078 ternpore
709 2014 734 2061 et
755 2008 816 2078 ipse
837 2009 888 2062 suh
913 2006 1059 2063 Commodo
1080 2009 1124 2062 io·

111 2099 279 2164 tepescam
302 2098 351 2145 est.
381 2091 439 2145 Non
462 2091 545 2164 igitur
566 2091 634 2146 alter
655 2090 705 2145 suh
724 2091 833 2146 Severo.
864 2092 902 2146 lta
925 2102 1037 2165 propter
1058 2110 1124 2146 ero-

112 2178 173 2233 u‘cae
203 2175 337 2232 historiae
359 2176 511 2248 neglectum
533 2176 692 2248 plerumque
714 2176 874 2231 sanctissimi
897 2176 990 2232 Patres
1012 2177 1124 2231 inextri-

111 2261 242 2317 cabilibus
272 2278 334 2316 sese
360 2260 463 2332 laqueis
487 2260 637 2333 implicant:
667 2260 831 2333 Epiphanius
853 2261 985 2333 denique,
1015 2279 1046 2317 ea
1068 2279 1123 2335 quo

112 2346 259 2401 contrariae
283 2354 434 2400 sententiae
456 2346 564 2400 unicum
588 2354 615 2400 ct
637 2345 772 2417 singulare
794 2345 992 2402 firmamentum
1009 2345 1124 2400 Alexan-

112 2431 213 2487 drinum
240 2430 394 2485 Chronicon
417 2445 447 2484 ac
465 2431 631 2485 recentiores
657 2431 815 2493 hauserunt,
838 2430 925 2503 palam
947 2447 977 2485 ac
993 2432 1050 2485 siue
1066 2432 1175 2484 am-lu‘ti

113 2515 174 2589 tage
196 2515 391 2588 Symmachum
415 2513 600 2570 Theodotione
622 2514 739 2586 priorem
763 2515 882 2569 extitisse
904 2514 1059 2577 confirmat,
1082 2524 1125 2568 at-

113 2618 160 2673 que
187 2601 265 2656 hunc
295 2599 346 2656 sub
370 2598 531 2662 Commodo,
562 2599 635 2654 illum
663 2598 713 2654 suh
737 2597 822 2662 Vero,
852 2598 879 2654 id
903 2607 945 2654 cst
966 2598 1000 2653 ll.
1016 2598 1124 2654 Aurelio

114 2687 268 2759 scripsisse,
293 2701 374 2759 quem
397 2685 495 2740 frustra
517 2684 651 2741 Severum
672 2683 803 2756 appellat,
827 2682 952 2757 idemque
968 2691 1005 2738 'ut
1026 2682 1125 2748 iaceret

114 2769 267 2844 Synopseos
291 2769 371 2834 illius,
394 2769 435 2824 vel
457 2769 612 2842 appendicis
635 2768 799 2841 synopseos,
823 2785 892 2841 quae
908 2768 1052 2825 Athanasio
1076 2769 1126 2823 tri-

114 2853 215 2919 buitur,
248 2855 392 2910 authorem
421 2854 532 2910 induxit.
578 2853 624 2908 Est
646 2853 717 2909 euim
740 2852 807 2908 haec
829 2852 922 2909 lacinia
945 2868 1123 2925 nequaquam,

116 2950 140 2994 ut
160 2941 276 3013 opinor,
300 2939 451 3002 Athanasii,
475 2939 522 2995 scd
545 2938 685 3012 seripturis
707 2927 826 3001 alterius,
854 2939 899 3010 qui
922 2956 953 2993 ex
976 2937 1124 3010 Epiphanio

115 3027 158 3080 ista
180 3023 357 3088 describens,
380 3024 491 3098 perinde
520 3034 600 3097 atquc
633 3023 692 3087 ille,
722 3039 772 3095 pro
794 3022 863 3078 Vero
891 3025 1019 3077 Severum
1043 3039 1126 3076 usur·

114 3110 188 3181 parit
229 3109 322 3177 Quare
343 3109 416 3183 quod
439 3109 626 3182 Symmachum
649 3106 699 3163 suh
723 3107 822 3163 Severo
845 3107 991 3163 Pertinacis
1013 3123 1125 3161 sueces-

114 3211 171 3250 sore
192 3195 313 3250 edidisse
334 3194 415 3265 vulgo
437 3195 542 3256 seruant,
571 3202 704 3268 quatenus
731 3208 762 3247 ex
784 3192 934 3264 Epiphanio
956 3190 1027 3246 istud
1050 3208 1126 3244 asse-

114 3289 181 3344 runt,
205 3288 315 3334 mutent
336 3277 464 3351 deinceps
487 3278 647 3334 sententiam
670 3293 774 3341 omnes,
798 3284 834 3340 et,
857 3277 879 3331 si
895 3277 967 3331 hiano
983 3276 1124 3331 authorem

115 3365 186 3436 sequi
207 3364 334 3436 cupiunt,
358 3363 390 3418 ad
414 3362 492 3418 llarci
507 3363 605 3418 Aurelii
622 3362 681 3417 Veri
705 3371 832 3435 tempora·
847 3371 1040 3417 summoveant.
1073 3360 1126 3415 Ce-

114 3447 209 3504 drenns
232 3449 426 3521 Symmachum
454 3464 486 3503 ex
507 3447 614 3503 llusehii
643 3446 695 3502 lide
717 3445 865 3501 Pertinacis
893 3455 1014 3518 ternpore
1042 3444 1124 3500 luisse

114 3533 212 3589 scribit.
246 3533 326 3607 Quod
349 3551 400 3606 ego
415 3532 485 3606 apud
501 3531 645 3596 Eusebium
660 3532 780 3586 nondum
796 3532 893 3604 reperi.
924 3531 988 3586 Nam
1005 3531 1031 3585 in
1046 3529 1123 3585 lih.6

113 3616 176 3674 llist
200 3619 279 3675 c.l2
310 3627 338 3673 et
364 3617 437 3674 lihl
468 3618 501 3673 dc
523 3616 674 3672 Demonstr.
698 3617 757 3672 c.2
785 3615 832 3672 ubi
860 3616 920 3688 quis
948 3615 1124 3688 Symmachus

112 3703 190 3760 luerit
212 3703 336 3776 exponit,
361 3704 393 3760 de
416 3703 487 3758 illios
509 3711 595 3757 aetate
619 3701 728 3757 verbum
752 3701 865 3756 nullum.
905 3701 952 3755 list
975 3710 1071 3761 tamen,
1096 3706 1125 3752 ut

111 3789 226 3862 mgenue
251 3789 346 3852 fatear,
369 3787 500 3848 nonnihil,
524 3786 596 3860 quod
618 3786 645 3841 in
668 3786 810 3842 asserenda
826 3785 977 3858 Symmachi
993 3792 1125 3840 vetustate

111 3874 269 3948 scrupulum
293 3882 393 3934 movet,
415 3871 541 3927 nimirum
563 3870 637 3945 quod
658 3870 794 3932 irenaeus,
818 3870 863 3944 qui
882 3869 960 3925 llarci
977 3867 1076 3923 Aurelii
1099 3876 1126 3922 et

110 3957 249 4015 mamam
273 3967 414 4031 tempore,
443 3974 474 4012 ac
497 3957 586 4012 Severi
610 3971 719 4029 quoquo
742 3955 817 4009 initio
839 3955 945 4018 lloruit,
968 3954 985 4009 l.
1005 3956 1021 4009 3
1044 3965 1068 4006 e.
1086 3954 1124 4008 24

110 4060 166 4100 mm
188 4045 223 4100 de
247 4043 295 4100 illo
318 4043 404 4098 lsaiae
424 4041 486 4097 loco
509 4045 569 4105 ol,
583 4045 628 4097 14.
651 4038 723 4095 Eece
737 4039 816 4110 oirqo
832 4039 977 4111 concipiet,
999 4037 1125 4092 adversus

110 4127 219 4186 hdaeos
242 4128 367 4191 deserit,
391 4125 584 4182 Theodotionis
607 4140 634 4181 et
649 4124 768 4198 Aquilae,
791 4127 837 4196 qui
860 4123 937 4178 aliter
958 4121 1127 4196 interpretati

153 4224 306 4279 Epiphanius.
332 4221 366 4263 ll.
385 4222 404 4263 l.
959 4223 973 4270 5
