2586 4822
629 455 647 492 0

155 811 212 875 tuo
497 826 575 876 tram
594 825 632 875 ne
652 826 690 876 nn
711 825 822 876 saunis

152 998 215 1036 vero
245 981 270 1036 iu
301 981 438 1055 speluncis
462 981 522 1037 ldae
546 982 661 1044 montis,
691 980 739 1053 qui
762 981 854 1037 estin
878 979 1008 1053 Phrygia,
1038 978 1190 1054 reperitur

153 1066 246 1122 similis
269 1065 392 1138 sanguini
416 1066 553 1129 cochleae,
578 1066 625 1121 sed
648 1065 764 1121 lucidior
787 1066 880 1137 magis,
905 1075 933 1121 et
955 1064 1037 1121 veluti
1061 1065 1175 1122 similior

151 1152 215 1206 nino
241 1158 268 1206 et
297 1150 449 1223 amethysto
480 1149 671 1216 rubicundior3
700 1166 756 1206 non
780 1150 850 1205 enim
874 1158 938 1205 sunt
960 1150 1041 1204 unius
1063 1149 1173 1215 coloris,

152 1235 328 1309 eiusdemque
358 1235 512 1308 potentiae,
543 1235 590 1290 sed
620 1234 669 1291 alia
703 1234 811 1307 quidem
835 1235 922 1290 rarior
944 1242 986 1290 est
1009 1244 1036 1290 et
1060 1233 1176 1292 albidior

127 1329 232 1393 antium
262 1337 309 1375 aer
331 1320 395 1375 lunai
419 1321 498 1375 nimis
521 1319 670 1392 ellulgens,
699 1335 749 1375 nec
774 1319 860 1393 impar
882 1320 946 1375 item
969 1319 1111 1376 caeruleae
1134 1320 1174 1376 n-

151 1399 324 1476 brationisl),
348 1403 429 1459 veluti
453 1405 475 1459 si
498 1414 620 1477 tempore
644 1404 739 1459 hiemis
762 1404 796 1460 de
819 1413 891 1460 terra
913 1419 996 1476 vapor
1010 1414 1058 1460 aut
1072 1402 1174 1461 nebula

151 1498 244 1545 austro
268 1490 409 1545 desinente
432 1498 594 1561 consurgam
618 1488 676 1552 alia,
701 1505 770 1561 quae
793 1488 887 1562 glaciei
904 1488 996 1544 similis
1012 1498 1054 1544 est
1070 1489 1104 1544 ah
1121 1489 1211 1554 nisit

152 1574 198 1649 qui
221 1573 343 1629 laliulosa
365 1573 480 1646 lingunt,
506 1573 653 1646 phantasiis
676 1573 775 1629 dicitur
797 1589 859 1629 esse
877 1573 1035 1629 remedium.
1065 1574 1174 1648 Reper-

153 1668 209 1714 tum
239 1667 280 1714 est
309 1667 399 1715 autem
428 1658 461 1714 ab
491 1653 622 1729 Hiberis‘)
652 1668 679 1713 et
709 1656 864 1732 pastoribus
893 1657 1096 1730 Hyrcanorum,
1126 1659 1174 1734 qui

111 1751 139 1801 to
150 1744 221 1800 circa
237 1742 361 1816 Caspium
384 1742 472 1799 solum
495 1742 638 1816 lacumque
647 1737 670 1815 l)
696 1743 858 1798 consistunt.
890 1742 937 1798 Est
952 1751 979 1798 et
994 1743 1064 1799 alter
1079 1744 1172 1817 iaspis,

151 1829 195 1901 qui
220 1837 331 1884 vocatur
353 1821 517 1901 appalius¹),
542 1827 634 1883 similis
659 1826 778 1892 nisibus,
804 1836 850 1883 aut
872 1828 975 1900 spumis
998 1829 1096 1893 maris,
1126 1837 1174 1885 aut

151 1912 232 1968 veluti
256 1914 279 1968 si
301 1914 410 1986 salignis
433 1912 494 1968 lacti
518 1913 671 1976 misceatur,
696 1922 726 1967 ut
742 1912 906 1986 Massagetae
929 1921 1023 1985 potare
1043 1921 1109 1968 sunt
1124 1929 1173 1969 so-

150 1996 190 2053 liti
199 1997 245 2068 ml:
276 1999 362 2060 hunc,
387 2006 416 2052 ut
440 1999 531 2061 aiunt,
555 1998 601 2071 qui
624 1997 746 2053 laltulosa
768 1998 905 2061 referunt,
928 1996 1031 2054 bestiae
1054 1999 1081 2054 in
1105 2015 1171 2073 apro

152 2091 286 2144 metuunt,
311 2082 415 2154 aliaque
439 2084 607 2154 portentat).

111 2292 137 2342 15
481 2283 523 2337 ot
546 2283 665 2338 tattuu
689 2283 833 2340 Lth'ttto.

237 2419 333 2493 ligyrii
356 2419 539 2475 inventionem
561 2435 732 2492 nequaquam
755 2420 892 2484 novimus,
917 2435 1004 2474 neca
1028 2420 1173 2492 physiolo-

149 2505 200 2578 gis,
225 2504 249 2558 iil
272 2513 314 2567 est
336 2512 494 2559 naturarum
517 2502 731 2567 scrutatoribus,
755 2520 805 2559 nec
828 2503 860 2559 ab
884 2502 1017 2577 aliquibus
1041 2505 1209 2580 antiquis&

151 2589 197 2664 qui
221 2590 316 2645 harum
339 2605 430 2645 rerum
453 2605 545 2644 curam
568 2589 686 2663 gessisse
709 2588 905 2660 reseruntur0).

232 2772 256 2823 lul
277 2772 338 2820 Fert.
357 2774 463 2822 coemleo
480 2775 614 2822 vibratione.

233 2841 250 2891 il
276 2840 365 2887 Horum
386 2839 527 2902 populorum
549 2840 668 2900 regionem
689 2839 788 2887 llreriam
808 2838 879 2887 anna
899 2838 1037 2887 Eustuthius
1055 2847 1131 2896 rorat,
1150 2845 1174 2886 et

149 2907 275 2953 Asiaticum
295 2907 365 2954 etiarn
385 2907 474 2968 dicunt,
495 2916 519 2954 nt
538 2907 696 2967 distinguatur
713 2907 742 2954 ah
763 2907 838 2955 iberia
857 2907 989 2970 Europaeo,
1012 2920 1102 2970 nempe
1120 2908 1174 2956 llis·

150 2974 227 3036 pania.
264 2974 331 3021 Nunc
350 2974 394 3020 suli
414 2974 600 3035 Georgianorum
620 2975 716 3022 nomine
734 2989 777 3023 eos
796 2976 926 3023 noscimus.

235 3041 258 3092 tt
279 3041 435 3102 Hieronymus
454 3049 478 3089 ct
497 3042 559 3120 liupr
578 3041 655 3090 laeum
675 3042 771 3120 proprio
791 3043 887 3091 nomine
904 3049 972 3090 rorat
990 3042 1078 3092 Neuain
1096 3050 1142 3091 ete.

236 3108 252 3167 l)
278 3108 387 3170 Epitonie
406 3109 506 3157 Gesneri
531 3101 623 3160 ἴασπις
641 3102 655 3156 ὁ
673 3103 805 3165 παλαιὸς,
831 3114 948 3175 antiquus
985 3110 1057 3158 Sed
1052 3124 1105 3158 iure
1123 3109 1175 3158 Sal·

151 3177 240 3224 masins
267 3181 290 3223 r'n
309 3178 413 3226 Setinum
422 3191 454 3255 p
465 3176 511 3236 92
537 3186 675 3255 corruptum
700 3192 754 3226 eum
780 3192 834 3227 csse
859 3178 938 3227 locum
957 3184 1047 3225 monet.
1085 3178 1176 3239 Legen-

151 3243 207 3292 dum
232 3250 311 3292 autem
336 3252 404 3323 putot
422 3214 641 3297 'tamondttroe
667 3246 776 3295 fortassis
801 3255 879 3295 tamen
906 3246 1007 3309 aequius
1024 3245 1089 3294 locet
1106 3246 1176 3294 resti·

152 3320 219 3359 tuere
239 3304 330 3363 larun
349 3303 490 3367 ὀπάλλιις,
511 3315 576 3391 quod
595 3314 669 3375 magis
688 3314 819 3391 respondet
837 3328 936 3362 numero
957 3312 1089 3362 litterarum
1109 3314 1177 3362 titio·

72 3422 81 3434 ,
152 3394 192 3427 sae
215 3379 337 3442 lectionis,
363 3395 457 3430 necnon
482 3383 526 3445 ipsi
553 3382 650 3445 quidem
674 3383 792 3441 versioni,
817 3396 888 3445 quam
908 3383 1015 3443 edimus,
1041 3382 1097 3430 licet
1116 3383 1176 3431 liaeo

151 3461 248 3509 quoque
267 3417 375 3511 lppndins
394 3450 510 3498 mendose
529 3450 616 3498 habeat
634 3464 677 3512 pro
697 3419 811 3514 opottrn’r.

237 3518 269 3565 nil
293 3517 379 3565 Strabo
398 3517 439 3567 ιίιι.
451 3519 470 3566 ll
495 3518 639 3579 Massagetas
667 3532 766 3566 succum
786 3518 866 3566 bibere
886 3533 912 3565 en
931 3517 1040 3566 arboreis
1057 3516 1178 3566 fructibus

152 3597 249 3663 express
252 3599 290 3631 um
315 3592 408 3641 narrat;
437 3585 571 3635 llerodotus
597 3585 637 3634 lili.
649 3586 656 3632 Ι
682 3585 727 3634 suli
753 3586 824 3634 llnem
849 3588 901 3636 loc:
924 3577 1131 3648 γαλακτοπόται
1149 3579 1180 3634 δέ

151 3643 213 3700 εἶσι
252 3653 296 3702 lor
314 3660 389 3701 notem
399 3662 487 3718 potant.
523 3654 608 3702 Verum
622 3654 692 3702 etiarn
704 3654 795 3702 Statius
808 3655 889 3704 tenttt.
904 3653 944 3701 lili
956 3652 997 3701 ιι
1008 3653 1055 3702 302
1071 3654 1177 3702 cecinit:

358 3722 439 3771 lacteo
459 3723 601 3800 Messapetne
619 3723 689 3771 ueluti
707 3737 758 3771 cunr
772 3725 859 3786 poculo
879 3726 971 3783 [asenne

357 3790 474 3852 Snnpnine
490 3794 589 3865 puniceo
608 3825 682 3838 .....

237 3853 262 3910 nl
280 3854 389 3917 Epitome
409 3857 525 3905 Gesneri·
546 3850 580 3903 τὰ
599 3851 745 3921 φάσματα,
765 3865 864 3921 spectro

236 3926 260 3977 nt
280 3921 439 3986 Epiphaniam
462 3924 555 3972 ridetur
578 3924 737 3987 descripsisse
756 3924 946 4005 llieronpmus'
941 3938 964 3972 m
991 3925 1065 3988 Epist.
1084 3928 1116 3976 sd
1134 3927 1182 3977 ra-

152 3986 509 4071 tiotnm§.tt,=rbttegitrir:
530 3994 706 4053 Scrutansros,
726 3995 813 4056 quide
833 3995 1184 4057 tapttnnatqnspesrnnrsn

152 4063 263 4124 scripsere
281 4028 385 4121 natdrr'r,
391 4063 547 4124 tipus-iarn
539 4063 641 4109 invenire
658 4075 704 4109 non
720 4063 795 4124 potui.
832 4061 965 4111 Nonnullae
984 4060 1106 4110 editiones
1126 4062 1185 4112 ttic-

152 4129 242 4191 ronpmi
267 4128 355 4178 habent
379 4130 522 4193 lyncurium,
550 4127 593 4177 sed
618 4127 744 4190 legendum
773 4141 829 4178 esse
852 4131 980 4194 lopertum,
1006 4142 1050 4178 seu
1070 4131 1188 4193 liparim
