2586 4822
161 682 225 746 tlt
540 704 592 735 aar
617 691 734 743 maru
752 704 767 756 ς

159 851 282 913 Sabbato
300 848 493 913 unandom,
518 864 574 906 uno
595 848 725 905 duntaxat
745 856 878 921 ereepto,
905 846 1052 922 quomodo
1073 847 1184 905 dicata:

160 956 177 996 a
198 938 265 1002 suis,
288 934 403 1009 perinde
420 952 454 991 ac
476 933 630 998 Catholicis,
653 931 922 991 ieiunioSabbatuua
939 933 1128 990 Tertullianus
1147 935 1185 989 di-

160 1039 224 1080 oere
247 1018 357 1095 potuit?
385 1019 605 1095 Aliundeigitnr
627 1018 780 1091 quaerenda
803 1027 848 1074 est
868 1017 923 1074 loci
946 1018 1022 1075 illius
1038 1018 1184 1092 explicatio

161 1108 236 1176 Quae
265 1120 299 1163 an
326 1104 459 1162 eiusmodi
480 1104 566 1177 possit
588 1113 677 1168 esset,
707 1103 937 1160 considerandum
959 1113 1015 1159 est.
1062 1104 1184 1160 Nimirum

161 1191 321 1248 Tertulliani
347 1200 479 1263 tempore,
502 1206 564 1245 cum
587 1190 720 1245 stationes
741 1189 807 1244 deria
830 1197 927 1261 quarta
944 1198 1069 1245 etsexta
1085 1189 1181 1249 hema.

162 1275 258 1333 ambae
279 1274 446 1348 nouenae
467 1291 567 1330 nonam
589 1273 720 1330 duntaxat
740 1273 836 1333 horam
857 1284 1026 1347 prorogatae
1045 1285 1120 1339 sunt,
1141 1274 1183 1330 sed

163 1361 228 1419 terta
251 1370 346 1434 quarta
369 1361 460 1417 stetim
483 1359 691 1432 postulationis
714 1359 814 1415 exitum
833 1360 987 1432 horamque
1001 1377 1107 1415 nonam
1121 1360 1182 1415 iain-

162 1447 236 1503 oinm
267 1445 375 1503 solvere
401 1444 505 1503 licitum
527 1444 586 1500 luit.
631 1443 710 1505 Sexta
731 1461 796 1500 uero
818 1444 901 1506 feria,
929 1444 1044 1517 expleto
1067 1444 1180 1501 sodoma

163 1540 302 1603 temporo,
332 1547 387 1586 nnn
409 1529 500 1586 statim
523 1530 562 1584 las
585 1538 643 1585 erat
664 1529 750 1592 uesci,
780 1529 828 1584 sed
849 1529 885 1585 ad
906 1546 1055 1602 vesperam
1076 1539 1180 1585 tanton.

162 1615 239 1671 llnde
260 1614 334 1672 lerie.
348 1623 443 1690 quarta
465 1608 672 1677 semitonorum,
696 1623 727 1670 ut
741 1614 922 1671 Tertullianus
944 1624 1037 1677 vocat,
1062 1614 1181 1672 obserua-

163 1710 221 1759 tum
244 1708 295 1763 cst,
319 1699 556 1757 setta-ieiunium.
596 1699 634 1754 lta
655 1698 793 1755 nonnullis
816 1701 843 1755 in
865 1699 941 1763 loris,
966 1709 999 1756 ut
1022 1699 1177 1773 paulopost

118 1822 122 1829 -
147 1795 281 1843 atestatur
302 1785 477 1858 Epiphanius,
500 1784 566 1840 leria
588 1783 681 1856 quinta
704 1784 813 1841 maioris
834 1783 1025 1840 hebdomadae
1049 1803 1110 1841 cum
1127 1794 1179 1840 sta·

163 1873 252 1930 tiones
280 1880 307 1926 et
330 1871 457 1944 synaxes*
476 1870 509 1926 ad
537 1870 632 1926 horam
660 1886 758 1926 nonam
781 1868 995 1934 celebrarentur,
1020 1887 1080 1926 non
1101 1879 1179 1924 tamea

164 1955 279 2014 subinde
301 1955 399 2013 ieiunia
421 1952 605 2011 solvebantur.
636 1954 670 2011 Et
690 1970 753 2010 aero
776 1955 892 2011 arctiore
914 1955 1017 2011 ieiunio
1034 1972 1069 2011 ac
1083 1956 1181 2010 diutur-

164 2043 242 2099 niore
268 2040 354 2097 ineolis
384 2038 544 2095 celebranda
571 2038 629 2095 dios
651 2039 696 2095 illa
718 2040 821 2103 luerat,
847 2056 921 2112 quae
941 2039 1102 2097 [lominicae
1124 2040 1181 2095 Pas-

163 2127 234 2183 dont
256 2125 401 2197 praecipue
423 2132 608 2180 consecratur.
644 2124 852 2198 Equidemaon
873 2124 951 2180 rideo
975 2125 1043 2198 quid
1066 2125 1101 2180 de
1122 2125 1181 2181 ler-

163 2209 267 2269 tullinni
296 2209 356 2265 loco
384 2208 430 2266 illo
460 2208 513 2266 dici
538 2208 707 2282 probabilius
736 2210 831 2282 pomit.
875 2209 928 2264 lam
948 2227 1027 2265 aero
1058 2228 1109 2283 per
1129 2209 1182 2266 illos

164 2295 312 2353 stationum
334 2294 401 2358 dies,
425 2310 499 2366 quae
518 2310 579 2350 cum
602 2293 702 2350 ieiunio
725 2296 885 2352 coniunctae
907 2303 1003 2359 mat,
1026 2305 1126 2352 eontra
1145 2304 1182 2349 at-

163 2398 218 2455 qne
240 2381 266 2436 iu
287 2378 564 2455 maioribustieiuniis
585 2380 711 2454 usurpari
732 2387 919 2444 consueverat,
943 2379 1038 2436 lliviua
1063 2380 1183 2454 mysteria

165 2477 192 2523 et
215 2465 344 2521 scientiola
366 2464 581 2538 peragebantur,
610 2464 753 2520 distributa
777 2481 888 2539 quoque
912 2465 939 2521 ir
962 2464 1061 2520 fideles
1084 2466 1183 2522 Eucha-

165 2552 254 2614 aistis.
284 2567 364 2625 quam
393 2559 483 2606 temen
512 2567 567 2605 uon
597 2549 712 2607 subinde
741 2551 768 2606 ira
797 2566 829 2604 os
852 2550 953 2612 traici,
984 2550 1032 2606 sed
1058 2549 1183 2608 reservari

164 2645 293 2709 optortere
310 2634 490 2691 Tertullianus
512 2633 648 2698 amioum,
672 2637 698 2690 in
721 2634 793 2690 calce
816 2633 861 2690 lib.
884 2634 1011 2691 debeat.
1032 2633 1179 2693 donecab

164 2722 253 2778 nolula
275 2721 311 2777 sit
332 2720 424 2776 statio.-
452 2719 546 2792 Neqrm
568 2729 625 2775 tum
648 2721 868 2792 praetermissum
890 2719 999 2775 ridetur
1014 2722 1092 2794 pacis
1108 2737 1183 2778 osca·

164 2807 235 2869 lum,
263 2804 337 2878 quod
362 2820 418 2861 uno
440 2804 559 2861 Paschae
581 2805 625 2860 die
647 2805 826 2862 communiter
847 2804 880 2860 ab
903 2804 1033 2861 omnibns
1058 2807 1181 2862 omissum

163 2891 234 2949 dem
256 2886 524 2962 luctor-significat.
560 2889 613 2945 Sed
635 2890 669 2945 de
691 2891 769 2946 variis
792 2889 972 2946 Ecclesiarum
995 2889 1099 2946 ritibus
1122 2907 1182 2947 eoa·

164 2977 224 3034 sule
245 2992 316 3048 quae
337 2976 364 3031 in
386 2975 529 3048 superiore
551 2974 618 3031 Nota
642 2992 673 3031 ex
688 2975 839 3049 Augustino
861 2984 889 3031 et
912 2974 1076 3031 lnuoceutio
1100 2975 1183 3031 derla-

164 3062 290 3118 ravimus.
319 3059 400 3117 Plura
422 3059 456 3116 de
479 3060 532 3116 boc
553 3059 700 3116 stationum
722 3060 776 3116 ritu
798 3060 965 3133 antiquitatis
979 3059 1181 3118 Ecclesiastitae

164 3145 279 3202 studiosi
307 3145 490 3216 pervestigare
508 3153 664 3217 poterunt,
692 3162 753 3202 oum
782 3154 809 3200 et
831 3161 882 3200 uos
904 3144 1038 3217 pleraque
1059 3145 1180 3202 consulu

164 3229 399 3303 praeterieramus,
422 3238 454 3284 ut
476 3245 506 3284 ea
529 3229 586 3284 sola
609 3230 867 3303 complecteremur,
890 3245 1010 3303 quorum
1032 3230 1181 3287 obscuritas

164 3315 252 3372 lancem
274 3312 389 3385 aliquam
413 3321 522 3370 nonme
543 3313 736 3387 disputationis
757 3315 886 3387 exigeret.
1164 3327 1170 3340 ·

84 3421 86 3426 ·
112 3412 160 3466 359
256 3400 333 3457 tlon
349 3416 375 3452 a.
404 3392 476 3470 δίχα
497 3391 594 3472 μόνης
615 3401 669 3473 τῆς
691 3396 918 3474 nonenoeane]
949 3398 1016 3456 Vide
1039 3400 1182 3457 Nicaenuar

165 3496 296 3544 canonem
320 3483 369 3540 ult.
394 3483 550 3540 &mum
566 3483 662 3549 collat.¹
680 3487 715 3542 ti
742 3489 789 3542 c.·l
802 3489 827 3541 l.

165 3610 170 3617 -
250 3561 319 3627 obn
341 3565 372 3625 ἐν
392 3570 433 3647 τῇ
453 3560 554 3650 ἡμέρᾳ
572 3571 636 3627 τῶν
655 3563 855 3647 Ἐπιφανίων]
884 3569 975 3626 Nullis
998 3570 1086 3643 igitur
1100 3568 1180 3626 modis

164 3654 320 3713 admirabile
347 3664 391 3710 est
419 3655 561 3712 decretum
586 3655 652 3711 illud
681 3654 824 3728 Theophili
852 3654 1024 3711 hlesandaini
1049 3655 1181 3729 Episcopi,

163 3739 238 3814 quod
266 3739 338 3812 apud
361 3739 546 3796 balsamonem
573 3747 644 3796 estat
667 3744 801 3813 ploitt:
820 3740 857 3796 ,ia
879 3756 934 3813 quo
957 3749 986 3795 et
1009 3740 1183 3813 Theophanis

164 3818 316 3898 enjorneor
330 3815 448 3900 ἡμέραν
469 3841 530 3880 esse
552 3823 625 3888 dicit,
649 3835 678 3883 et
699 3825 826 3898 quoniam
848 3824 894 3881 illo
916 3842 988 3881 anuo
1013 3826 1040 3881 in
1065 3825 1182 3883 [1οωίαὲ-

164 3925 223 3965 min
244 3906 384 3972 inciderat,
406 3909 502 3982 paucis
522 3910 709 3965 tantummodo
730 3910 843 3984 dactylis
865 3911 936 3966 vesci
960 3909 1048 3973 iubet,
1073 3929 1130 3984 quo
1151 3909 1181 3966 ah

163 3992 312 4051 llaercticis
334 3994 472 4051 seiunctos
495 4011 525 4051 se
547 4010 615 4050 esee.
630 3996 833 4068 profiterentur,
856 3995 902 4069 qui
918 3994 1077 4052 [dominicae
1092 4013 1183 4052 resur·

1109 4072 1139 4143 Ο
