2586 4822
114 747 156 811 40
568 760 683 810 manvu

116 917 225 980 lastrio,
248 916 366 981 isidoro,
397 925 424 972 et
445 916 498 972 boc
520 925 615 971 nostro
638 923 828 976 numerantur,
852 915 950 987 partim
972 913 1137 969 ludaeorum

118 1020 170 1059 non
195 1019 255 1056 esse
277 1001 414 1074 proprian,
444 1000 540 1073 partim
567 1019 600 1056 ne
624 999 754 1055 Haereses
777 999 885 1073 qrridem
909 999 1007 1063 videri,
1037 1001 1138 1072 partim

117 1087 233 1160 denique
247 1103 269 1140 -a
291 1086 378 1142 tribus
401 1085 452 1141 illis
479 1085 634 1141 matricibus
658 1103 710 1140 uon
728 1101 788 1140 esse
803 1085 960 1147 distinctas,
984 1093 1138 1157 quaesunt

118 1173 332 1234 Pharisaeorum,
356 1171 582 1234 Sadducaeorum,
607 1169 780 1226 Essenorum.
824 1168 862 1225 lle
884 1168 983 1242 quibus
1007 1169 1137 1242 quoniam

117 1274 220 1313 summa
243 1273 304 1311 curn
327 1255 477 1311 eruditione
500 1273 531 1310 ae
553 1255 688 1326 diligentia
713 1255 850 1310 Serrarius
874 1264 968 1310 noster
991 1254 1080 1310 tribus
1102 1254 1138 1309 li-

117 1342 173 1399 bris
195 1341 330 1404 disseruit,
354 1350 381 1396 et
403 1357 472 1412 (puae
494 1341 527 1395 de
549 1340 581 1393 iis
604 1339 739 1394 observari
762 1357 776 1393 a
800 1356 842 1394 me
865 1349 975 1411 possent
993 1340 1137 1412 occuparit

117 1428 214 1491 omnia,
237 1425 363 1496 cupidum
387 1441 478 1479 earum
501 1442 591 1479 rerum
607 1426 748 1480 Lectorem
771 1426 803 1479 ad
826 1425 896 1480 illius
916 1423 1137 1480 lucubrationem

116 1511 303 1568 dimittendum
332 1511 422 1583 potius
451 1507 567 1585 arbitror
594 1527 673 1583 qrram
708 1510 794 1564 otiosa
822 1510 985 1582 repetitione
1008 1510 1137 1565 detinen-

116 1598 190 1653 dum.
221 1596 347 1650 Conferat
370 1595 492 1650 etiamsi
515 1594 591 1650 lubet
614 1613 674 1650 eum
698 1595 810 1650 Serrarii
828 1595 1008 1658 Trihaeresio,
1033 1612 1064 1649 ac
1085 1594 1137 1648 lli-

115 1681 225 1744 nerrali,
248 1697 317 1752 quae
344 1679 455 1734 lirusius
479 1689 505 1734 et
528 1681 569 1735 ahi
595 1681 701 1754 quidam
726 1679 759 1734 de
776 1680 871 1734 eodeur
887 1689 1049 1753 argumento
1065 1679 1138 1734 seri·

115 1776 238 1840 pserunt.
282 1765 335 1820 Nos
360 1766 429 1819 euim
452 1766 495 1820 hie
518 1782 549 1820 ea
572 1774 674 1820 tantum
698 1765 894 1828 adnotabimus,
923 1781 993 1837 quae
1016 1764 1049 1819 ad
1071 1764 1137 1819 illu-

115 1852 255 1926 strandum
278 1850 455 1924 Epiphaniam
482 1852 633 1905 necessaria
656 1849 827 1905 ridebuntur.

332 2069 374 2124 DE
397 2068 539 2124 llhEllESl
562 2069 616 2124 xlv
638 2070 915 2126 srtbttut‘dhotttttt.

201 2192 236 2248 31
256 2207 279 2244 e.
309 2188 423 2261 πρῶτοι
439 2183 646 2244 Σαδδουκαῖοι
670 2181 860 2262 ἀπόσπασμα
876 2178 971 2260 ὄνοις]
997 2190 1133 2257 Quaedam

115 2291 146 2330 ex
174 2275 230 2338 his,
260 2291 328 2347 quae
350 2272 515 2344 Epiphanius
544 2274 569 2327 iu
594 2274 634 2328 his
657 2276 739 2331 sectis
763 2275 893 2347 prodidit,
917 2274 1009 2347 colligi
1033 2283 1131 2347 potest,

111 2360 169 2415 duo
192 2361 267 2415 luere
290 2357 419 2415 llosithei,
450 2357 533 2420 Alter,
557 2359 683 2431 idemque
706 2370 827 2433 tempore
846 2360 990 2433 posterior,
1016 2360 1134 2415 Samari·

115 2454 209 2509 tanus,
239 2445 315 2499 cuius
343 2443 464 2498 meminit
486 2443 630 2516 Origenes:
662 2445 730 2500 alter
757 2446 838 2518 longe
861 2445 1013 2516 antiquior,
1044 2460 1133 2517 aquo

114 2539 278 2603 propagatos
306 2547 367 2584 esse
390 2528 541 2584 Saducaeos
570 2547 624 2584 non
648 2529 812 2603 Epiphanius
841 2530 945 2592 solum,
975 2529 1025 2585 sed
1054 2530 1130 2584 etiarn

115 2613 294 2688 Hieronymus
317 2623 441 2677 testatur,
466 2611 576 2685 Dialogo
599 2624 692 2669 eontra
710 2616 823 2670 ereiler.
858 2616 955 2673 Taceo.
979 2615 1078 2687 inquit,
1101 2615 1131 2668 tle

114 2700 251 2755 Iudaismi
273 2700 446 2763 Haeredcis,
476 2700 525 2769 pai
547 2708 612 2752 arete
635 2702 783 2754 adrentum
808 2700 912 2754 Christi
933 2702 1022 2769 lepem
1045 2699 1133 2754 tradi·

115 2793 172 2840 turn
187 2786 379 2856 dissiparent:
392 2782 634 2856 qaodDositbens,
651 2785 893 2841 Samaritanorum
907 2786 1052 2857 princeps,
1069 2802 1132 2856 pro·

110 2870 214 2942 phetae
236 2871 412 2941 repudiarit:
437 2871 511 2940 qaod
528 2869 689 2924 Sadducaei
710 2886 745 2924 ea
767 2872 843 2926 iilius
867 2871 964 2923 radice
987 2876 1132 2924 irascentes

115 2957 199 3009 etiam
220 2955 451 3009 resurrectionem
474 2956 569 3008 carnis
592 2964 773 3024 nepae-erunt.
800 2956 838 3010 Ex
856 2955 975 3009 llusitbei
999 2972 1067 3026 ergo
1089 2970 1134 3008 ra·

115 3038 173 3094 dice
202 3040 256 3094 nati
285 3049 348 3094 sunt
371 3037 534 3103 Sadducaei;
565 3040 638 3110 ‹piiod
667 3050 708 3095 est
738 3040 807 3096 idem
836 3051 916 3113 atrpre
939 3030 1133 3110 ἀπόσπασμα

115 3122 198 3179 luisse
221 3124 283 3179 τῶν
302 3117 476 3178 Aona-idne.
508 3122 540 3178 Ut
563 3124 653 3178 mirari
669 3125 789 3198 Scaliger
811 3125 914 3180 desinat
932 3123 965 3177 ab
982 3124 1133 3198 Epiphanio

115 3206 141 3262 id
171 3225 231 3263 esse
258 3209 397 3279 seriptum.
443 3208 535 3278 ltaque
560 3208 704 3264 llositheus
730 3227 744 3263 a
767 3211 871 3265 ludaeis
894 3209 926 3263 ad
949 3210 1133 3264 Samaritanos

115 3291 251 3355 deficiens,
275 3293 436 3364 peculiarem
461 3291 515 3348 illic
537 3303 637 3348 sectam
662 3295 789 3350 corrdidit.
821 3296 905 3362 (liram
928 3303 1025 3366 postea
1048 3295 1134 3349 Sado-

115 3375 164 3431 ltus
180 3377 358 3449 interpolavit,
377 3395 437 3432 cum
455 3387 481 3431 et
498 3377 554 3448 ipse
571 3383 602 3432 ad
620 3379 801 3435 Snrrrauitanos
820 3398 833 3433 a
850 3379 953 3434 ludaeis
971 3380 1133 3433 transiisset.

199 3452 417 3533 ἐπονομάζουσι
442 3456 475 3517 da*
498 3445 582 3518 οὗτοι
605 3454 747 3538 ἑαυτούς]
777 3465 905 3520 Saduraei
929 3465 1039 3536 passim,
1065 3460 1133 3536 apud

116 3547 231 3602 Graecos
254 3548 374 3610 maxime,
398 3547 534 3620 geminato
552 3545 570 3602 d
586 3547 756 3604 scribuntur:
781 3550 855 3622 quasi
873 3558 945 3604 esset
960 3562 1041 3621 pru·
1058 3545 1133 3620 hpud

114 3631 179 3687 titt
201 3632 401 3705 antiquissimus
424 3631 468 3686 ille
485 3632 625 3696 Sacerdos,
649 3625 784 3690 Σαὸοῦκ.
815 3634 852 3689 lte
868 3651 922 3707 quo
941 3634 1053 3705 eopiosa
1070 3635 1135 3689 Ser-

114 3716 200 3771 rarius
228 3734 258 3772 ae
281 3717 401 3772 llrusius.
448 3717 544 3772 Sadoei
571 3736 653 3790 parm
687 3720 798 3775 extitere
822 3719 890 3774 elato:
921 3736 1039 3792 (puerum
1064 3733 1133 3773 unus

113 3801 241 3858 duntaxat
270 3801 303 3856 ab
328 3801 476 3874 Epiphanio
504 3813 686 3866 memoratus,
716 3804 761 3876 qui
791 3804 894 3859 llaridis
925 3813 951 3858 et
980 3802 1134 3858 Salomonis

112 3896 200 3942 aetate
222 3886 299 3950 vinit;
323 3886 391 3941 alter
411 3885 521 3959 drrtigni
544 3887 707 3959 discipulus,
732 3888 809 3944 cadus
832 3889 922 3944 socius
946 3883 973 3943 et
996 3887 1135 3943 condisci-

112 3971 192 4045 pulus
215 3971 264 4027 luit
287 3971 410 4035 Eaitbos;
435 3980 465 4025 ut
487 3973 587 4028 author
610 3982 651 4027 est
673 3972 742 4027 Elias
766 3974 793 4028 in
809 3973 910 4028 Thisbi.
942 3973 981 4028 ab
1006 3974 1060 4028 hoc
1082 3988 1135 4044 po-

111 4057 225 4113 steriore
241 4057 369 4113 Saduraei
393 4073 453 4110 eum
477 4057 580 4129 origine
604 4074 703 4112 nomen
726 4069 899 4131 acceperuut.
931 4058 1037 4113 Etenim
1054 4055 1135 4112 arrabo
