2586 4822
201 794 242 857 64
523 808 583 860 Vn.
618 811 701 860 ιιιινι
718 811 891 863 mamm.

201 957 236 1023 αἱ
257 956 422 1041 μάστιγες.
456 971 544 1044 τρεῖς
565 964 669 1048 μῆνας
691 961 725 1040 ἐξ
739 961 925 1046 Αἰγύπτου,
950 966 1003 1029 καλ
1026 962 1102 1031 τότε
1118 964 1199 1046 νόμο
1234 999 1270 1028 s

201 1054 335 1142 ἐγράφη,
359 1058 412 1120 καὶ
435 1057 557 1136 πλάκες
579 1059 726 1144 ἕξηλεων.
764 1066 839 1143 τρία
854 1056 987 1145 τάγαθόν
1009 1065 1068 1147 τῆς
1083 1061 1262 1150 ἔρημοισ

199 1151 304 1239 ἱίόωρ,
334 1149 573 1239 ὀρτυγομήτρα,
603 1157 641 1222 τὸ
663 1157 778 1240 μάννα.
827 1168 929 1241 τρεῖς,
954 1162 1050 1244 φησὶ,
1082 1161 1290 1242 καιροὺτζ,

200 1255 350 1338 Μωυσῆς
373 1249 474 1336 ὤφθη
499 1253 642 1321 ἐντόπιον
657 1261 784 1337 κυρίου·
819 1266 907 1339 τρεῖς
923 1256 1030 1337 ἱερεῖς,
1055 1262 1234 1343 Μωυσῆς-ι
1268 1302 1293 1342 q

175 1347 334 1434 5’Aaqtbv,
359 1349 520 1438 Σαμουηλ.
563 1363 651 1436 τρεῖς
674 1356 848 1436 στρατηγοὶ
871 1353 1073 1435 θαυμαστοὶ,
1096 1349 1275 1440 Ἰησοιῖι-

200 1451 352 1542 όΝαυῆ,
388 1445 516 1531 Χάλεβ,
548 1444 670 1536 Ἰεφονη
700 1452 752 1515 καὶ
784 1456 908 1528 Φινεές.
953 1463 1042 1533 τρεῖς
1072 1453 1104 1517 οἱ
1136 1479 1177 1517 κα

196 1537 343 1636 Ἀμαληκ
365 1554 422 1620 ἐπὶ
444 1555 501 1635 τῆς
524 1554 646 1632 πέτρας
675 1548 852 1629 ἱστάμενοι,
890 1553 1050 1638 Μωυσῆς,
1083 1545 1204 1636 ’ίησοῦτ
1221 1585 1252 1605 -
1292 1611 1293 1615 ,

193 1644 260 1731 Ὤρ.
299 1663 386 1733 τρεῖς
408 1656 515 1735 κριταὶ
539 1650 680 1724 όυνατοὶ,
718 1646 852 1724 Γεόεῶν,
880 1641 1019 1732 Ἰεφθάε,
1052 1650 1187 1730 Σαμφιό
1240 1653 1280 1671 “

198 1756 287 1830 τρεῖς
309 1754 492 1833 πρεσβῦται
513 1750 579 1812 τῶν
603 1746 680 1810 υἱῶν
700 1739 833 1829 Ἰσραὴλ,
858 1746 1016 1831 Μωυσῆς,
1037 1742 1119 1829 Ίιὺβ,
1143 1752 1232 1810 A*
1280 1787 1286 1805 .

163 1843 280 1931 ιονιηλ.
318 1859 407 1929 τρεῖς
430 1844 608 1931 ἕβδομάόες
631 1838 648 1928 ἡ
672 1849 804 1927 νηστεία
826 1846 884 1906 τοῦ
900 1843 1036 1927 Δανιήλ.
1071 1854 1186 1926 τρεῖς·
1273 1871 1289 1913 ο

200 1943 319 2020 παῖδες
333 1946 364 2009 οἱ
380 1948 415 2031 τῇ
428 1945 526 2010 είκόνι
540 1946 576 2028 τῇ
591 1944 691 2025 χρυσῇ
704 1940 746 2027 μη
765 1939 1056 2024 προσκυνήσαντες,
1080 1942 1287 2024 Sados-m

199 2040 326 2121 Μισάχ,
349 2037 543 2127 Ἀβδεναγώ.
593 2038 649 2104 διὰ
670 2041 769 2121 τριῶν
793 2044 917 2103 σείεται
939 2033 956 2121 ἡ
979 2041 1027 2123 γη,
1059 2033 1104 2115 ῶς
1128 2039 1179 2105 ἔλε
1229 2062 1282 2120 ye

199 2138 364 2219 Σολομῶν.
419 2139 473 2204 ἐὰν
502 2140 641 2222 οἰκέτης,
666 2133 762 2221 φησὶ,
791 2135 984 2221 βασιλεόση,
1014 2139 1067 2200 καὶ
1097 2133 1273 2222 ίίφριῑιιν

199 2235 337 2320 πλησθῇ
361 2244 485 2313 σιτίων,
508 2238 560 2300 καὶ
584 2233 703 2320 μισητη
720 2232 807 2320 γυνη,
833 2233 887 2298 ἐὰν
903 2232 979 2317 τάχη
999 2230 1120 2315 άνόρός
1136 2230 1265 2317 άγιι-

162 2343 190 2394 15
199 2334 274 2396 θοῠ.
308 2339 383 2415 τριά
399 2334 486 2399 ἐστὶν
509 2327 603 2399 άοόκ
618 2331 835 2413 ἐμπίπλαται,
852 2327 979 2415 (Ἁιόης,
1003 2332 1085 2414 έρως
1103 2352 1260 2416 γονοει-

198 2427 262 2507 κὸς,
286 2454 324 2517 γη
351 2432 501 2518 φαφαρά.
545 2438 622 2512 τρία
644 2428 732 2494 ἐστὶν
761 2424 984 2511 ἀκατάληπτα,
1015 2431 1086 2514 ἰ’χνη
1118 2425 1257 2496 άετοῦ

199 2534 391 2609 πετομένου,
423 2525 499 2606 ὁδός
522 2524 631 2614 ὄφεως
659 2527 715 2592 ἐπὶ
738 2532 870 2609 πέτρας,
901 2534 1013 2609 τρίβος
1041 2545 1252 2594 ποντοπο-

198 2625 318 2709 ρούσης
353 2626 436 2712 νηός.
498 2632 571 2709 τρία
605 2624 693 2689 ἐστὶν
727 2619 812 2705 άπερ
847 2619 969 2701 εόόόως
1002 2622 1237 2709 πορεύονται,

198 2720 337 2803 σκόμνος
360 2724 489 2802 λέοντος
518 2719 724 2806 ἰσχυρότερος
745 2725 878 2806 κτηνῶν,
909 2717 1051 2806 άλέκτωρ
1076 2722 1225 2806 ἐμπερι-

157 2823 313 2890 εοπατῶν
336 2820 368 2886 ἐν
392 2824 544 2908 θηλείαις
567 2823 727 2902 ἔμψυχος,
761 2819 878 2903 τράγος
905 2814 1083 2906 ἡγούμενος
1113 2821 1209 2886 αι’πυ-
1227 2812 1280 2881 l]

197 2914 278 2981 λίου.
317 2928 404 3000 τρεῖς
427 2922 529 3005 σοφαὶ
546 2928 701 3002 γυναῖκες,
727 2912 743 3003 η
758 2920 944 3001 Θεκουίγτις,
968 2912 1203 3003 ηΣουναμῖτις,

197 3008 398 3099 ηἈβιγαία.
445 3013 461 3103 η
491 3018 549 3099 μὲν
579 3017 639 3099 γὰρ
668 3014 724 3078 τόν
753 3012 855 3097 άνόρα
883 3014 940 3078 τὸν
963 3014 1097 3096 Α’άβαλ,
1131 3012 1148 3101 ἡ
1176 3018 1199 3081 δ’

194 3103 382 3193 Ἀβεσαλιόν
416 3114 472 3179 διὰ
506 3119 631 3199 τέχνης,
668 3109 684 3201 ίη
716 3114 751 3177 δὲ
783 3112 840 3176 τὸν
869 3112 939 3175 υἱὸν
976 3115 1023 3195 τῷ
1054 3115 1201 3202 προφητη

197 3210 459 3293 προσδραμοῦσα
480 3214 533 3276 καὶ
555 3211 598 3299 μη
623 3206 814 3293 ἀπογνοῦσα
836 3212 1001 3275 διέσωσεν.
1044 3222 1135 3293 τρεῖς
1156 3239 1203 3295 γι·-

157 3318 305 3384 ῖῖναῖκες
327 3309 530 3394 προφητιόες
558 3314 826 3392 τυμπανίστριαι,
859 3307 1010 3389 Μαριάμ,
1044 3311 1205 3393 Δεββόρα,

194 3397 324 3470 Ἰουόίθ.
368 3416 456 3489 τρεῖς
479 3404 570 3490 άγιαι
591 3416 748 3490 γυναῖκες,
778 3406 898 3488 Σάρρα,
926 3399 1077 3486 Ῥεβέκκα,
1109 3415 1206 3475 Λεία.

195 3512 283 3585 τρεῖς
306 3502 337 3567 οἱ
359 3503 635 3585 μνημονευόμενοι
656 3504 813 3585 βασιλεῖς,
837 3503 954 3579 Δαυὶό,
975 3496 1125 3581 Ἐζεκίας,
1146 3501 1208 3571 ’ίω-

127 3642 134 3657 2
196 3605 278 3677 σίας.
323 3612 411 3683 τρεῖς
434 3601 540 3678 τάξεις
561 3604 626 3666 τῶν
650 3597 762 3678 όντων,
794 3600 1008 3682 ἐπουρανίων,
1043 3600 1208 3685 ἐπιγείων,

138 3752 143 3761 .
195 3703 432 3779 καταχθονίων.
469 3708 558 3782 τρεῖς
573 3692 696 3781 άρεταὶ,
713 3704 835 3775 πίστις,
861 3698 964 3775 ἐλπίς,
982 3691 1104 3784 άγάπη.
1136 3709 1210 3782 τρία

155 3795 287 3877 εσόῶρα
302 3795 394 3876 παρὰ
409 3799 501 3873 θεοῦ,
525 3797 686 3878 βασιλεία,
705 3795 871 3880 ἱερωσύνη,
888 3801 1085 3882 προφητεία.
1122 3809 1212 3881 τρεῖς

192 3892 315 3977 χρόνοι,
346 3891 540 3970 ἐνεστώτων,
570 3893 859 3978 παρεληλυθότων,
887 3892 1082 3976 μελλόντων.
1135 3904 1262 3980 τρίαςης

195 3993 261 4055 τῶν
284 3990 418 4053 δικαίων
434 3990 475 4056 τά
489 3990 644 4076 κτήματα,
669 3991 880 4075 παράδεισος,
902 3986 1051 4074 Ἀβραὰμ
1072 3990 1212 4074 κόλπος,

195 4081 343 4170 οὐρανῶν
364 4089 524 4170 βασιλεία.
562 4100 650 4173 τρεῖς
672 4090 738 4154 τῶν
760 4083 963 4172 ἁμαρτωλῶν
985 4088 1019 4156 αἱ
1038 4097 1213 4175 τιμωρίαι,
