2586 4822
477 118 534 167 ιιι.
571 121 654 167 σενι
673 119 844 167 Aru-mum:
1129 109 1168 169 δι’)

141 271 271 349 σκότος,
296 272 432 357 σκώληξ,
456 278 577 356 γίεννα.
620 280 709 353 τρεῖς
731 265 928 349 όνανειόσεις
949 273 1007 336 τοῦ
1031 272 1164 354 κόσμου,

137 366 159 459 -ή
184 369 244 437 ἐπί
268 371 326 434 τοῦ
349 372 444 446 Νῶε,
473 364 491 457 ἡ
522 368 578 435 ἐπί
607 370 666 433 τοῦ
695 374 822 450 κυρίου,
851 363 951 454 ήέπί
973 371 1031 455 τής
1053 391 1166 437 συνιε-

131 468 245 547 λείας.
291 472 404 553 τρίτον
421 460 536 545 Ἠλίας
562 464 606 533 τὰ
631 464 713 551 μέλη
740 467 800 531 τοῦ
827 464 908 551 βοὸς
933 467 987 533 καί
1015 464 1059 533 τὰ
1086 466 1167 546 ξύλα

126 562 351 649 τιαταρρδνας
376 561 417 631 τὸ
445 561 482 643 έξ
508 556 657 648 οὐρανῶν
683 560 768 629 κατὰ
789 560 909 649 στδγας
928 565 1006 649 πῦρ.
1053 568 1166 649 τρίταν

123 664 203 753 *²⁶1⁶
222 654 348 749 ἡμέρας
367 657 484 749 ηὔχετο
505 657 644 749 Δανιήλ
692 668 782 744 τρεῖς
800 660 907 745 μῆνας
928 660 975 740 είς
994 659 1053 729 τὸν
1074 654 1191 733 olm}

125 764 313 843 Ζαχαρίου
339 762 523 843 πεποίηκεν
555 750 575 843 ή
603 760 784 841 παρθένος.
833 760 911 842 τρία
936 754 980 823 τὰ
1005 781 1168 844 προσενε-

81 878 111 933 Β
126 860 273 943 stim
294 856 385 941 δῶρα
405 857 453 941 τῶ
468 859 569 940 κυρίην
583 852 677 941 παρὰ
694 856 761 920 τῶν
775 852 898 941 μάγων,
918 854 1047 939 χρυσὸς,
1070 857 1167 944 λίβα-

126 976 212 1033 νος,
235 950 372 1039 σμδρυα.
418 956 495 1036 τρία
516 956 742 1036 βαπτίσματα,
772 950 812 1017 τὸ
834 950 977 1037 νομικὸν,
999 952 1039 1019 τὸ
1057 946 1167 1022 Ἰωάν-

124 1049 277 1131 ναα,·τδ
296 1054 356 1117 τοῦ
378 1054 501 1134 κυρίου.
539 1056 628 1133 τρεῖς
650 1048 685 1115 αί
705 1050 766 1115 τοῦ
780 1054 1011 1132 βαπτίσματος
1031 1050 1167 1141 ἐπικλή-

123 1171 225 1228 σεις,
249 1146 297 1227 είς
318 1152 448 1233 πατέρα
469 1147 523 1212 καί
547 1145 619 1212 υίὸν
640 1147 693 1212 καί
717 1142 811 1230 ἅγιον
833 1149 972 1231 πνεῦμα.
1019 1160 1109 1234 τρεῖς
1130 1150 1207 1221 allo

122 1244 340 1324 καταδύσεις
370 1247 425 1312 καὶ
454 1254 543 1329 τρεῖς
571 1243 606 1309 αἱ
634 1237 808 1323 ἀναδόσεις
838 1247 897 1309 τοῦ
924 1250 1164 1330 βαπτίσματος.

122 1352 235 1426 τρεῖς
255 1342 291 1410 αἱ
312 1343 396 1409 κατὰ
417 1346 476 1409 τοῦ
506 1340 665 1425 διαβόλου
692 1351 782 1408 νῖκαι
812 1344 871 1407 τοῦ
893 1349 1020 1425 κυρίου,
1053 1343 1093 1410 τὸ
1120 1344 1188 1435 μήΙ

130 1450 265 1533 φαγεῖν
286 1440 370 1523 μετὰ
391 1439 431 1506 τὸ
453 1442 623 1516 πεινῶσαν,
645 1438 685 1504 τὸ
706 1438 750 1526 μή
766 1442 995 1525 προσκυνῆσαι
1014 1440 1072 1508 τὸν
1086 1467 1167 1525 μια-

132 1536 216 1625 ρὸν,
236 1537 275 1603 τό
296 1536 341 1623 μή
363 1535 581 1621 καταβάλλειν
602 1534 729 1603 ἑαυτόν.
772 1545 862 1623 τρεῖς
881 1532 1001 1624 ἡμέραι
1021 1540 1106 1622 μετὰ
1125 1538 1165 1607 τό

134 1634 330 1725 βάπτισμα,
353 1633 410 1702 καὶ
430 1632 506 1701 τότε
526 1633 566 1698 τὸ
588 1629 677 1718 ὕδωρ
700 1628 790 1713 οἶνος
811 1634 984 1717 ἐξαίρετος.
1018 1648 1107 1722 τρεῖς
1130 1638 1205 1707 alls

108 1732 231 1811 ςκατὰ
249 1736 308 1819 τῆς
328 1736 503 1817 παρθένου
525 1733 584 1797 τοῦ
606 1734 803 1817 μονογενοῦς
823 1732 1040 1819 ἐπιτιμήσεις,
1063 1743 1097 1801 τί
1114 1731 1167 1802 ὅτι

148 1828 288 1916 ἐζητεῖτέ
307 1855 368 1913 μες
404 1822 463 1895 οὐκ
483 1824 574 1915 ᾕδεις
598 1824 651 1894 ὅτι
673 1828 707 1895 ἐν
727 1838 800 1908 τοῖς
813 1832 873 1895 τοῦ
888 1830 1016 1914 πατρός
1030 1855 1093 1914 μου
1115 1832 1168 1899 δεῖ

154 1950 198 2007 με
215 1923 312 2009 ελναις
348 1933 383 1994 τί
410 1924 486 2010 ἐμοὶ
505 1928 559 1991 καὶ
583 1928 647 2006 σοί,
676 1923 788 2011 γύναι,·
825 1924 922 1993 οὕπιυ
949 1924 1020 2013 ἥκει
1046 1925 1066 2015 ή
1096 1925 1167 2014 ὥρα

160 2045 225 2101 μου.
259 2032 310 2105 τίς
332 2023 421 2091 ἐστὶν
443 2019 463 2111 ή
485 2021 590 2108 μήτηρ
611 2046 676 2105 μου
698 2025 753 2090 καὶ
775 2031 861 2103 τίνες
879 2025 911 2091 οἱ
926 2019 1068 2113 ἀδελφοί
1081 2050 1166 2110 μους

163 2130 238 2202 τρεῖς
259 2123 290 2189 ολ
312 2122 415 2189 πλέον
436 2123 503 2187 τῶν
526 2116 635 2187 ἄλλων
657 2120 882 2206 θαρροόμενοι
906 2122 1068 2210 μαθηταὶ,
1097 2127 1206 2199 Πέντε

169 2236 237 2297 τρες,
255 2214 413 2305 Ἰάκωβος,
434 2212 591 2303 Ἰωάννης,
616 2225 692 2303 τρία
714 2217 769 2306 ἔτη
790 2222 857 2285 τῶν
879 2219 1085 2288 δισποτικῶν
1108 2244 1167 2307 ση·

170 2320 252 2389 μείων
272 2312 291 2389 ὃ,
312 2316 438 2401 χρόνος.
475 2321 552 2399 τρία
574 2316 628 2401 ἔτη
652 2316 755 2402 ζητῶν
777 2316 904 2402 καρπὸν
927 2317 975 2397 είς
994 2316 1053 2405 τήν
1068 2322 1167 2404 συκῆν

172 2402 302 2501 διδριας
322 2404 418 2501 ἦλθε,
441 2415 495 2480 καὶ
519 2407 577 2496 οὐχ
598 2402 703 2500 ηὗρεν.
739 2417 848 2498 τρισίν
863 2410 882 2480 ὁ
896 2414 1007 2500 κύριος
1027 2416 1168 2503 κατηρά-

172 2515 293 2600 οαιοτῇ
317 2515 408 2599 συκῇ,
442 2516 557 2596 μηκέτι
584 2510 618 2577 ἐκ
641 2514 701 2577 σοῦ
723 2511 851 2596 καρπὸς
877 2518 1009 2597 γένηται
1036 2512 1083 2592 είς
1109 2512 1168 2581 τὸν

171 2602 272 2675 αἰῶνα·
306 2612 346 2696 τῇ
369 2611 548 2694 συναγωγῇ,
582 2607 681 2687 λίθος
709 2608 765 2675 ίπί
795 2612 893 2676 λίθον
922 2608 959 2677 οὗ
988 2610 1032 2699 μή
1060 2616 1206 2695 μένειῚέ

170 2702 209 2787 τῷ
224 2698 331 2795 Ἰούδᾳ,
355 2700 429 2773 οόαί
452 2708 500 2791 τῷ
522 2702 695 2792 ἇνδριόιτῳ
718 2706 829 2794 ἐκείνην
853 2703 893 2774 δι’
914 2697 953 2774 οὗ
975 2704 993 2774 δ
1016 2709 1087 2787 υίὸς
1107 2710 1167 2775 τοῦ

144 2794 337 2889 Ιίδνδρῶπου
358 2803 584 2887 παραδίδοται
597 2802 646 2882 είς
658 2802 698 2869 τὸ
713 2810 957 2893 σταυρωθῆναι.
986 2815 1076 2890 τρεῖς
1088 2801 1169 2895 ήμέ-

167 2924 221 2986 ρας
235 2906 286 2971 καί
307 2912 398 2988 τρεῖς
418 2900 535 2980 νύκτας
553 2894 663 2979 Ἰωνᾶς
684 2900 732 2980 είς
753 2901 811 2989 τὴν
833 2903 960 2969 κοιλίαν
978 2906 1037 2969 τοῦ
1052 2902 1168 2990 κτήνους
1205 2952 1222 2973 .-

166 3008 323 3088 πεποίηκε.
351 2999 527 3087 τριήμερόν
541 2996 561 3085 ἡ
576 2996 659 3065 κατὰ
670 3003 853 3067 Νινευιτῶν
875 2997 1043 3089 ἀποφορὰ.
1077 2999 1170 3090 τριή·
1209 2992 1213 2999 ’

161 3122 253 3187 μερυς
271 3100 331 3166 τοῦ
354 3100 503 3183 σαπήρος
531 3091 734 3177 δδόνατος,
769 3098 943 3188 τριήμερος
969 3102 1022 3166 καί
1049 3094 1069 3185 ή
1098 3094 1210 3177 ἂπδω

158 3198 222 3267 τῶν
241 3198 360 3282 νεκρῶν
382 3189 449 3263 κατ’
475 3195 626 3275 ἐξουσίαν
655 3189 835 3274 ἀνάστασις
865 3199 924 3261 τοῦ
945 3203 1067 3282 κυρίου.
1113 3194 1170 3263 διὰ

155 3298 252 3383 τριῶν
275 3288 294 3360 δ
315 3295 452 3370 Παῦλος
473 3288 603 3381 ἡμερῶν
625 3285 787 3377 ἀνέβλεψε
809 3296 990 3380 πηρωθεὶς,
1019 3297 1090 3377 τρίς
1110 3293 1169 3361 τὸν

154 3394 265 3477 κόριον
286 3394 363 3475 περὶ
386 3394 446 3459 τοῦ
475 3389 641 3469 σκόλοπος
668 3392 918 3474 παρεκίλευσεν,
953 3391 1008 3457 ἵνα
1035 3387 1168 3480 ἀποστῇ

204 3493 349 3548 Ερῑρῖιευίιεε.
369 3493 402 3543 lv,
417 3494 437 3535 2.
1000 3496 1015 3545 5
