2586 4822
480 834 772 887 inruanuensmuas.
1100 823 1138 887 ta

113 999 228 1056 essent,
259 999 287 1048 et
315 989 482 1046 haberentur
510 991 686 1055 sanctissimi;
717 1001 892 1065 posteaquam
915 1001 1026 1051 auctore
1049 991 1137 1050 Marco

114 1076 333 1135 Christianorum
368 1092 456 1148 genus
490 1076 591 1141 extitit,
626 1093 742 1150 quorum
771 1077 839 1133 vitae
868 1076 936 1134 ratio
964 1077 1057 1151 pmmis
1086 1078 1137 1135 illis

114 1160 288 1236 temporibus
319 1178 379 1216 cum
403 1161 567 1216 Essenorum
597 1161 736 1235 disciplina
765 1178 930 1235 magnopere
960 1162 1135 1236 congruebat,

113 1248 151 1305 ab
174 1245 358 1303 Alexandrinis
387 1245 538 1301 Gentilibus
560 1246 654 1303 Esseni
685 1247 739 1302 sint
766 1247 862 1303 vocati.
908 1249 982 1316 Quos
1012 1248 1082 1305 enim
1111 1258 1138 1305 et

112 1335 247 1395 ludaeos,
278 1340 342 1387 tunc
365 1331 489 1402 quidem,
517 1348 615 1387 omnes
634 1329 755 1388 viderent
778 1341 805 1388 et
826 1332 991 1389 Essenorum
1014 1350 1138 1389 commu·

113 1436 179 1475 nem
209 1416 279 1472 illam
309 1416 377 1471 vitae
405 1416 552 1481 rationem,
582 1425 662 1490 atque
690 1415 724 1471 ab
755 1418 828 1472 omni
855 1418 918 1473 lunu
942 1427 969 1474 et
991 1418 1137 1474 ambitione

113 1511 250 1560 remotam
274 1501 486 1574 complectentes
509 1511 654 1558 cernerent
676 1518 737 1557 cum
760 1511 787 1558 et
810 1502 910 1576 alioqui
925 1521 957 1559 ex
971 1502 1135 1560 limenorum

114 1589 223 1645 ludaico
246 1586 363 1642 factione
386 1587 508 1659 plerique
530 1604 559 1641 se
582 1587 616 1642 ad
632 1586 799 1643 Christianos
814 1598 1023 1661 aggregassent,
1047 1589 1137 1662 quod·

113 1691 179 1730 uam
201 1673 232 1728 iis
255 1671 327 1728 alind
349 1689 448 1727 nomen
471 1689 550 1744 quam
566 1672 729 1728 Essaeorum
752 1671 932 1745 allingerentl
960 1672 1025 1730 Nam
1048 1683 1076 1729 et
1092 1674 1137 1728 diu

112 1769 212 1833 postea
236 1757 378 1812 Christiani
408 1774 502 1812 omues
525 1774 539 1812 a
563 1757 670 1813 Graecis
694 1775 724 1812 ac
745 1757 872 1813 Romanis
895 1759 985 1813 ludaei
1007 1758 1136 1815 nominati

113 1853 142 1900 et
173 1860 222 1916 pro
245 1842 349 1897 ludaeis
378 1841 462 1897 habiti
491 1850 569 1897 sunt:
600 1851 630 1898 ut
658 1859 712 1897 non
735 1841 882 1898 absurdunt
907 1844 942 1898 sit
963 1842 1136 1900 Philonianos

111 1929 178 1987 illos
193 1928 308 1983 Essaeos
328 1918 540 2001 Θεωρητικούς
563 1926 730 1983 Christianos
754 1928 845 1983 luisse.
887 1928 959 1996 Quae
983 1929 1137 1984 11111111-

112 2031 211 2070 uersus
239 2029 269 2067 ea
299 2029 396 2084 magno
420 2030 481 2067 cum
505 2013 621 2085 strepitu
644 2029 674 2067 ac
697 2013 836 2068 stomacho
860 2013 1046 2085 disputantur,
1076 2031 1137 2068 cum

111 2110 161 2154 aut
185 2097 251 2154 leuia
274 2097 344 2161 sint,
368 2106 414 2153 aut
437 2097 512 2152 lacile
536 2097 643 2153 dissolvi
667 2099 787 2171 possint,
811 2097 877 2152 nibil
901 2098 966 2163 erit,
992 2099 1065 2172 quod
1087 2116 1136 2155 nos

110 2182 314 2240 vetustissimae
343 2182 414 2237 illius
444 2181 579 2255 opinionis
609 2200 639 2238 ac
668 2191 804 2237 tantorum
827 2183 936 2238 Patrum
966 2184 1136 2239 authoritatis

112 2279 141 2325 ct
166 2267 354 2324 consensionis
377 2269 523 2341 poeniteat.
570 2268 633 2323 Vide
656 2284 724 2341 quae
748 2268 780 2323 de
803 2268 845 2323 his
869 2268 1049 2324 eruditissime
1072 2269 1138 2324 Ser-

111 2355 203 2410 rarius
231 2362 325 2408 noster
354 2353 407 2410 13
437 2352 598 2408 'lrihaeresii
627 2353 754 2408 adversus
777 2352 943 2426 Scaligerum
973 2371 1002 2409 ae
1031 2355 1136 2409 lunium

112 2439 234 2494 disserit.

205 2524 259 2580 121
279 2521 306 2576 b.
338 2522 428 2577 τοῦτο
450 2512 509 2595 γὰρ
532 2524 595 2586 τοῖς
617 2514 651 2577 τὸ
674 2512 817 2593 παλαιόν]
843 2521 871 2576 Si
894 2523 927 2577 de
949 2525 1135 2596 primogenitis

113 2607 241 2665 omnibus
265 2606 405 2679 intelligat,
430 2605 524 2660 lalsum
551 2606 610 2661 crit.
641 2605 734 2677 Neque
757 2606 827 2661 euim
844 2606 1019 2680 primogeniti
1042 2626 1136 2664 omnes

111 2693 241 2749 Nazaraei
264 2693 389 2754 luerunt,
420 2691 467 2745 sed
490 2683 657 2765 ἀορίστως,
682 2700 708 2746 11
731 2691 763 2746 11
787 2690 947 2763 quibusdam
970 2692 1076 2766 accipe,
1106 2701 1137 2748 ut
1231 2756 1235 2765 ‚

112 2779 147 2835 tle
172 2777 322 2849 Sampsone
346 2784 373 2831 et
396 2776 417 2830 si
441 2776 486 2847 (qui
510 2775 553 2831 alii
576 2775 769 2831 eiusdemmodi
793 2776 901 2831 luerint.

203 2864 259 2919 121
279 2880 302 2917 c.
336 2852 420 2915 ἄλλοι
446 2854 478 2914 da*
501 2856 716 2934 Nooopoi'ovg]
752 2860 789 2916 lle
819 2861 860 2916 his
884 2861 988 2934 egimus
1011 2862 1043 2916 ad
1066 2862 1137 2918 llae-

111 2948 188 3004 resin
217 2949 252 3004 19
276 2946 481 3002 Nazaraeorum.

205 3033 262 3089 122
279 3032 305 3085 d.
336 3026 386 3086 καὶ
408 3031 541 3106 γραφεῖα
570 3021 609 3085 τὰ
631 3023 716 3104 παρὰ
736 3020 909 3102 Ἰουδαίοις]
947 3031 1020 3098 Quae
1039 3022 1137 3106 Ἀγιά-

111 3133 221 3193 ypoqo
244 3117 380 3172 dicuntur.
423 3117 510 3190 htque
534 3115 578 3171 hie
602 3114 733 3188 triplicem
757 3132 895 3171 sacrorum
919 3114 1050 3170 librorum
1073 3133 1138 3188 par-

113 3203 240 3259 titionem
263 3201 468 3274 coruplectitur,
499 3216 567 3272 quae
591 3209 632 3255 est
656 3212 755 3262 tanin,
787 3201 838 3255 hoe
861 3208 903 3255 est
926 3200 999 3266 Lcm-
1029 3213 1136 3262 martra:

112 3287 284 3360 Prophetae,
310 3295 335 3341 et
359 3298 474 3345 atnam
499 3276 684 3361 ἁγιόγραφα,
707 3286 761 3340 sive
784 3288 925 3361 γραφεῖα.
956 3285 993 3341 lle
1010 3302 1064 3359 quo
1079 3286 1137 3343 vide

112 3371 226 3428 llieron.
250 3371 368 3442 Prologo
392 3369 512 3425 Galeato.
543 3370 627 3425 Eliam
650 3370 676 3425 in
700 3369 801 3434 Thisbi,
831 3369 911 3425 verbo
935 3385 1011 3430 nnn.

205 3459 263 3514 124
281 3475 304 3513 1.
336 3446 415 3510 ἀλλὰ
436 3446 629 3527 ἀνιστάμενοι
646 3447 777 3527 ἔσωθεν]
801 3455 860 3510 Non
877 3455 972 3512 dubito
988 3457 1052 3528 quin
1069 3457 1138 3512 scri-

112 3540 235 3598 bendum
258 3542 292 3597 sit
317 3535 423 3596 ἕωθεν,
454 3539 531 3608 Quod
555 3549 644 3595 autem
667 3539 787 3595 ludaicas
810 3540 868 3596 illas
887 3541 1094 3614 imprecationes
1111 3545 1137 3595 in

110 3626 266 3683 Nazaraeos
295 3625 452 3681 llaeretieos
483 3625 600 3680 conlerri
630 3625 723 3680 scribit
745 3624 927 3698 Epiphanius,
958 3624 1137 3699 Hieronymus

112 3712 147 3768 ad
165 3711 333 3768 Christianos
358 3711 494 3766 transfert.
526 3711 563 3765 lta
588 3710 659 3765 enim
682 3709 726 3765 ille
750 3710 781 3765 ad
797 3710 857 3766 Esa.
877 3712 925 3767 52.
955 3709 993 3764 Et
1013 3712 1064 3766 aab
1087 3728 1137 3767 oo·

111 3798 205 3861 mine,
228 3805 258 3851 ot
279 3812 364 3868 saepe
387 3797 464 3861 aiat,
486 3794 703 3851 Notareoorem
726 3804 768 3850 ter
790 3796 819 3850 io
841 3796 938 3850 11111
963 3794 1137 3852 Christianos

111 3890 270 3953 congerunt
291 3882 450 3936 maledicto.

201 3959 302 4040 ἔχουσι
337 3959 369 4020 de*
402 3957 436 4022 τὸ
464 3956 542 4021 κατὰ
565 3961 753 4038 Mardocha]
793 3965 869 4034 0111
903 3973 930 4020 11
959 3964 1139 4038 Hieronymus

110 4051 218 4109 Graece
240 4050 357 4107 reddidit
381 4060 407 4106 et
430 4051 494 4106 citat
516 4050 574 4123 ipse
598 4052 714 4123 saepius.
760 4049 854 4125 Neque
879 4067 942 4106 vero
966 4066 1063 4123 purum
1085 4065 1138 4121 pu-

109 4147 170 4193 tum
194 4135 323 4193 Matthaei
346 4135 519 4209 Evangelium
547 4136 612 4203 luit,
644 4146 674 4193 ut
705 4135 871 4193 existimasse
893 4135 999 4192 ridetur
1020 4133 1138 4207 llpipha-
