2586 4822
165 749 227 813 252
619 757 733 808 ceretu

162 917 259 982 diatur,
283 915 456 973 embolimum
478 929 600 970 mensem
622 929 677 969 nnn
695 911 825 974 continet,
848 909 898 968 sed
913 910 1034 967 eundem
1050 911 1182 987 sequitur.

162 1002 300 1075 Siquidem
327 1002 362 1059 le
385 1017 484 1055 aureus
507 1015 645 1062 numerus,
669 1013 750 1070 quem
769 995 840 1069 Cycli
862 996 1121 1054 decemnovennalis
1135 999 1183 1054 de·

162 1087 260 1144 simum
283 1103 385 1143 nonum
407 1083 560 1150 statuimus,
584 1081 669 1139 llartii
690 1083 726 1139 to
749 1081 888 1155 competit,
911 1099 926 1137 a
949 1099 1005 1157 quo
1031 1100 1120 1138 annus
1144 1083 1184 1138 in-

161 1171 265 1244 cipiens
288 1170 440 1227 necessario
464 1168 708 1225 tertiumdecimum
730 1182 852 1222 mensem
873 1165 924 1222 sibi
948 1167 1087 1232 vendicat,
1110 1168 1185 1224 cuius

162 1255 306 1312 Neomcuia
322 1255 408 1311 llartii
427 1257 443 1311 5
467 1253 575 1310 minime
590 1252 726 1308 Pascbalis
750 1260 800 1314 est,
825 1268 857 1308 ac
878 1252 994 1325 proinde
1011 1253 1095 1326 primi
1110 1270 1186 1309 men·

162 1342 199 1397 sis
222 1350 250 1397 ct
271 1339 333 1395 anui
355 1338 500 1395 Neomenia
522 1338 549 1393 iu
572 1337 703 1411 Aprilisl
726 1335 900 1392 dilluudetur.
931 1336 972 1392 lta
996 1338 1072 1394 enim
1095 1337 1184 1394 existi-
1208 1374 1211 1379 ,

162 1425 288 1481 mnndum
312 1431 367 1480 est:
391 1421 588 1479 Embolimaeos
611 1439 718 1478 menses
740 1423 767 1477 in
790 1420 912 1477 Pascbali
935 1421 1020 1495 Cyclo
1046 1439 1095 1478 eos
1117 1438 1181 1486 esse,

162 1510 208 1586 qui
236 1510 262 1564 in
292 1508 373 1564 linem
396 1508 458 1564 anui
480 1507 595 1563 coniecti
617 1507 790 1563 Neomeniam
812 1507 954 1580 sequentis
977 1508 1047 1562 anni
1070 1507 1182 1582 proxime

162 1594 344 1668 praecedunt,
375 1602 406 1649 ut
435 1600 462 1648 et
484 1593 588 1650 Pitatus
617 1593 649 1648 ad
672 1591 742 1647 idem
765 1591 904 1664 negotium
926 1590 1064 1648 observat
1084 1610 1137 1665 cap.
1153 1594 1179 1647 6.

163 1680 320 1751 Quanquam
349 1678 426 1734 aliter
451 1677 522 1751 apud
546 1678 741 1750 Computorum
764 1675 880 1732 artifices
902 1674 1062 1748 dispensari
1081 1693 1177 1732 menses

161 1762 359 1821 liiubolimaeos
389 1762 529 1818 didicimus
559 1778 591 1817 ex
620 1761 690 1816 beda
717 1778 776 1845 cap.
804 1760 850 1816 illo
874 1763 913 1818 43
944 1759 993 1817 lib.
1020 1762 1057 1817 de
1083 1761 1175 1817 radone

162 1851 331 1920 temporum,
355 1865 386 1903 ac
408 1865 457 1920 per
478 1847 566 1903 varios
588 1846 652 1901 anni
673 1845 767 1902 luliani
789 1862 896 1901 menses
919 1845 1067 1920 dissipari:
1094 1862 1177 1902 rerum

161 1932 189 1989 iu
211 1932 333 1989 Pasebali
363 1932 415 1988 boc
445 1932 570 1988 instituto
601 1928 761 1988 embolimus
790 1930 834 1986 ille
856 1930 959 1986 mensis
983 1932 1085 2004 procul
1105 1929 1177 1986 dubio

162 2017 314 2074 censendus
344 2025 401 2080 est,
431 2016 477 2088 qui
504 2016 621 2089 primum
649 2031 771 2072 mensem
794 2014 866 2089 Cycli
893 2008 1021 2087 ἀμέσως
1043 2015 1177 2072 antecedit

162 2103 222 2170 Quo
244 2101 352 2174 quidem
376 2109 487 2164 statuto,
511 2101 615 2156 nullum
637 2101 689 2157 iam
705 2100 814 2157 dubium
831 2108 882 2165 est,
905 2099 973 2172 quin
990 2101 1178 2159 embolimaeu-

162 2203 221 2242 rum
244 2186 328 2241 series
352 2185 482 2240 eiusmodi
503 2185 554 2249 sit,
578 2184 685 2260 qualern
707 2203 722 2241 a
743 2183 880 2242 veteribus
903 2185 1089 2259 Computistis
1110 2202 1177 2242 acee-

161 2269 267 2343 pimus,
296 2271 323 2325 iu
351 2286 403 2342 qua
435 2280 544 2326 octavus
572 2287 679 2342 annus,
704 2288 759 2326 non
782 2286 870 2326 nonus
892 2270 1067 2327 intercalaris
1090 2270 1177 2327 mensis

162 2353 337 2428 appendicem
361 2354 484 2427 excipiat.
529 2354 594 2410 Nam
618 2365 645 2411 et
667 2365 812 2428 propterea
837 2354 1131 2412 llnneadecaeteridem
1154 2355 1174 2408 is

163 2438 317 2513 Ogdoadem
342 2448 369 2495 et
390 2438 578 2496 llendecadem
600 2440 694 2514 partiri
717 2441 816 2504 solent,
839 2440 878 2495 uti
900 2439 971 2497 Beda
995 2440 1064 2498 lacit
1086 2441 1130 2497 lib.
1149 2439 1175 2495 de

162 2524 268 2582 radone
292 2532 375 2598 temp.
399 2541 457 2598 cap.
474 2529 513 2582 ll
537 2535 565 2581 et
580 2525 701 2598 ogdoadi
723 2534 779 2581 tres
795 2524 953 2580 embolimus
972 2542 1096 2590 menses,
1118 2526 1177 2580 bee-

111 2609 256 2668 ffltdecadi
285 2618 432 2683 quaternos
461 2609 621 2666 atuibuunt.
667 2609 734 2666 llinc
758 2610 898 2666 Africanus
926 2610 999 2682 apud
1023 2609 1176 2667 Hieronis

162 2697 256 2768 capll
280 2694 345 2750 lien.
376 2692 496 2760 Graeci,
525 2695 628 2770 iuquit,
657 2704 682 2749 et
703 2695 805 2750 ludaei
823 2712 878 2767 per
898 2703 960 2749 octo
985 2712 1083 2751 curios
1105 2694 1177 2751 trien

160 2781 295 2835 mensium
318 2772 524 2852 ἕμβολισμούς
543 2780 662 2852 socient.
692 2782 730 2836 Ac
753 2774 859 2836 tametsi
881 2780 983 2835 mensis
1007 2780 1119 2855 integer
1130 2795 1175 2834 non

161 2874 255 2921 octavo
278 2882 358 2927 aurio,
383 2864 430 2919 scd
453 2881 526 2920 nono
549 2882 580 2920 ex
604 2864 698 2920 diebus
721 2865 836 2920 residuis
859 2873 1018 2937 consurgat,
1049 2862 1175 2922 nibilomi-

161 2965 212 3005 nus
235 2951 309 3023 quod
331 2958 358 3006 et
381 2949 501 3022 proxime
523 2949 637 3004 solidam
659 2949 691 3004 ad
708 2949 847 3024 Synginm
867 2948 1035 3022 appendices
1054 2950 1115 3006 illae
1128 2949 1176 3005 diet

160 3034 289 3090 accedant
317 3043 345 3091 et
373 3034 446 3107 quod
476 3051 509 3089 ex
537 3034 708 3107 superiorum
741 3050 873 3090 annorum
902 3034 1051 3091 ratiocinio
1082 3048 1178 3106 semper

160 3118 260 3190 aliquid
283 3119 411 3192 supersit,
435 3135 490 3192 quo
513 3119 634 3175 delectus
653 3119 698 3175 ille
714 3128 916 3192 compensetur,
939 3128 1039 3175 octavo
1057 3137 1127 3177 anno
1140 3119 1177 3172 in-

161 3202 297 3258 tercalaris
320 3204 483 3275 adiungitur.
944 3233 947 3237 <

246 3286 324 3352 Quod
346 3294 435 3342 autem
458 3287 578 3343 nondum
600 3286 673 3344 iusto
695 3288 799 3344 dierum
821 3304 935 3344 numero
951 3304 985 3343 ex
1000 3287 1114 3361 Epactis
1127 3285 1178 3343 col-

160 3368 233 3426 lecto
255 3386 449 3442 nonnunquam
472 3371 646 3427 embolismos
671 3374 801 3429 anteverti
823 3390 854 3429 ac
869 3372 1044 3446 praecipitari
1061 3375 1176 3434 diximus,

159 3454 289 3511 illustrari
317 3463 408 3529 potest
438 3473 470 3511 ex
498 3455 596 3511 ludoici
626 3458 697 3531 Cycli
726 3458 916 3531 dispositione,
947 3458 1061 3530 qualern
1091 3459 1176 3514 Glossa

157 3539 261 3612 primae
290 3540 373 3613 partis
395 3540 440 3596 lad
463 3540 493 3595 ll.
518 3539 591 3597 llose
614 3542 739 3598 Tractatu
762 3543 900 3599 llidduscli
927 3543 1107 3600 bachodescb
1134 3544 1177 3598 de·

158 3623 253 3680 scribit
275 3628 359 3698 capt
386 3627 413 3697 d.
431 3627 460 3682 2.
490 3625 620 3681 Nimirum
643 3627 756 3700 llpactas
779 3628 840 3683 anni
869 3628 962 3683 let2
986 3627 1014 3682 in
1041 3625 1175 3702 Cyelolo·

158 3707 234 3764 daico
258 3726 319 3765 cum
343 3709 483 3782 Epactisb
507 3711 640 3766 mensium
663 3712 725 3768 anui
748 3712 820 3769 tertii
843 3711 876 3767 ad
895 3713 932 3769 27
957 3710 1017 3767 dies
1042 3713 1175 3771 accedere,

156 3790 274 3864 ideoque
302 3792 335 3848 ad
368 3794 595 3868 complementum
625 3797 761 3852 eiuboliuii
783 3797 883 3852 mensis
906 3795 1028 3852 triduum
1053 3816 1085 3853 er
1107 3794 1175 3852 annis

156 3876 338 3949 sequentibus
354 3889 449 3936 mutuo
465 3880 558 3952 accipi.
589 3880 687 3937 Postea
703 3900 734 3937 cr
751 3882 861 3938 residuo
877 3880 939 3937 anni
956 3883 974 3939 3
992 3892 1022 3937 et
1037 3900 1071 3938 es
1087 3889 1174 3954 qiiuto

155 3978 187 4018 ac
209 3962 304 4036 quinto
327 3980 380 4018 uua
403 3981 464 4020 cum
487 3964 626 4020 iriensibus
647 3969 663 4022 5
687 3967 749 4022 anui
771 3967 848 4031 scuti,
873 3966 964 4038 colligi
982 3967 1042 4022 dies
1059 3969 1116 4023 lere
1130 3968 1172 4025 33.

156 4062 188 4103 ex
210 4047 310 4122 quibus
332 4058 507 4124 compensato
530 4050 620 4107 triduo
643 4051 699 4117 illo,
722 4052 795 4126 quod
817 4052 997 4126 anticipatum
1012 4052 1111 4118 luerat,
1134 4068 1173 4106 se
