2586 4822
365 266 392 303 ἧι

155 749 195 812 68
404 764 421 799 s
607 761 720 809 aarum

152 927 253 975 cratem
276 920 424 991 disputans,
468 909 532 973 Ἐπὶ
556 910 674 974 τούτων
694 905 777 989 οἶμαι
801 910 850 970 καὶ
880 934 942 971 των
969 908 1088 989 ὁμοίιον
1108 909 1175 971 At-

152 998 265 1079 ρίοειον
301 1004 496 1105 προφητικῶς
526 996 694 1058 Ἰούδαν
681 1020 713 1056 ιν
742 1002 781 1077 τῇ
812 992 973 1098 Ἐπιστολῇ
1011 996 1173 1098 εἰρηκέναι,

149 1081 281 1161 Ὁμοιιυς
301 1083 357 1161 μέν
380 1107 423 1144 ιιιι
448 1084 496 1144 καὶ
521 1071 606 1143 οὗτοι
621 1078 879 1157 ἐνυπνιαζόμενοι·
902 1104 938 1141 ου
956 1079 1015 1161 γὰρ
1031 1078 1118 1162 {nep
1133 1090 1173 1165 τῇ

152 1165 266 1247 ellade
264 1194 283 1228 ιι
307 1169 530 1246 ἐπιβάλλοιοιν.
561 1174 690 1245 <equitur
705 1173 787 1226 Isaiae
779 1171 878 1226 lorias
896 1175 943 1231 5h
963 1175 1008 1234 10,
1033 1171 1172 1247 ubiquod

151 1259 179 1314 in
204 1258 324 1314 Hebraeo
348 1269 389 1313 est
412 1274 530 1318 aalma)
552 1272 636 1317 nnn.
662 1258 720 1311 Visa
744 1266 914 1317 contuentes,
939 1258 1075 1321 iacentes,
1105 1258 1172 1313 tan

152 1353 260 1399 vertunt
278 1337 518 1415 ἐνυπνιαζόμενοι
535 1337 647 1415 κοίτην,
670 1344 840 1397 somniantes
857 1344 955 1397 cudite.
988 1343 1062 1409 dinae
1079 1351 1169 1399 tamea

151 1429 179 1484 in
194 1429 326 1483 Canouiea
349 1430 429 1484 ledae
452 1446 506 1484 non
530 1428 711 1501 reperiuntur,
736 1436 828 1482 eoaitra
852 1445 931 1501 apinam
954 1445 1079 1483 asserere
1095 1430 1170 1484 side·

151 1523 197 1569 tur
218 1513 391 1586 Epiphanius.

237 1600 274 1655 97
292 1600 319 1654 d.
348 1594 391 1672 μή
414 1615 474 1670 μιιυ
498 1587 609 1669 ἅπτου]
648 1597 786 1670 Chrysost.
817 1598 842 1652 iu
873 1599 944 1651 toan.
971 1614 1035 1652 eum
1059 1615 1167 1653 sensum

152 1682 243 1747 allert‘,
272 1684 344 1756 quod
369 1685 447 1738 llario
476 1701 537 1737 eum
561 1684 667 1737 Christo
697 1685 788 1738 eadem
812 1699 863 1754 qua
887 1691 963 1737 aritea
989 1683 1167 1739 familiaritate

150 1784 210 1823 sese
233 1779 356 1841 gereret,
385 1787 434 1824 uee
456 1769 489 1824 de
512 1786 544 1823 eo
567 1768 652 1822 inaius
675 1768 799 1839 quiddam
823 1777 850 1822 et
873 1768 1015 1838 augiastius
1040 1778 1100 1841 post
1123 1785 1168 1823 re-

150 1855 346 1910 surrectionem
369 1855 490 1917 sentiret,
514 1853 547 1908 ah
571 1853 616 1908 illo
639 1853 702 1907 iisee
727 1852 812 1907 serhis
835 1852 999 1906 aalauouitam
1023 1854 1114 1907 luisse.

235 1940 316 1997 9811.
346 1934 581 2015 nooeioqtpman
603 1931 662 2012 γὰρ
686 1931 714 1991 oi
736 1934 871 2010 ποιηταὶ]
910 1937 1101 1993 putidissimae
1128 1938 1164 1992 la·

148 2022 229 2078 hillae
257 2026 355 2079 author
385 2024 516 2078 Hesiodus
545 2024 571 2077 in
601 2023 704 2095 Theog.
735 2022 781 2077 uhi
816 2023 928 2095 primam
958 2024 1028 2076 loeis
1058 2039 1163 2078 uxorem

151 2107 230 2162 lletin
261 2109 293 2163 ah
317 2126 348 2163 eo
372 2109 524 2163 devoratam
546 2109 658 2170 cecinit,
688 2108 859 2180 indidemque
882 2119 1058 2180 piropagatam
1084 2109 1162 2163 Palla·

151 2192 220 2247 deni.
265 2194 444 2265 Apollodorus
473 2210 536 2248 vero
566 2193 611 2248 l.l
639 2192 765 2249 llihlioth.
796 2193 875 2249 lletin
906 2195 942 2246 ait
965 2194 1067 2248 tneeaui
1092 2194 1162 2248 hlian

151 2278 204 2333 lovi
233 2279 382 2334 auxiliatarn
412 2296 487 2339 esse,
524 2278 690 2352 eandemque
719 2279 835 2333 Saturno
865 2278 1004 2349 potionem
1036 2278 1162 2351 quandam

149 2363 317 2435 propinasse,
341 2375 392 2436 apua
416 2364 438 2418 is
461 2364 598 2426 exhausta,
623 2364 701 2428 hlios,
725 2381 795 2435 quos
817 2363 966 2426 devorarat,
991 2380 1090 2418 <ornares
1106 2379 1163 2417 eso·

150 2448 226 2502 muit.
263 2450 447 2520 Athenagoras
470 2450 496 2503 iu
520 2449 610 2520 Legat.
634 2466 682 2520 pro
707 2448 863 2503 Christianis
887 2448 986 2519 Orphei
1013 2466 1108 2503 sersus
1130 2448 1164 2502 ei-

150 2541 203 2594 tat,
227 2533 326 2607 quihus
349 2536 382 2590 de
398 2535 517 2589 Phanote
540 2534 641 2587 ineritio
665 2543 715 2596 est,
739 2551 819 2606 quem
843 2533 940 2587 indieat
963 2533 1063 2587 deiude
1080 2551 1094 2587 a
1111 2534 1167 2587 lore

150 2618 272 2673 similiter
294 2619 461 2692 absorptum.
492 2612 510 2691 ἢ
535 2617 750 2691 καταποθῆναι
772 2610 831 2672 ὑπὸ
855 2619 909 2672 τοῦ
931 2610 1020 2686 1ιὸς,
1044 2608 1162 2683 tinini

149 2697 228 2768 Ζεὺς
257 2696 416 2779 ἀχώριμος
442 2699 567 2779 γένοιτο,
611 2703 688 2770 Qiiod
712 2703 848 2758 Gesnerus
872 2703 1006 2774 interpres
1031 2703 1064 2756 ad
1088 2703 1171 2757 lletin

150 2789 296 2844 transtulit.
342 2790 437 2844 l'erum
467 2791 499 2845 de
523 2788 644 2842 Phanete
667 2789 740 2860 loqui
764 2789 868 2843 videtur
888 2788 1090 2858 Athenagoras,
1114 2803 1171 2842 nou

150 2872 183 2927 de
206 2872 277 2927 lleti.

237 2962 289 3014 101
310 2959 335 3012 d.
367 2949 447 3013 οὗτοι
469 2953 544 3032 γὰρ,
576 2954 668 3033 poni,
698 2952 752 3030 ιὴν
784 2947 996 3030 ἀπιιριιῖὸινον]
1038 2958 1176 3013 Faliulam

148 3051 240 3096 narrat
262 3053 289 3097 et
311 3043 378 3097 Pliu.
400 3048 444 3105 to,
464 3045 512 3099 (52.
545 3043 593 3098 dui
617 3043 694 3098 tidem
718 3044 849 3115 derogant
868 3042 1058 3106 Philostratus,
1086 3043 1177 3097 llari*

149 3141 208 3179 mus
231 3126 335 3199 Tyrius,
359 3127 456 3200 aliique
479 3129 642 3199 complures.

351 3345 393 3401 ao
418 3346 582 3404 aaanasu
604 3346 692 3402 mnu
719 3346 958 3402 eiiaeoeusus
1017 3308 1031 3324 ⁷
1102 3354 1115 3379 ·

236 3466 293 3521 103
309 3482 333 3519 a.
365 3454 413 3520 ὅτι
436 3448 473 3538 ἦρ
484 3461 516 3520 ἓν
527 3468 563 3543 τῇ
576 3465 741 3546 περιφορᾷ]
771 3465 936 3520 comitatum
946 3464 1124 3530 reddidimus,
1134 3473 1161 3520 ut

147 3565 197 3621 pru
227 3551 443 3630 συμπεριφορᾷ
471 3561 627 3623 usurpetur,
659 3568 720 3606 eum
748 3551 809 3624 quis
838 3550 942 3605 laeilem
970 3567 998 3604 se
1030 3549 1109 3605 alteri
1136 3559 1161 3604 et

148 3631 343 3704 obsequentem
370 3635 490 3708 praehet.
536 3637 606 3691 Sane
629 3635 731 3691 Theoti.
758 3632 910 3710 διαγωγῆς
937 3633 1069 3691 vocabulo
1100 3651 1161 3690 usus

148 3727 198 3772 est.
239 3718 293 3774 Nisi
315 3721 376 3793 quis
398 3720 430 3775 ad
453 3712 622 3795 περιφορὰν
644 3720 714 3776 illam
738 3720 853 3776 Deorum
877 3730 902 3775 et
926 3720 1161 3775 eireumaetionem

147 3801 311 3858 Platonicam
333 3806 483 3878 respexisse
500 3805 686 3877 Carpocratem
703 3806 844 3870 existimet,
870 3805 902 3860 de
917 3821 969 3876 qua
986 3805 1011 3858 iu
1031 3805 1160 3860 Phaedro.

107 3893 137 3943 47
236 3891 293 3946 104
310 3908 334 3946 ιι.
364 3885 544 3965 ἐπιχειροῦσι
568 3884 614 3963 δὲ]
649 3890 747 3946 Euseb.
772 3895 830 3956 4,7
855 3889 948 3946 serihit
973 3888 1160 3962 Carpocratem

147 3972 234 4044 palam
263 3991 294 4030 ae
321 3975 380 4029 sine
410 3975 630 4047 tergiversatione
659 3976 790 4030 analetieas
819 3985 891 4030 artes
913 3991 978 4047 prae
1002 3993 1032 4029 se
1056 3975 1158 4036 tulisse,

151 4051 189 4114 Oi
210 4055 261 4115 nal
283 4062 338 4118 τοῦ
360 4055 499 4134 Σίμωνος
521 4052 577 4133 οὐχ
600 4051 642 4126 ὥς
655 4055 765 4127 ἐκεῖνος
780 4052 928 4136 κρύβδην,
952 4051 1017 4113 ἀλλ’
1036 4050 1096 4134 ἤδη
1112 4056 1160 4115 καὶ
