2586 4822
333 834 372 884 ue
390 833 539 886 aausunis
557 832 595 883 m
612 832 809 885 rounuuiuus.
1041 820 1080 882 73

71 986 138 1042 uulia
167 995 278 1059 praeter
299 1004 346 1042 εει
367 987 426 1043 tuit.
470 988 497 1044 Si
520 987 677 1044 hebraicam
699 989 839 1063 inteiligit,
868 1005 923 1044 nou
945 978 1082 1063 ἑβδόμην

71 1073 161 1136 modo,
192 1072 242 1127 sed
268 1063 379 1146 ὀγδόην
401 1073 480 1128 etiam
501 1073 528 1128 in
552 1074 669 1146 Octaplis
690 1074 787 1130 adiecit
809 1073 954 1147 Origenes,
984 1091 1080 1146 nempe

70 1157 179 1213 eandem
202 1155 360 1212 Hebraicam
383 1158 490 1214 Graccis
517 1158 602 1214 literis
632 1167 774 1214 exaratam.
819 1159 848 1213 ln
871 1158 994 1231 Hexapiis
1017 1175 1080 1213 vero

68 1259 120 1297 non
142 1258 191 1297 sex
215 1241 339 1306 Graecas,
363 1243 411 1298 sed
432 1252 549 1317 quatuor
570 1242 698 1299 duntaxat
720 1243 849 1299 exhibuit.
888 1244 975 1312 Quare
997 1244 1081 1298 mirus

68 1337 108 1382 cst
129 1325 242 1382 Eusebii
262 1327 348 1390 locus,
373 1335 409 1390 et,
432 1328 482 1384 nisi
505 1327 590 1392 fallor,
614 1328 769 1384 mendosus.
800 1328 981 1401 Expungendo
1001 1327 1082 1401 igitur

67 1413 133 1467 haec
155 1410 284 1476 arbitror,
308 1407 358 1466 καὶ
381 1401 526 1486 ἑβδόμην.
567 1412 682 1468 Tametsi
705 1414 776 1485 apud
797 1413 978 1485 Nicephorum
1001 1413 1081 1468 etiam

66 1498 91 1551 io
115 1496 221 1552 Graeco
245 1496 342 1552 Codice
357 1495 411 1552 MS.
428 1496 609 1553 Bibliothecae
625 1498 782 1553 Viennensis
805 1514 837 1553 ex
851 1497 968 1553 Eusebio
991 1507 1083 1553 trans-

66 1581 116 1636 lata
139 1581 259 1654 reperio.
304 1581 455 1650 Quinetiam
477 1582 570 1638 vitiosa
593 1582 636 1637 illa
659 1599 719 1637 esse
742 1582 917 1645 crediderim,
941 1577 986 1637 ἐπὶ
1008 1582 1081 1654 μιᾶς

66 1649 168 1733 αὖθις.
199 1666 252 1721 Pro
275 1665 374 1739 quibus
398 1666 517 1722 rescribo
539 1662 586 1723 tut
606 1668 681 1740 μιᾶς
701 1661 848 1741 πέμπτης.
889 1667 986 1735 Quinta
1009 1667 1081 1721 enim

65 1750 152 1806 Editio
175 1751 329 1806 ierichunte
350 1752 378 1806 in
400 1751 471 1806 dolio
495 1761 536 1806 est
558 1753 678 1816 inventa,
702 1752 744 1807 cui
767 1752 817 1808 soli
840 1751 934 1808 titulus
958 1760 1015 1806 erat
1037 1750 1080 1806 iile

66 1835 211 1907 praefixus.
243 1835 309 1891 liiud
332 1853 415 1908 porro
437 1837 653 1893 consideratione
675 1837 784 1908 dignum
808 1845 859 1899 est,
882 1836 955 1908 quod
976 1835 1009 1890 ab
1025 1835 1083 1890 Eu-

64 1920 142 1975 sebio
163 1929 229 1992 post
251 1920 293 1975 itta
317 1920 395 1976 verba
419 1921 580 1977 subtexitur.
623 1915 739 1988 ταύτας
762 1915 796 1977 δὲ
818 1913 915 1987 αὐτὰς
937 1915 983 1976 ἐπὶ
1005 1938 1081 1976 ταα-

64 2000 117 2061 ιόν
143 1998 327 2079 συναγαγών
348 1997 484 2074 ἁπάσας,
507 1997 615 2062 διελών
641 2024 673 2061 τε
694 1999 772 2080 πρὸς
793 2002 901 2074 κῶλον,
923 2000 973 2060 καὶ
997 1995 1081 2060 ἄντι-

64 2084 222 2162 ααραθεὶς
248 2075 393 2162 ἀλλήλαις
412 2084 491 2162 μετὰ
512 2086 562 2146 καὶ
586 2083 680 2164 αὐτῆς
700 2092 755 2164 τῆς
773 2083 926 2164 Ἑβραίων
947 2082 1080 2163 σημειώ-

63 2191 149 2243 σεως,
172 2165 214 2229 τὰ
235 2174 296 2228 τῶν
317 2169 486 2249 λεγομένων
504 2168 578 2250 ἡμῖν
598 2165 737 2242 {tantos
758 2166 932 2251 ἀντίγραφα
951 2168 1080 2230 καταλέ-

66 2257 177 2314 λοιπεν.
219 2259 282 2314 Hos
304 2276 397 2314 omnes
418 2259 564 2315 Editiones
587 2265 665 2332 tquas
687 2269 791 2332 septem
815 2266 1027 2324 enumeraverat!
1050 2260 1080 2314 in

67 2361 149 2399 unone
171 2360 268 2399 omnes
291 2346 441 2400 coniicieus
463 2353 490 2400 et
508 2362 562 2417 per
583 2347 726 2400 columnas
749 2345 884 2408 dividens,
908 2362 942 2399 oc
964 2345 1080 2399 111111-

69 2431 151 2485 cicero
174 2446 334 2501 αρροαεαε,
358 2446 419 2484 oum
441 2430 585 2485 Hebraico
607 2431 671 2501 ipso
693 2430 910 2502 sipuifimtione,
934 2429 1081 2499 11000010-

70 2530 125 2568 mm
144 2516 227 2571 nohis
249 2516 424 2586 exemplaria
439 2516 561 2586 reliquit.
590 2513 694 2582 Quibus
709 2531 741 2569 ex
756 2514 844 2569 verbis
860 2514 993 2569 coniicere
1008 2512 1080 2575 iicet,

72 2589 205 2672 ἑβδόμην
224 2599 306 2662 iliam,
330 2600 352 2654 si
373 2599 454 2656 modo
476 2599 579 2672 integra
602 2598 682 2654 lectio
701 2607 752 2662 est,
777 2598 932 2654 Hebraicam
949 2615 1009 2653 esse
1024 2598 1081 2652 suis

72 2682 149 2739 literis
172 2685 363 2756 conscriptam,
387 2684 419 2739 ad
441 2702 520 2759 quam
542 2676 561 2758 η“
583 2678 756 2757 σημείωσις,
780 2684 831 2738 hoc
854 2691 895 2738 est
918 2682 1009 2738 eadem
1026 2681 1082 2737 He-

73 2765 153 2824 braica
183 2769 295 2824 Graecis
317 2785 443 2842 expressa
464 2769 561 2832 literis,
590 2768 744 2839 accesserit.
788 2767 868 2839 Atqui
891 2766 1000 2840 Octapla
1029 2767 1080 2822 iam

72 2863 152 2917 erant,
175 2870 231 2908 uon
255 2852 380 2926 Hexapla.
420 2856 461 2909 Au
485 2853 689 2927 Octapiis-ipsis
712 2852 892 2926 Hexaptorum
915 2869 1014 2908 nomeu
1036 2852 1081 2907 in-

10 2935 37 2960 '·
72 2936 150 2993 ditum
173 2946 231 3002 est,
254 2947 389 3010 quatenns
412 2956 458 2994 εει
480 2939 587 2995 Graecis
609 2937 777 2994 Editionibus
800 2935 980 2994 constabant?
1010 2937 1080 2993 Sauo

68 3021 117 3078 boc
140 3024 229 3094 ipsum
253 3022 350 3078 docere
373 3033 481 3097 praeter
503 3023 647 3079 Eusebium
665 3023 775 3079 ridetur
789 3023 954 3097 Epiphanius
969 3021 1079 3078 Haeres.

70 3109 105 3163 64
134 3107 360 3180 origenianorum
388 3126 412 3164 c.
430 3111 458 3167 3.
502 3108 566 3164 Nam
589 3107 705 3180 hexapla
738 3108 803 3164 dicit
834 3116 943 3180 praeter
963 3107 1080 3162 Graecas
1122 3112 1133 3133 ·

66 3190 205 3247 Erbtiones
225 3210 283 3256 εει,
308 3191 451 3250 hebraicas
473 3193 600 3250 habuisse
623 3193 704 3248 duas:
728 3183 806 3249 ὥστε
821 3183 895 3248 εἶναι
910 3186 1083 3265 sipontinae

66 3270 202 3331 παλαιὰν
229 3272 384 3352 διαθήκην
412 3272 449 3334 dr’
473 3269 612 3347 ἱξααλῶν
635 3272 843 3350 καλουμένων,
873 3271 923 3332 καὶ
946 3271 997 3332 dut
1020 3278 1083 3333 τῶν

66 3355 124 3415 ddo
141 3353 314 3439 Ἑβραϊκῶν
333 3354 488 3437 ῥημάτων.
531 3364 602 3436 Lege
624 3363 753 3418 attentius
776 3363 849 3418 hunc
870 3361 970 3417 locum.
999 3361 1096 3417 'Nom'

66 3445 248 3518 Henpiorutu
270 3448 477 3521 appellationem
493 3448 610 3522 Octaplis
633 3448 712 3503 etiam
734 3448 799 3519 ipsis
822 3446 1026 3503 accommodare
1041 3447 1082 3502 ri-

64 3531 156 3594 detur,
178 3541 208 3587 et
229 3531 338 3604 quidem
361 3532 389 3588 iu
411 3542 469 3590 toto
492 3543 582 3590 vetere
601 3533 782 3595 Testamento,
807 3532 879 3605 quod
900 3533 934 3587 de
950 3531 1081 3587 Psaiterio

63 3617 123 3672 suto
147 3625 266 3673 testatur
287 3616 429 3673 Eusebius.

155 3704 254 3758 1161.
277 3695 357 3775 μετὰ
376 3694 500 3759 Γάλλον
521 3697 570 3756 καὶ
589 3691 825 3775 Οὐολουσιανόν]
856 3701 996 3757 biennium
1018 3717 1082 3756 cae-

65 3786 114 3841 teri
136 3787 195 3842 iere
216 3786 271 3842 illis
292 3787 454 3851 attribuunt,
476 3787 631 3859 Eutropius,
655 3785 745 3841 Victor
767 3794 818 3841 etc.
849 3785 981 3841 Eusebius
1003 3803 1083 3840 men-

64 3888 106 3926 ses
134 3879 279 3945 practerea
303 3875 321 3929 4
350 3873 377 3928 in
400 3873 500 3929 chron.
536 3873 564 3926 in
588 3871 698 3926 historia
722 3888 784 3926 vero
808 3888 841 3926 ue
863 3871 996 3945 integrum
1020 3870 1082 3942 qui-

65 3955 122 4012 dem
145 3956 297 4013 biennium.
328 3958 363 4013 λ1
383 3957 410 4013 in
433 3956 527 4012 huual.
550 3956 646 4012 atto
668 3972 696 4009 n.
712 3958 751 4013 35
774 3958 1081 4028 quatuor'imputantur

64 4044 133 4106 anni,
159 4060 192 4098 ex
213 4041 334 4115 antiquis
358 4042 454 4105 nuruis,
478 4041 505 4096 io
524 4039 623 4115 quibus
638 4039 748 4095 tribon.
765 4040 860 4097 Pot.4
885 4038 1081 4095 1101100611-

65 4125 106 4182 ius
125 4127 237 4201 legitur.
268 4127 343 4195 Quae
359 4125 507 4184 Tribunitia
528 4134 649 4200 potestas
672 4125 755 4216 toties
774 4124 944 4198 multiplicari
965 4123 1132 4191 subtractos
