<?xml version="1.0" encoding="UTF-8"?>
<!DOCTYPE html PUBLIC "-//W3C//DTD XHTML 1.0 Transitional//EN"
    "http://www.w3.org/TR/xhtml1/DTD/xhtml1-transitional.dtd">
<html xmlns="http://www.w3.org/1999/xhtml" xml:lang="en" lang="en">
 <head>
  <title>
</title>
<meta http-equiv="Content-Type" content="text/html;charset=utf-8" />
  <meta name='ocr-system' content='tesseract 3.04.00' />
  <meta name='ocr-capabilities' content='ocr_page ocr_carea ocr_par ocr_line ocrx_word'/>
</head>
<body>
  <div class='ocr_page' id='page_1' title='image "./opera02dindgoog_0368.png"; bbox 0 0 2586 4822; ppageno 0'>
   <div class='ocr_carea' id='block_1_1' title="bbox 150 790 905 854">
    <p class='ocr_par' dir='ltr' id='par_1_1' title="bbox 150 790 905 854">
     <span class='ocr_line' id='line_1_1' title="bbox 150 790 905 854; baseline -0.005 -1"><span class='ocrx_word' id='word_1_1' title='bbox 150 790 192 854; x_wconf 79' lang='lat'><strong>84</strong></span> <span class='ocrx_word' id='word_1_2' title='bbox 418 797 465 852; x_wconf 79' lang='lat' dir='ltr'><strong>ut</strong></span> <span class='ocrx_word' id='word_1_3' title='bbox 502 802 540 852; x_wconf 82' lang='lat' dir='ltr'><strong>ao</strong></span> <span class='ocrx_word' id='word_1_4' title='bbox 559 800 695 853; x_wconf 81' lang='lat' dir='ltr'><strong>ronnnnn</strong></span> <span class='ocrx_word' id='word_1_5' title='bbox 713 799 807 850; x_wconf 82' lang='lat' dir='ltr'><strong>nerse.</strong></span> <span class='ocrx_word' id='word_1_6' title='bbox 825 795 905 849; x_wconf 84' lang='lat' dir='ltr'><strong>nien.</strong></span> 
     </span>
    </p>
   </div>
   <div class='ocr_carea' id='block_1_2' title="bbox 111 949 1216 4159">
    <p class='ocr_par' dir='ltr' id='par_1_2' title="bbox 111 949 1216 4159">
     <span class='ocr_line' id='line_1_2' title="bbox 145 949 1171 1033; baseline -0.007 -15"><span class='ocrx_word' id='word_1_7' title='bbox 145 956 199 1018; x_wconf 84' lang='lat' dir='ltr'><strong>-dei</strong></span> <span class='ocrx_word' id='word_1_8' title='bbox 220 955 373 1016; x_wconf 88' lang='lat' dir='ltr'><strong>habiturus</strong></span> <span class='ocrx_word' id='word_1_9' title='bbox 403 963 481 1016; x_wconf 80' lang='lat' dir='ltr'><strong>esset</strong></span> <span class='ocrx_word' id='word_1_10' title='bbox 509 971 544 1014; x_wconf 81' lang='lat' dir='ltr'><strong>ex</strong></span> <span class='ocrx_word' id='word_1_11' title='bbox 566 951 672 1027; x_wconf 85' lang='lat' dir='ltr'><strong>Maria,</strong></span> <span class='ocrx_word' id='word_1_12' title='bbox 701 952 794 1033; x_wconf 81' lang='lat' dir='ltr'>ipsam</span> <span class='ocrx_word' id='word_1_13' title='bbox 824 969 889 1012; x_wconf 88' lang='lat' dir='ltr'><strong>esse</strong></span> <span class='ocrx_word' id='word_1_14' title='bbox 917 949 1091 1029; x_wconf 75' lang='lat' dir='ltr'><strong>imaginem,</strong></span> <span class='ocrx_word' id='word_1_15' title='bbox 1124 949 1171 1011; x_wconf 87' lang='lat' dir='ltr'><strong>alii</strong></span> 
     </span>
     <span class='ocr_line' id='line_1_3' title="bbox 149 1047 1171 1130; baseline -0.005 -15"><span class='ocrx_word' id='word_1_16' title='bbox 149 1072 282 1127; x_wconf 84' lang='lat' dir='ltr'><strong>sensum,</strong></span> <span class='ocrx_word' id='word_1_17' title='bbox 304 1052 351 1114; x_wconf 92' lang='lat' dir='ltr'><strong>alii</strong></span> <span class='ocrx_word' id='word_1_18' title='bbox 374 1050 519 1124; x_wconf 79' lang='lat' dir='ltr'><strong>uirtutem,</strong></span> <span class='ocrx_word' id='word_1_19' title='bbox 543 1049 590 1111; x_wconf 87' lang='lat' dir='ltr'><strong>isti</strong></span> <span class='ocrx_word' id='word_1_20' title='bbox 612 1049 765 1130; x_wconf 88' lang='lat' dir='ltr'><strong>baptisma,</strong></span> <span class='ocrx_word' id='word_1_21' title='bbox 790 1050 820 1110; x_wconf 92' lang='lat' dir='ltr'><strong>bi</strong></span> <span class='ocrx_word' id='word_1_22' title='bbox 842 1048 920 1128; x_wconf 93' lang='lat' dir='ltr'><strong>quod</strong></span> <span class='ocrx_word' id='word_1_23' title='bbox 943 1049 1032 1108; x_wconf 91' lang='lat' dir='ltr'><strong>bomo</strong></span> <span class='ocrx_word' id='word_1_24' title='bbox 1047 1048 1083 1109; x_wconf 87' lang='lat' dir='ltr'><strong>ad</strong></span> <span class='ocrx_word' id='word_1_25' title='bbox 1099 1047 1171 1110; x_wconf 81' lang='lat' dir='ltr'><strong>ima·</strong></span> 
     </span>
     <span class='ocr_line' id='line_1_4' title="bbox 148 1145 1169 1231; baseline -0.007 -18"><span class='ocrx_word' id='word_1_26' title='bbox 148 1151 248 1231; x_wconf 88' lang='lat' dir='ltr'><strong>giuem</strong></span> <span class='ocrx_word' id='word_1_27' title='bbox 270 1149 317 1211; x_wconf 80' lang='lat' dir='ltr'><strong>dei</strong></span> <span class='ocrx_word' id='word_1_28' title='bbox 339 1150 505 1210; x_wconf 75' lang='lat' dir='ltr'><strong>dominetur</strong></span> <span class='ocrx_word' id='word_1_29' title='bbox 527 1147 674 1221; x_wconf 84' lang='lat' dir='ltr'><strong>omnibus,</strong></span> <span class='ocrx_word' id='word_1_30' title='bbox 698 1147 846 1209; x_wconf 88' lang='lat' dir='ltr'><strong>ebriorum</strong></span> <span class='ocrx_word' id='word_1_31' title='bbox 868 1165 952 1208; x_wconf 87' lang='lat' dir='ltr'><strong>more</strong></span> <span class='ocrx_word' id='word_1_32' title='bbox 974 1147 1046 1206; x_wconf 88' lang='lat' dir='ltr'><strong>baec</strong></span> <span class='ocrx_word' id='word_1_33' title='bbox 1061 1146 1106 1206; x_wconf 88' lang='lat' dir='ltr'><strong>vel</strong></span> <span class='ocrx_word' id='word_1_34' title='bbox 1123 1145 1169 1206; x_wconf 83' lang='lat' dir='ltr'><strong>itta</strong></span> 
     </span>
     <span class='ocr_line' id='line_1_5' title="bbox 148 1243 1170 1325; baseline -0.007 -14"><span class='ocrx_word' id='word_1_35' title='bbox 148 1257 314 1311; x_wconf 86' lang='lat' dir='ltr'><strong>ructantes:</strong></span> <span class='ocrx_word' id='word_1_36' title='bbox 343 1267 417 1325; x_wconf 89' lang='lat' dir='ltr'><strong>quos</strong></span> <span class='ocrx_word' id='word_1_37' title='bbox 446 1245 601 1325; x_wconf 75' lang='lat' dir='ltr'>oportebat</span> <span class='ocrx_word' id='word_1_38' title='bbox 622 1253 735 1306; x_wconf 90' lang='lat' dir='ltr'><strong>tantum</strong></span> <span class='ocrx_word' id='word_1_39' title='bbox 765 1247 893 1322; x_wconf 84' lang='lat' dir='ltr'><strong>elingere</strong></span> <span class='ocrx_word' id='word_1_40' title='bbox 916 1243 1085 1317; x_wconf 80' lang='lat' dir='ltr'><strong>discrimen,</strong></span> <span class='ocrx_word' id='word_1_41' title='bbox 1115 1261 1170 1305; x_wconf 86' lang='lat' dir='ltr'><strong>nee</strong></span> 
     </span>
     <span class='ocr_line' id='line_1_6' title="bbox 124 1341 1170 1425; baseline -0.005 -17"><span class='ocrx_word' id='word_1_42' title='bbox 124 1366 256 1425; x_wconf 77' lang='lat' dir='ltr'><strong>snogare</strong></span> <span class='ocrx_word' id='word_1_43' title='bbox 278 1364 352 1425; x_wconf 89' lang='lat' dir='ltr'><strong>quae</strong></span> <span class='ocrx_word' id='word_1_44' title='bbox 372 1343 503 1423; x_wconf 89' lang='lat' dir='ltr'><strong>loquitur</strong></span> <span class='ocrx_word' id='word_1_45' title='bbox 524 1343 606 1415; x_wconf 89' lang='lat' dir='ltr'><strong>deus,</strong></span> <span class='ocrx_word' id='word_1_46' title='bbox 640 1352 669 1403; x_wconf 92' lang='lat' dir='ltr'><strong>et</strong></span> <span class='ocrx_word' id='word_1_47' title='bbox 698 1344 852 1404; x_wconf 87' lang='lat' dir='ltr'><strong>credentes</strong></span> <span class='ocrx_word' id='word_1_48' title='bbox 881 1341 1051 1421; x_wconf 89' lang='lat' dir='ltr'><strong>simpliciter</strong></span> <span class='ocrx_word' id='word_1_49' title='bbox 1073 1342 1170 1404; x_wconf 77' lang='lat' dir='ltr'><strong>salvos</strong></span> 
     </span>
     <span class='ocr_line' id='line_1_7' title="bbox 149 1440 1168 1523; baseline -0.005 -17"><span class='ocrx_word' id='word_1_50' title='bbox 149 1444 228 1519; x_wconf 90' lang='lat' dir='ltr'><strong>lieri,</strong></span> <span class='ocrx_word' id='word_1_51' title='bbox 263 1445 376 1523; x_wconf 72' lang='lat' dir='ltr'><strong>(leoque</strong></span> <span class='ocrx_word' id='word_1_52' title='bbox 403 1442 564 1502; x_wconf 79' lang='lat' dir='ltr'>concedere</span> <span class='ocrx_word' id='word_1_53' title='bbox 593 1440 760 1502; x_wconf 90' lang='lat' dir='ltr'><strong>donationis</strong></span> <span class='ocrx_word' id='word_1_54' title='bbox 781 1459 854 1502; x_wconf 86' lang='lat' dir='ltr'><strong>suae</strong></span> <span class='ocrx_word' id='word_1_55' title='bbox 874 1449 984 1502; x_wconf 87' lang='lat' dir='ltr'><strong>certam</strong></span> <span class='ocrx_word' id='word_1_56' title='bbox 1012 1450 1042 1500; x_wconf 85' lang='lat' dir='ltr'><strong>et</strong></span> <span class='ocrx_word' id='word_1_57' title='bbox 1071 1458 1168 1502; x_wconf 85' lang='lat' dir='ltr'><strong>reram</strong></span> 
     </span>
     <span class='ocr_line' id='line_1_8' title="bbox 149 1537 1169 1618; baseline -0.007 -13"><span class='ocrx_word' id='word_1_58' title='bbox 149 1541 312 1615; x_wconf 87' lang='lat' dir='ltr'><strong>scientiam,</strong></span> <span class='ocrx_word' id='word_1_59' title='bbox 344 1539 374 1600; x_wconf 94' lang='lat' dir='ltr'><strong>in</strong></span> <span class='ocrx_word' id='word_1_60' title='bbox 398 1559 454 1618; x_wconf 86' lang='lat' dir='ltr'><strong>qua</strong></span> <span class='ocrx_word' id='word_1_61' title='bbox 477 1537 661 1617; x_wconf 87' lang='lat' dir='ltr'><strong>potissimum</strong></span> <span class='ocrx_word' id='word_1_62' title='bbox 685 1549 767 1618; x_wconf 89' lang='lat' dir='ltr'><strong>parte</strong></span> <span class='ocrx_word' id='word_1_63' title='bbox 791 1538 925 1599; x_wconf 87' lang='lat' dir='ltr'><strong>homines</strong></span> <span class='ocrx_word' id='word_1_64' title='bbox 947 1537 1114 1598; x_wconf 87' lang='lat' dir='ltr'><strong>condiderit</strong></span> <span class='ocrx_word' id='word_1_65' title='bbox 1134 1537 1169 1599; x_wconf 87' lang='lat' dir='ltr'><strong>ad</strong></span> 
     </span>
     <span class='ocr_line' id='line_1_9' title="bbox 150 1635 1170 1717; baseline -0.003 -16"><span class='ocrx_word' id='word_1_66' title='bbox 150 1639 306 1717; x_wconf 82' lang='lat' dir='ltr'><strong>imaginem</strong></span> <span class='ocrx_word' id='word_1_67' title='bbox 335 1646 365 1698; x_wconf 87' lang='lat' dir='ltr'><strong>et</strong></span> <span class='ocrx_word' id='word_1_68' title='bbox 386 1635 604 1698; x_wconf 88' lang='lat' dir='ltr'><strong>similitudinem</strong></span> <span class='ocrx_word' id='word_1_69' title='bbox 635 1655 726 1696; x_wconf 90' lang='lat' dir='ltr'><strong>suam.</strong></span> <span class='ocrx_word' id='word_1_70' title='bbox 784 1635 841 1707; x_wconf 84' lang='lat' dir='ltr'><strong>Qui</strong></span> <span class='ocrx_word' id='word_1_71' title='bbox 869 1636 941 1697; x_wconf 89' lang='lat' dir='ltr'><strong>baec</strong></span> <span class='ocrx_word' id='word_1_72' title='bbox 968 1636 1170 1715; x_wconf 70' lang='lat' dir='ltr'><strong>relinquentes</strong></span> 
     </span>
     <span class='ocr_line' id='line_1_10' title="bbox 150 1733 1171 1815; baseline -0.005 -16"><span class='ocrx_word' id='word_1_73' title='bbox 150 1737 249 1798; x_wconf 89' lang='lat' dir='ltr'><strong>multis</strong></span> <span class='ocrx_word' id='word_1_74' title='bbox 271 1756 303 1798; x_wconf 91' lang='lat' dir='ltr'><strong>se</strong></span> <span class='ocrx_word' id='word_1_75' title='bbox 325 1733 545 1815; x_wconf 79' lang='lat' dir='ltr'><strong>quaestionibus</strong></span> <span class='ocrx_word' id='word_1_76' title='bbox 567 1733 763 1813; x_wconf 76' lang='lat' dir='ltr'><strong>implicarunt,</strong></span> <span class='ocrx_word' id='word_1_77' title='bbox 787 1744 817 1794; x_wconf 92' lang='lat' dir='ltr'><strong>et</strong></span> <span class='ocrx_word' id='word_1_78' title='bbox 837 1753 890 1812; x_wconf 88' lang='lat' dir='ltr'><strong>per</strong></span> <span class='ocrx_word' id='word_1_79' title='bbox 912 1734 968 1794; x_wconf 89' lang='lat' dir='ltr'><strong>boc</strong></span> <span class='ocrx_word' id='word_1_80' title='bbox 989 1733 1019 1794; x_wconf 92' lang='lat' dir='ltr'><strong>in</strong></span> <span class='ocrx_word' id='word_1_81' title='bbox 1040 1752 1171 1795; x_wconf 89' lang='lat' dir='ltr'><strong>coenum</strong></span> 
     </span>
     <span class='ocr_line' id='line_1_11' title="bbox 112 1831 1171 1912; baseline -0.005 -16"><span class='ocrx_word' id='word_1_82' title='bbox 112 1834 273 1905; x_wconf 75' lang='lat' dir='ltr'><strong>rodemersi</strong></span> <span class='ocrx_word' id='word_1_83' title='bbox 297 1845 366 1894; x_wconf 86' lang='lat' dir='ltr'><strong>sunt</strong></span> <span class='ocrx_word' id='word_1_84' title='bbox 387 1842 583 1912; x_wconf 84' lang='lat' dir='ltr'><strong>peecatorum.</strong></span> <span class='ocrx_word' id='word_1_85' title='bbox 636 1831 696 1893; x_wconf 86' lang='lat' dir='ltr'><strong>Nos</strong></span> <span class='ocrx_word' id='word_1_86' title='bbox 718 1840 825 1903; x_wconf 89' lang='lat' dir='ltr'><strong>autem,</strong></span> <span class='ocrx_word' id='word_1_87' title='bbox 848 1831 1044 1905; x_wconf 82' lang='lat' dir='ltr'><strong>dilectissime,</strong></span> <span class='ocrx_word' id='word_1_88' title='bbox 1075 1832 1171 1893; x_wconf 88' lang='lat' dir='ltr'><strong>credi·</strong></span> 
     </span>
     <span class='ocr_line' id='line_1_12' title="bbox 150 1929 1195 2009; baseline -0.001 -15"><span class='ocrx_word' id='word_1_89' title='bbox 150 1949 216 1995; x_wconf 89' lang='lat' dir='ltr'><strong>mus</strong></span> <span class='ocrx_word' id='word_1_90' title='bbox 244 1931 306 2004; x_wconf 86' lang='lat' dir='ltr'><strong>nis,</strong></span> <span class='ocrx_word' id='word_1_91' title='bbox 342 1949 416 2009; x_wconf 89' lang='lat' dir='ltr'><strong>quae</strong></span> <span class='ocrx_word' id='word_1_92' title='bbox 443 1931 559 1990; x_wconf 90' lang='lat' dir='ltr'><strong>locutus</strong></span> <span class='ocrx_word' id='word_1_93' title='bbox 589 1937 633 1990; x_wconf 90' lang='lat' dir='ltr'><strong>est</strong></span> <span class='ocrx_word' id='word_1_94' title='bbox 661 1929 815 2002; x_wconf 89' lang='lat' dir='ltr'><strong>domiuus,</strong></span> <span class='ocrx_word' id='word_1_95' title='bbox 849 1940 877 1990; x_wconf 91' lang='lat' dir='ltr'><strong>et</strong></span> <span class='ocrx_word' id='word_1_96' title='bbox 905 1929 1014 1991; x_wconf 74' lang='lat' dir='ltr'><strong>sumus</strong></span> <span class='ocrx_word' id='word_1_97' title='bbox 1036 1930 1117 2008; x_wconf 93' lang='lat' dir='ltr'><strong>quod</strong></span> <span class='ocrx_word' id='word_1_98' title='bbox 1140 1929 1195 1993; x_wconf 88' lang='lat' dir='ltr'><strong>inlt</strong></span> 
     </span>
     <span class='ocr_line' id='line_1_13' title="bbox 149 2026 1173 2106; baseline -0.003 -15"><span class='ocrx_word' id='word_1_99' title='bbox 149 2028 264 2091; x_wconf 87' lang='lat' dir='ltr'><strong>eunctis</strong></span> <span class='ocrx_word' id='word_1_100' title='bbox 285 2027 454 2089; x_wconf 87' lang='lat' dir='ltr'><strong>horninibus</strong></span> <span class='ocrx_word' id='word_1_101' title='bbox 476 2027 571 2105; x_wconf 83' lang='lat' dir='ltr'><strong>imago</strong></span> <span class='ocrx_word' id='word_1_102' title='bbox 595 2027 641 2087; x_wconf 90' lang='lat' dir='ltr'><strong>dei</strong></span> <span class='ocrx_word' id='word_1_103' title='bbox 670 2036 856 2106; x_wconf 81' lang='lat' dir='ltr'><strong>permaneat,</strong></span> <span class='ocrx_word' id='word_1_104' title='bbox 891 2026 1005 2106; x_wconf 86' lang='lat' dir='ltr'><strong>ipsique</strong></span> <span class='ocrx_word' id='word_1_105' title='bbox 1033 2026 1173 2088; x_wconf 76' lang='lat' dir='ltr'><strong>‹milredi-</strong></span> 
     </span>
     <span class='ocr_line' id='line_1_14' title="bbox 149 2124 1172 2203; baseline 0.001 -16"><span class='ocrx_word' id='word_1_106' title='bbox 149 2145 216 2187; x_wconf 90' lang='lat' dir='ltr'><strong>mus</strong></span> <span class='ocrx_word' id='word_1_107' title='bbox 239 2145 326 2185; x_wconf 88' lang='lat' dir='ltr'><strong>nosse</strong></span> <span class='ocrx_word' id='word_1_108' title='bbox 348 2125 379 2184; x_wconf 94' lang='lat' dir='ltr'><strong>in</strong></span> <span class='ocrx_word' id='word_1_109' title='bbox 401 2144 457 2203; x_wconf 91' lang='lat' dir='ltr'><strong>qua</strong></span> <span class='ocrx_word' id='word_1_110' title='bbox 480 2134 562 2203; x_wconf 88' lang='lat' dir='ltr'><strong>parte</strong></span> <span class='ocrx_word' id='word_1_111' title='bbox 591 2126 678 2186; x_wconf 90' lang='lat' dir='ltr'><strong>bomo</strong></span> <span class='ocrx_word' id='word_1_112' title='bbox 707 2126 743 2186; x_wconf 93' lang='lat' dir='ltr'><strong>ad</strong></span> <span class='ocrx_word' id='word_1_113' title='bbox 772 2125 927 2203; x_wconf 83' lang='lat' dir='ltr'><strong>imaginem</strong></span> <span class='ocrx_word' id='word_1_114' title='bbox 957 2125 1003 2185; x_wconf 90' lang='lat' dir='ltr'><strong>dei</strong></span> <span class='ocrx_word' id='word_1_115' title='bbox 1032 2124 1172 2187; x_wconf 79' lang='lat' dir='ltr'><strong>conditus</strong></span> 
     </span>
     <span class='ocr_line' id='line_1_15' title="bbox 151 2221 1173 2302; baseline -0.001 -17"><span class='ocrx_word' id='word_1_116' title='bbox 151 2222 196 2285; x_wconf 84' lang='lat' dir='ltr'><strong>sit.</strong></span> <span class='ocrx_word' id='word_1_117' title='bbox 233 2222 291 2284; x_wconf 87' lang='lat' dir='ltr'><strong>Sed</strong></span> <span class='ocrx_word' id='word_1_118' title='bbox 315 2241 408 2301; x_wconf 89' lang='lat' dir='ltr'><strong>neque</strong></span> <span class='ocrx_word' id='word_1_119' title='bbox 432 2221 501 2283; x_wconf 93' lang='lat' dir='ltr'><strong>illud</strong></span> <span class='ocrx_word' id='word_1_120' title='bbox 523 2222 602 2300; x_wconf 83' lang='lat' dir='ltr'><strong>quod</strong></span> <span class='ocrx_word' id='word_1_121' title='bbox 617 2222 736 2301; x_wconf 91' lang='lat' dir='ltr'><strong>quidam</strong></span> <span class='ocrx_word' id='word_1_122' title='bbox 751 2223 782 2282; x_wconf 94' lang='lat' dir='ltr'><strong>iu</strong></span> <span class='ocrx_word' id='word_1_123' title='bbox 798 2223 919 2302; x_wconf 87' lang='lat' dir='ltr'><strong>epistola</strong></span> <span class='ocrx_word' id='word_1_124' title='bbox 936 2223 1056 2283; x_wconf 90' lang='lat' dir='ltr'><strong>loannis</strong></span> <span class='ocrx_word' id='word_1_125' title='bbox 1072 2223 1173 2302; x_wconf 84' lang='lat' dir='ltr'><strong>legen·</strong></span> 
     </span>
     <span class='ocr_line' id='line_1_16' title="bbox 114 2320 1172 2400; baseline -0.005 -14"><span class='ocrx_word' id='word_1_126' title='bbox 114 2331 194 2387; x_wconf 74' lang='lat' dir='ltr'><strong>tttes</strong></span> <span class='ocrx_word' id='word_1_127' title='bbox 217 2339 278 2381; x_wconf 94' lang='lat' dir='ltr'><strong>non</strong></span> <span class='ocrx_word' id='word_1_128' title='bbox 300 2320 466 2398; x_wconf 83' lang='lat' dir='ltr'><strong>intelligunt</strong></span> <span class='ocrx_word' id='word_1_129' title='bbox 488 2338 654 2398; x_wconf 85' lang='lat' dir='ltr'><strong>quenquam</strong></span> <span class='ocrx_word' id='word_1_130' title='bbox 677 2320 810 2400; x_wconf 86' lang='lat' dir='ltr'><strong>decipiat,</strong></span> <span class='ocrx_word' id='word_1_131' title='bbox 846 2320 895 2380; x_wconf 92' lang='lat' dir='ltr'><strong>ubi</strong></span> <span class='ocrx_word' id='word_1_132' title='bbox 916 2321 1045 2399; x_wconf 91' lang='lat' dir='ltr'><strong>loquitur</strong></span> <span class='ocrx_word' id='word_1_133' title='bbox 1070 2328 1172 2383; x_wconf 82' lang='lat' dir='ltr'><strong>“nune</strong></span> 
     </span>
     <span class='ocr_line' id='line_1_17' title="bbox 150 2417 1171 2497; baseline 0 -18"><span class='ocrx_word' id='word_1_134' title='bbox 150 2418 201 2479; x_wconf 87' lang='lat' dir='ltr'><strong>lilii</strong></span> <span class='ocrx_word' id='word_1_135' title='bbox 224 2417 269 2479; x_wconf 89' lang='lat' dir='ltr'><strong>dei</strong></span> <span class='ocrx_word' id='word_1_136' title='bbox 292 2436 404 2491; x_wconf 90' lang='lat' dir='ltr'><strong>sumus,</strong></span> <span class='ocrx_word' id='word_1_137' title='bbox 428 2425 458 2477; x_wconf 90' lang='lat' dir='ltr'><strong>et</strong></span> <span class='ocrx_word' id='word_1_138' title='bbox 480 2417 613 2477; x_wconf 89' lang='lat' dir='ltr'><strong>nondum</strong></span> <span class='ocrx_word' id='word_1_139' title='bbox 635 2428 756 2497; x_wconf 88' lang='lat' dir='ltr'><strong>apparet</strong></span> <span class='ocrx_word' id='word_1_140' title='bbox 778 2420 856 2496; x_wconf 92' lang='lat' dir='ltr'><strong>quod</strong></span> <span class='ocrx_word' id='word_1_141' title='bbox 873 2420 991 2480; x_wconf 83' lang='lat' dir='ltr'><strong>erimus.</strong></span> <span class='ocrx_word' id='word_1_142' title='bbox 1029 2418 1171 2479; x_wconf 76' lang='lat' dir='ltr'><strong>Novimus</strong></span> 
     </span>
     <span class='ocr_line' id='line_1_18' title="bbox 150 2514 1169 2594; baseline -0.001 -17"><span class='ocrx_word' id='word_1_143' title='bbox 150 2523 257 2590; x_wconf 90' lang='lat' dir='ltr'><strong>autem,</strong></span> <span class='ocrx_word' id='word_1_144' title='bbox 291 2515 357 2594; x_wconf 90' lang='lat' dir='ltr'><strong>quia</strong></span> <span class='ocrx_word' id='word_1_145' title='bbox 380 2534 446 2576; x_wconf 91' lang='lat' dir='ltr'><strong>oum</strong></span> <span class='ocrx_word' id='word_1_146' title='bbox 475 2515 522 2575; x_wconf 91' lang='lat' dir='ltr'><strong>ille</strong></span> <span class='ocrx_word' id='word_1_147' title='bbox 550 2514 693 2576; x_wconf 80' lang='lat' dir='ltr'><strong>revelatus</strong></span> <span class='ocrx_word' id='word_1_148' title='bbox 722 2517 819 2589; x_wconf 74' lang='lat' dir='ltr'><strong>luerit,</strong></span> <span class='ocrx_word' id='word_1_149' title='bbox 854 2517 962 2577; x_wconf 88' lang='lat' dir='ltr'><strong>similes</strong></span> <span class='ocrx_word' id='word_1_150' title='bbox 992 2516 1017 2576; x_wconf 91' lang='lat' dir='ltr'><strong>ei</strong></span> <span class='ocrx_word' id='word_1_151' title='bbox 1047 2516 1169 2576; x_wconf 80' lang='lat' dir='ltr'><strong>erimus.</strong></span> 
     </span>
     <span class='ocr_line' id='line_1_19' title="bbox 150 2611 1171 2691; baseline 0.001 -20"><span class='ocrx_word' id='word_1_152' title='bbox 150 2612 319 2674; x_wconf 85' lang='lat' dir='ltr'><strong>Videbimus</strong></span> <span class='ocrx_word' id='word_1_153' title='bbox 341 2612 418 2673; x_wconf 90' lang='lat' dir='ltr'><strong>enim</strong></span> <span class='ocrx_word' id='word_1_154' title='bbox 441 2632 518 2685; x_wconf 89' lang='lat' dir='ltr'><strong>eum,</strong></span> <span class='ocrx_word' id='word_1_155' title='bbox 542 2613 628 2673; x_wconf 84' lang='lat' dir='ltr'><strong>sicuti</strong></span> <span class='ocrx_word' id='word_1_156' title='bbox 650 2611 720 2674; x_wconf 83' lang='lat' dir='ltr'><strong>est&#39;’</strong></span> <span class='ocrx_word' id='word_1_157' title='bbox 774 2615 836 2674; x_wconf 85' lang='lat' dir='ltr'><strong>lloc</strong></span> <span class='ocrx_word' id='word_1_158' title='bbox 858 2614 936 2675; x_wconf 90' lang='lat' dir='ltr'><strong>enirn</strong></span> <span class='ocrx_word' id='word_1_159' title='bbox 965 2622 1088 2691; x_wconf 85' lang='lat' dir='ltr'><strong>propter·</strong></span> <span class='ocrx_word' id='word_1_160' title='bbox 1109 2613 1171 2689; x_wconf 82' lang='lat' dir='ltr'><strong>glo·</strong></span> 
     </span>
     <span class='ocr_line' id='line_1_20' title="bbox 150 2709 1171 2789; baseline 0 -18"><span class='ocrx_word' id='word_1_161' title='bbox 150 2709 232 2783; x_wconf 89' lang='lat' dir='ltr'><strong>riam,</strong></span> <span class='ocrx_word' id='word_1_162' title='bbox 257 2731 330 2789; x_wconf 89' lang='lat' dir='ltr'><strong>quae</strong></span> <span class='ocrx_word' id='word_1_163' title='bbox 351 2711 391 2771; x_wconf 93' lang='lat' dir='ltr'><strong>ibi</strong></span> <span class='ocrx_word' id='word_1_164' title='bbox 413 2711 567 2772; x_wconf 81' lang='lat' dir='ltr'><strong>revelanda</strong></span> <span class='ocrx_word' id='word_1_165' title='bbox 590 2721 634 2771; x_wconf 86' lang='lat' dir='ltr'><strong>est</strong></span> <span class='ocrx_word' id='word_1_166' title='bbox 656 2711 766 2772; x_wconf 87' lang='lat' dir='ltr'><strong>sanctis</strong></span> <span class='ocrx_word' id='word_1_167' title='bbox 788 2712 861 2785; x_wconf 86' lang='lat' dir='ltr'><strong>eius,</strong></span> <span class='ocrx_word' id='word_1_168' title='bbox 884 2712 1071 2772; x_wconf 84' lang='lat' dir='ltr'><strong>dictumest:</strong></span> <span class='ocrx_word' id='word_1_169' title='bbox 1095 2710 1171 2772; x_wconf 79' lang='lat' dir='ltr'><strong>siem</strong></span> 
     </span>
     <span class='ocr_line' id='line_1_21' title="bbox 111 2804 1216 2887; baseline 0.003 -19"><span class='ocrx_word' id='word_1_170' title='bbox 111 2818 180 2879; x_wconf 66' lang='lat' dir='ltr'><strong>anet</strong></span> <span class='ocrx_word' id='word_1_171' title='bbox 199 2804 230 2868; x_wconf 89' lang='lat' dir='ltr'><strong>in</strong></span> <span class='ocrx_word' id='word_1_172' title='bbox 254 2808 309 2868; x_wconf 92' lang='lat' dir='ltr'><strong>alio</strong></span> <span class='ocrx_word' id='word_1_173' title='bbox 332 2808 396 2869; x_wconf 89' lang='lat' dir='ltr'><strong>lnoo</strong></span> <span class='ocrx_word' id='word_1_174' title='bbox 418 2808 541 2887; x_wconf 90' lang='lat' dir='ltr'><strong>legimus</strong></span> <span class='ocrx_word' id='word_1_175' title='bbox 564 2814 598 2868; x_wconf 88' lang='lat' dir='ltr'><strong>“a</strong></span> <span class='ocrx_word' id='word_1_176' title='bbox 622 2808 713 2886; x_wconf 85' lang='lat' dir='ltr'><strong>gloria</strong></span> <span class='ocrx_word' id='word_1_177' title='bbox 735 2809 764 2868; x_wconf 93' lang='lat' dir='ltr'><strong>in</strong></span> <span class='ocrx_word' id='word_1_178' title='bbox 788 2809 925 2887; x_wconf 84' lang='lat' dir='ltr'><strong>gloriam:</strong></span> <span class='ocrx_word' id='word_1_179' title='bbox 952 2809 1036 2869; x_wconf 88' lang='lat' dir='ltr'><strong>ouius</strong></span> <span class='ocrx_word' id='word_1_180' title='bbox 1059 2807 1216 2886; x_wconf 75' lang='lat' dir='ltr'><strong>gloriaettl</strong></span> 
     </span>
     <span class='ocr_line' id='line_1_22' title="bbox 150 2905 1172 2986; baseline 0.001 -20"><span class='ocrx_word' id='word_1_181' title='bbox 150 2905 207 2966; x_wconf 89' lang='lat' dir='ltr'><strong>iam</strong></span> <span class='ocrx_word' id='word_1_182' title='bbox 230 2905 259 2965; x_wconf 92' lang='lat' dir='ltr'><strong>in</strong></span> <span class='ocrx_word' id='word_1_183' title='bbox 283 2905 338 2966; x_wconf 83' lang='lat' dir='ltr'><strong>isto</strong></span> <span class='ocrx_word' id='word_1_184' title='bbox 361 2905 477 2977; x_wconf 82' lang='lat' dir='ltr'><strong>saeculo</strong></span> <span class='ocrx_word' id='word_1_185' title='bbox 500 2906 592 2967; x_wconf 88' lang='lat' dir='ltr'><strong>sancti</strong></span> <span class='ocrx_word' id='word_1_186' title='bbox 615 2906 811 2967; x_wconf 82' lang='lat' dir='ltr'><strong>arrhabonem</strong></span> <span class='ocrx_word' id='word_1_187' title='bbox 827 2917 856 2967; x_wconf 87' lang='lat' dir='ltr'><strong>et</strong></span> <span class='ocrx_word' id='word_1_188' title='bbox 872 2906 1090 2986; x_wconf 90' lang='lat' dir='ltr'><strong>portiunculam</strong></span> <span class='ocrx_word' id='word_1_189' title='bbox 1104 2925 1172 2967; x_wconf 86' lang='lat' dir='ltr'><strong>sus-</strong></span> 
     </span>
     <span class='ocr_line' id='line_1_23' title="bbox 151 3003 1171 3083; baseline 0.001 -20"><span class='ocrx_word' id='word_1_190' title='bbox 151 3013 301 3081; x_wconf 85' lang='lat' dir='ltr'><strong>ceperunt.</strong></span> <span class='ocrx_word' id='word_1_191' title='bbox 351 3003 467 3064; x_wconf 87' lang='lat' dir='ltr'><strong>Primus</strong></span> <span class='ocrx_word' id='word_1_192' title='bbox 488 3022 590 3064; x_wconf 86' lang='lat' dir='ltr'><strong>eorum</strong></span> <span class='ocrx_word' id='word_1_193' title='bbox 610 3003 734 3083; x_wconf 70' lang='lat' dir='ltr'><strong>llopses,</strong></span> <span class='ocrx_word' id='word_1_194' title='bbox 763 3003 846 3065; x_wconf 88' lang='lat' dir='ltr'><strong>euius</strong></span> <span class='ocrx_word' id='word_1_195' title='bbox 869 3003 948 3066; x_wconf 84' lang='lat' dir='ltr'><strong>lulsit</strong></span> <span class='ocrx_word' id='word_1_196' title='bbox 967 3004 1055 3064; x_wconf 82' lang='lat' dir='ltr'><strong>lacios</strong></span> <span class='ocrx_word' id='word_1_197' title='bbox 1079 3003 1171 3077; x_wconf 84' lang='lat' dir='ltr'><strong>valde,</strong></span> 
     </span>
     <span class='ocr_line' id='line_1_24' title="bbox 151 3099 1171 3179; baseline 0.002 -19"><span class='ocrx_word' id='word_1_198' title='bbox 151 3108 181 3161; x_wconf 90' lang='lat' dir='ltr'><strong>et</strong></span> <span class='ocrx_word' id='word_1_199' title='bbox 201 3099 332 3160; x_wconf 86' lang='lat' dir='ltr'><strong>radiabat</strong></span> <span class='ocrx_word' id='word_1_200' title='bbox 353 3100 438 3161; x_wconf 81' lang='lat' dir='ltr'><strong>veluti</strong></span> <span class='ocrx_word' id='word_1_201' title='bbox 453 3101 549 3179; x_wconf 87' lang='lat' dir='ltr'><strong>lulgor</strong></span> <span class='ocrx_word' id='word_1_202' title='bbox 571 3112 600 3162; x_wconf 90' lang='lat' dir='ltr'><strong>et</strong></span> <span class='ocrx_word' id='word_1_203' title='bbox 615 3102 667 3162; x_wconf 91' lang='lat' dir='ltr'><strong>sol.</strong></span> <span class='ocrx_word' id='word_1_204' title='bbox 697 3103 851 3162; x_wconf 84' lang='lat' dir='ltr'><strong>Secundus</strong></span> <span class='ocrx_word' id='word_1_205' title='bbox 866 3101 953 3174; x_wconf 86' lang='lat' dir='ltr'><strong>Elias,</strong></span> <span class='ocrx_word' id='word_1_206' title='bbox 977 3102 1066 3178; x_wconf 89' lang='lat' dir='ltr'><strong>igneo</strong></span> <span class='ocrx_word' id='word_1_207' title='bbox 1082 3119 1171 3162; x_wconf 85' lang='lat' dir='ltr'><strong>curru</strong></span> 
     </span>
     <span class='ocr_line' id='line_1_25' title="bbox 151 3197 1170 3277; baseline 0.003 -19"><span class='ocrx_word' id='word_1_208' title='bbox 151 3208 253 3275; x_wconf 81' lang='lat' dir='ltr'><strong>raptus</strong></span> <span class='ocrx_word' id='word_1_209' title='bbox 275 3197 305 3257; x_wconf 90' lang='lat' dir='ltr'><strong>in</strong></span> <span class='ocrx_word' id='word_1_210' title='bbox 328 3198 450 3272; x_wconf 89' lang='lat' dir='ltr'><strong>coelum,</strong></span> <span class='ocrx_word' id='word_1_211' title='bbox 483 3210 512 3259; x_wconf 88' lang='lat' dir='ltr'><strong>et</strong></span> <span class='ocrx_word' id='word_1_212' title='bbox 533 3198 610 3277; x_wconf 91' lang='lat' dir='ltr'><strong>ignis</strong></span> <span class='ocrx_word' id='word_1_213' title='bbox 632 3198 806 3260; x_wconf 88' lang='lat' dir='ltr'><strong>detrimenta</strong></span> <span class='ocrx_word' id='word_1_214' title='bbox 835 3219 894 3259; x_wconf 94' lang='lat' dir='ltr'><strong>non</strong></span> <span class='ocrx_word' id='word_1_215' title='bbox 918 3203 1058 3259; x_wconf 89' lang='lat' dir='ltr'><strong>sentiens.</strong></span> <span class='ocrx_word' id='word_1_216' title='bbox 1105 3200 1170 3261; x_wconf 87' lang='lat' dir='ltr'><strong>Ste-</strong></span> 
     </span>
     <span class='ocr_line' id='line_1_26' title="bbox 112 3296 1170 3376; baseline 0.002 -21"><span class='ocrx_word' id='word_1_217' title='bbox 112 3296 268 3374; x_wconf 71' lang='lat' dir='ltr'><strong>25pbanus</strong></span> <span class='ocrx_word' id='word_1_218' title='bbox 290 3296 478 3375; x_wconf 81' lang='lat' dir='ltr'><strong>lapidabatur,</strong></span> <span class='ocrx_word' id='word_1_219' title='bbox 503 3306 533 3356; x_wconf 91' lang='lat' dir='ltr'><strong>et</strong></span> <span class='ocrx_word' id='word_1_220' title='bbox 546 3296 647 3356; x_wconf 83' lang='lat' dir='ltr'><strong>lac-iem</strong></span> <span class='ocrx_word' id='word_1_221' title='bbox 663 3296 788 3357; x_wconf 87' lang='lat' dir='ltr'><strong>babebat</strong></span> <span class='ocrx_word' id='word_1_222' title='bbox 802 3298 907 3375; x_wconf 87' lang='lat' dir='ltr'><strong>angeli,</strong></span> <span class='ocrx_word' id='word_1_223' title='bbox 929 3315 1004 3376; x_wconf 86' lang='lat' dir='ltr'><strong>quae</strong></span> <span class='ocrx_word' id='word_1_224' title='bbox 1021 3296 1059 3357; x_wconf 90' lang='lat' dir='ltr'><strong>ab</strong></span> <span class='ocrx_word' id='word_1_225' title='bbox 1075 3297 1170 3357; x_wconf 87' lang='lat' dir='ltr'><strong>onini-</strong></span> 
     </span>
     <span class='ocr_line' id='line_1_27' title="bbox 151 3391 1170 3473; baseline 0.003 -20"><span class='ocrx_word' id='word_1_226' title='bbox 151 3391 206 3454; x_wconf 88' lang='lat' dir='ltr'><strong>bus</strong></span> <span class='ocrx_word' id='word_1_227' title='bbox 228 3393 411 3455; x_wconf 87' lang='lat' dir='ltr'><strong>cernebatur.</strong></span> <span class='ocrx_word' id='word_1_228' title='bbox 457 3393 519 3454; x_wconf 88' lang='lat' dir='ltr'><strong>lloc</strong></span> <span class='ocrx_word' id='word_1_229' title='bbox 540 3403 653 3466; x_wconf 85' lang='lat' dir='ltr'><strong>autern,</strong></span> <span class='ocrx_word' id='word_1_230' title='bbox 687 3395 764 3472; x_wconf 89' lang='lat' dir='ltr'><strong>quod</strong></span> <span class='ocrx_word' id='word_1_231' title='bbox 786 3395 816 3455; x_wconf 93' lang='lat' dir='ltr'><strong>in</strong></span> <span class='ocrx_word' id='word_1_232' title='bbox 840 3395 940 3473; x_wconf 87' lang='lat' dir='ltr'><strong>paucis</strong></span> <span class='ocrx_word' id='word_1_233' title='bbox 962 3394 1101 3469; x_wconf 83' lang='lat' dir='ltr'><strong>diximus,</strong></span> <span class='ocrx_word' id='word_1_234' title='bbox 1134 3395 1170 3456; x_wconf 87' lang='lat' dir='ltr'><strong>de</strong></span> 
     </span>
     <span class='ocr_line' id='line_1_28' title="bbox 150 3490 1170 3572; baseline 0.005 -22"><span class='ocrx_word' id='word_1_235' title='bbox 150 3490 289 3551; x_wconf 89' lang='lat' dir='ltr'><strong>omnibus</strong></span> <span class='ocrx_word' id='word_1_236' title='bbox 310 3491 529 3569; x_wconf 90' lang='lat' dir='ltr'><strong>intelligendum</strong></span> <span class='ocrx_word' id='word_1_237' title='bbox 552 3502 605 3565; x_wconf 83' lang='lat' dir='ltr'><strong>est,</strong></span> <span class='ocrx_word' id='word_1_238' title='bbox 629 3501 659 3552; x_wconf 90' lang='lat' dir='ltr'><strong>ut</strong></span> <span class='ocrx_word' id='word_1_239' title='bbox 676 3492 830 3571; x_wconf 86' lang='lat' dir='ltr'><strong>impleatur</strong></span> <span class='ocrx_word' id='word_1_240' title='bbox 844 3493 914 3552; x_wconf 92' lang='lat' dir='ltr'><strong>illud</strong></span> <span class='ocrx_word' id='word_1_241' title='bbox 929 3493 1008 3570; x_wconf 91' lang='lat' dir='ltr'><strong>quod</strong></span> <span class='ocrx_word' id='word_1_242' title='bbox 1023 3493 1170 3572; x_wconf 86' lang='lat' dir='ltr'><strong>scriptum</strong></span> 
     </span>
     <span class='ocr_line' id='line_1_29' title="bbox 151 3588 1193 3669; baseline 0.002 -20"><span class='ocrx_word' id='word_1_243' title='bbox 151 3597 211 3649; x_wconf 85' lang='lat' dir='ltr'><strong>est:</strong></span> <span class='ocrx_word' id='word_1_244' title='bbox 244 3588 339 3650; x_wconf 91' lang='lat' dir='ltr'><strong>omnis</strong></span> <span class='ocrx_word' id='word_1_245' title='bbox 361 3590 410 3668; x_wconf 91' lang='lat' dir='ltr'><strong>qui</strong></span> <span class='ocrx_word' id='word_1_246' title='bbox 433 3589 594 3651; x_wconf 84' lang='lat' dir='ltr'><strong>sanctificat</strong></span> <span class='ocrx_word' id='word_1_247' title='bbox 615 3590 814 3669; x_wconf 87' lang='lat' dir='ltr'><strong>semetipsum,</strong></span> <span class='ocrx_word' id='word_1_248' title='bbox 843 3590 920 3651; x_wconf 89' lang='lat' dir='ltr'><strong>inter</strong></span> <span class='ocrx_word' id='word_1_249' title='bbox 941 3590 1043 3650; x_wconf 91' lang='lat' dir='ltr'><strong>beatos</strong></span> <span class='ocrx_word' id='word_1_250' title='bbox 1067 3606 1193 3659; x_wconf 77' lang='lat' dir='ltr'><strong>nume-n</strong></span> 
     </span>
     <span class='ocr_line' id='line_1_30' title="bbox 150 3685 1170 3767; baseline 0.005 -23"><span class='ocrx_word' id='word_1_251' title='bbox 150 3685 272 3747; x_wconf 88' lang='lat' dir='ltr'><strong>rabitur.</strong></span> <span class='ocrx_word' id='word_1_252' title='bbox 302 3686 401 3748; x_wconf 80' lang='lat' dir='ltr'><strong>“beati</strong></span> <span class='ocrx_word' id='word_1_253' title='bbox 419 3686 497 3747; x_wconf 85' lang='lat' dir='ltr'><strong>eninr</strong></span> <span class='ocrx_word' id='word_1_254' title='bbox 513 3687 624 3748; x_wconf 92' lang='lat' dir='ltr'><strong>mundo</strong></span> <span class='ocrx_word' id='word_1_255' title='bbox 640 3688 737 3760; x_wconf 86' lang='lat' dir='ltr'><strong>corde,</strong></span> <span class='ocrx_word' id='word_1_256' title='bbox 760 3688 898 3766; x_wconf 90' lang='lat' dir='ltr'><strong>quoniam</strong></span> <span class='ocrx_word' id='word_1_257' title='bbox 914 3686 968 3767; x_wconf 87' lang='lat' dir='ltr'><strong>ipsi</strong></span> <span class='ocrx_word' id='word_1_258' title='bbox 985 3689 1074 3748; x_wconf 88' lang='lat' dir='ltr'><strong>deum</strong></span> <span class='ocrx_word' id='word_1_259' title='bbox 1091 3688 1170 3749; x_wconf 86' lang='lat' dir='ltr'><strong>ride·</strong></span> 
     </span>
     <span class='ocr_line' id='line_1_31' title="bbox 113 3780 1172 3858; baseline 0.004 -15"><span class='ocrx_word' id='word_1_260' title='bbox 113 3780 249 3855; x_wconf 49' lang='lat' dir='ltr'><strong>nubunt?</strong></span> <span class='ocrx_word' id='word_1_261' title='bbox 295 3783 367 3843; x_wconf 83' lang='lat' dir='ltr'><strong>Cum</strong></span> <span class='ocrx_word' id='word_1_262' title='bbox 389 3785 461 3846; x_wconf 89' lang='lat' dir='ltr'><strong>baec</strong></span> <span class='ocrx_word' id='word_1_263' title='bbox 482 3785 521 3845; x_wconf 93' lang='lat' dir='ltr'><strong>ita</strong></span> <span class='ocrx_word' id='word_1_264' title='bbox 545 3804 576 3846; x_wconf 88' lang='lat' dir='ltr'><strong>se</strong></span> <span class='ocrx_word' id='word_1_265' title='bbox 598 3784 734 3858; x_wconf 83' lang='lat' dir='ltr'><strong>babeant,</strong></span> <span class='ocrx_word' id='word_1_266' title='bbox 757 3785 951 3858; x_wconf 87' lang='lat' dir='ltr'><strong>ddectissime‚</strong></span> <span class='ocrx_word' id='word_1_267' title='bbox 974 3785 1091 3846; x_wconf 89' lang='lat' dir='ltr'><strong>custodi</strong></span> <span class='ocrx_word' id='word_1_268' title='bbox 1109 3786 1172 3847; x_wconf 86' lang='lat' dir='ltr'><strong>ani·</strong></span> 
     </span>
     <span class='ocr_line' id='line_1_32' title="bbox 152 3882 1172 3954; baseline 0.004 -14"><span class='ocrx_word' id='word_1_269' title='bbox 152 3898 230 3940; x_wconf 91' lang='lat' dir='ltr'><strong>mam</strong></span> <span class='ocrx_word' id='word_1_270' title='bbox 253 3888 346 3954; x_wconf 90' lang='lat' dir='ltr'><strong>tuam,</strong></span> <span class='ocrx_word' id='word_1_271' title='bbox 379 3891 408 3941; x_wconf 87' lang='lat' dir='ltr'><strong>et</strong></span> <span class='ocrx_word' id='word_1_272' title='bbox 436 3882 536 3943; x_wconf 87' lang='lat' dir='ltr'><strong>desine</strong></span> <span class='ocrx_word' id='word_1_273' title='bbox 565 3882 641 3943; x_wconf 88' lang='lat' dir='ltr'><strong>circa</strong></span> <span class='ocrx_word' id='word_1_274' title='bbox 664 3902 719 3943; x_wconf 88' lang='lat' dir='ltr'><strong>nos</strong></span> <span class='ocrx_word' id='word_1_275' title='bbox 748 3902 942 3944; x_wconf 89' lang='lat' dir='ltr'><strong>murmurare.</strong></span> <span class='ocrx_word' id='word_1_276' title='bbox 987 3882 1064 3943; x_wconf 81' lang='lat' dir='ltr'><strong>nteit</strong></span> <span class='ocrx_word' id='word_1_277' title='bbox 1091 3884 1172 3945; x_wconf 88' lang='lat' dir='ltr'><strong>enim</strong></span> 
     </span>
     <span class='ocr_line' id='line_1_33' title="bbox 152 3977 1173 4060; baseline 0.006 -24"><span class='ocrx_word' id='word_1_278' title='bbox 152 3977 296 4056; x_wconf 87' lang='lat' dir='ltr'><strong>scriptura</strong></span> <span class='ocrx_word' id='word_1_279' title='bbox 318 3977 423 4051; x_wconf 87' lang='lat' dir='ltr'><strong>dirina,</strong></span> <span class='ocrx_word' id='word_1_280' title='bbox 448 3980 558 4041; x_wconf 83' lang='lat' dir='ltr'><strong>“nolite</strong></span> <span class='ocrx_word' id='word_1_281' title='bbox 580 3999 763 4042; x_wconf 88' lang='lat' dir='ltr'><strong>murmurare</strong></span> <span class='ocrx_word' id='word_1_282' title='bbox 785 3982 820 4042; x_wconf 93' lang='lat' dir='ltr'><strong>ad</strong></span> <span class='ocrx_word' id='word_1_283' title='bbox 844 3981 976 4053; x_wconf 87' lang='lat' dir='ltr'><strong>invicem,</strong></span> <span class='ocrx_word' id='word_1_284' title='bbox 1007 3981 1085 4042; x_wconf 91' lang='lat' dir='ltr'><strong>sicut</strong></span> <span class='ocrx_word' id='word_1_285' title='bbox 1106 3982 1173 4060; x_wconf 90' lang='lat' dir='ltr'><strong>qui·</strong></span> 
     </span>
     <span class='ocr_line' id='line_1_34' title="bbox 151 4072 1173 4159; baseline 0.009 -26"><span class='ocrx_word' id='word_1_286' title='bbox 151 4072 219 4135; x_wconf 89' lang='lat' dir='ltr'><strong>dam</strong></span> <span class='ocrx_word' id='word_1_287' title='bbox 241 4087 506 4148; x_wconf 86' lang='lat' dir='ltr'><strong>murmuraverunt,</strong></span> <span class='ocrx_word' id='word_1_288' title='bbox 539 4088 568 4140; x_wconf 90' lang='lat' dir='ltr'><strong>et</strong></span> <span class='ocrx_word' id='word_1_289' title='bbox 596 4096 613 4139; x_wconf 90' lang='lat' dir='ltr'><strong>a</strong></span> <span class='ocrx_word' id='word_1_290' title='bbox 640 4078 828 4157; x_wconf 84' lang='lat' dir='ltr'><strong>serpentibus</strong></span> <span class='ocrx_word' id='word_1_291' title='bbox 856 4077 1040 4158; x_wconf 62' lang='lat' dir='ltr'><strong>perierunt?¹</strong></span> <span class='ocrx_word' id='word_1_292' title='bbox 1078 4080 1173 4159; x_wconf 89' lang='lat' dir='ltr'><strong>magis</strong></span> 
     </span>
    </p>
   </div>
   <div class='ocr_carea' id='block_1_3' title="bbox 0 0 1298 4822">
    <p class='ocr_par' dir='ltr' id='par_1_3' title="bbox 0 0 1298 4822">
     <span class='ocr_line' id='line_1_35' title="bbox 0 0 1298 4822; baseline 0 1"><span class='ocrx_word' id='word_1_293' title='bbox 0 0 1298 4822; x_wconf 95' lang='lat' dir='ltr'><strong> </strong></span> 
     </span>
    </p>
   </div>
  </div>
 </body>
</html>
