2586 4822
10 39 1278 336 a

430 833 721 886 aaraiovensioues.
1025 820 1095 885 2³8

61 989 148 1048 llasr.
160 991 209 1056 tu,
222 992 258 1049 la
281 980 479 1064 ὃρμασθῆναι
502 990 595 1046 eadem
618 991 644 1047 in
668 989 866 1064 significatione
887 989 953 1048 tiata
970 1000 1000 1048 st
1014 1009 1037 1047 c.
1052 994 1140 1054 ibtoe

62 1074 186 1133 'lbeclae
207 1066 374 1151 ippuorbv,
395 1074 448 1132 boe
470 1084 513 1132 est
533 1091 675 1149 spontem,
696 1074 824 1149 appellat

155 1165 214 1220 749
230 1158 257 1216 (l.
288 1155 320 1217 ἓν
340 1154 375 1216 δὲ
396 1161 439 1239 τῷ
456 1152 616 1240 Ἕβραῖκῷ
637 1155 726 1236 λέγει]
772 1161 911 1217 latissime
940 1161 983 1217 liic
1011 1161 1089 1220 locus

62 1246 230 1321 expenditur
251 1247 278 1302 in
293 1248 439 1302 Ancorato.
470 1244 598 1302 llebraica
622 1263 671 1302 vox
695 1258 756 1319 περ
775 1247 923 1318 possidere
945 1246 1089 1315 signiilcat.

63 1333 132 1389 lrleo
147 1332 242 1407 Aquila
264 1324 413 1406 intricatio
435 1331 523 1389 vertit.
554 1332 588 1386 At
603 1331 764 1405 exemplaria
780 1331 880 1387 Graeca
896 1331 976 1404 vulgo
993 1325 1089 1389 itam

62 1418 119 1472 iam
141 1426 199 1473 tum
223 1416 296 1481 olim,
320 1425 350 1471 ut
372 1414 508 1489 hodieque
531 1416 698 1490 praeierunt.
742 1417 826 1485 Quam
850 1416 994 1473 lectionem
1017 1417 1090 1473 baud

60 1501 166 1576 probat
188 1501 298 1558 llieron.
322 1500 354 1557 acl
377 1503 416 1558 26
440 1516 498 1574 cap.
522 1501 581 1557 Esa.
605 1504 733 1566 coni.l3,
757 1500 804 1556 ubi
826 1502 864 1557 ait
886 1503 1016 1575 quaedam
1040 1520 1089 1559 ex-

62 1587 195 1661 emplan'a
217 1586 287 1642 male
309 1587 336 1641 in
359 1585 511 1642 Proverbiis
533 1603 583 1659 pro
606 1588 779 1660 possessione
802 1586 903 1643 babere
926 1597 1088 1645 creaturam.

64 1673 167 1729 Verum
195 1671 381 1745 antiquissima
411 1680 454 1726 est
476 1671 640 1728 Graecorum
669 1672 791 1727 corticum
816 1672 858 1727 illa
882 1672 978 1736 lectio,
1007 1689 1088 1748 quam

63 1757 191 1832 plerique
213 1774 308 1814 omnes
331 1756 424 1812 Patres
447 1765 614 1830 agnoscunt,
638 1757 717 1812 etiam
739 1756 791 1819 illi,
822 1757 953 1832 quiante
975 1758 1089 1814 Arianos

64 1846 225 1905 extiterunt.
250 1842 288 1897 uti
312 1841 395 1897 Clem.
418 1840 560 1897 Alexandr.
583 1841 610 1896 in
626 1842 806 1914 Protreptico.
838 1842 956 1915 {gnatius
972 1842 1088 1916 Epistl

64 1927 100 1982 sal
123 1927 280 1983 Tarsenses.
325 1925 507 1983 Tertullianus
529 1925 547 1982 l.
571 1935 658 1982 contr.
682 1925 809 1999 llermog.
833 1943 857 1982 c.
875 1929 909 1990 9,
940 1927 1090 2000 Cyprianus

63 2013 84 2068 l.
102 2014 121 2070 2
145 2012 294 2068 'l'estimon
316 2009 444 2067 adversus
456 2011 571 2067 ludaeos
587 2029 610 2066 c.
623 2014 650 2075 l,
672 2020 703 2066 ut
719 2012 902 2074 Athanasium,
928 2011 1089 2086 Gregorium

63 2097 192 2154 Naziana.
215 2114 246 2153 ac
268 2106 392 2153 caeteros
408 2097 539 2151 omittam.
580 2096 700 2164 Quorum
724 2096 767 2152 alii
790 2096 823 2152 de
846 2105 934 2153 creata
957 2097 1089 2170 sapientia

64 2183 158 2239 locum
186 2182 261 2237 illum
290 2182 440 2255 accipiunt.
470 2180 513 2237 alii
541 2181 574 2236 ail
597 2183 742 2237 increatam
765 2183 896 2237 acierum.
941 2182 1015 2250 Quae
1038 2199 1089 2238 noa

64 2269 211 2323 Sacrarum
239 2267 378 2322 literarum
402 2265 600 2339 lnterpretibns
630 2266 795 2322 enucleanda
823 2267 1011 2340 relinquimus.
1055 2269 1090 2326 At

63 2352 233 2427 Epiphanius
263 2369 359 2407 novam
387 2351 521 2423 qatandam
544 2350 675 2407 Hebraico
705 2351 787 2407 verbo
815 2352 952 2407 notionem
975 2352 1088 2425 altingit,

64 2436 191 2494 utilem
213 2436 249 2492 sit
270 2450 333 2509 περ
356 2445 438 2509 atque
460 2430 621 2492 ἐνόσσειπέ
638 2453 692 2509 με,
715 2437 791 2509 quasi
815 2437 945 2510 scriptam
968 2438 1003 2492 sit
1025 2452 1089 2512 περ

63 2539 81 2577 a
109 2521 264 2596 duplicante
292 2521 361 2577 Aiin.
406 2521 471 2576 llam
498 2536 546 2599 pp
577 2530 618 2577 est
645 2522 806 2595 nidificare,
837 2523 891 2577 sive
919 2524 999 2577 nidos
1022 2539 1089 2578 oost-

62 2615 191 2665 strscre:
215 2607 287 2680 quoii
310 2624 366 2662 non
388 2606 459 2662 itlem
477 2617 518 2663 est
533 2623 564 2663 ac
577 2608 670 2678 foetus
686 2609 843 2670 melsdm,
866 2607 906 2662 vel
920 2608 1089 2678 producere,

63 2702 96 2749 ut
118 2691 267 2748 arbitratur
289 2690 466 2765 Epiphanius.
496 2692 559 2749 ldeo
581 2692 673 2749 nullus
695 2693 758 2748 huic
780 2691 901 2764 argutiae
922 2691 998 2747 loeus
1022 2701 1073 2747 est.

155 2780 211 2834 'lbi
232 2795 256 2832 a.
286 2769 367 2831 ἀλλὰ
388 2767 511 2843 πάντως
532 2772 608 2852 ἐρεῖς
628 2775 694 2849 μοι]
740 2776 909 2832 observanda
934 2778 1000 2833 hacc
1023 2776 1090 2849 Epi·

62 2863 159 2936 pbaaii
181 2862 391 2918 attuariorum
414 2860 519 2918 obiecta
543 2862 694 2934 responsio.
719 2878 780 2917 cum
802 2862 839 2916 ait
861 2853 929 2918 οὔτε
947 2857 1089 2931 θέλοντα,

63 2939 138 3003 οὔτε
159 2941 202 3021 μὴ
227 2941 360 3002 θέλοντα
381 2947 488 3002 Patrem
510 2946 638 3019 genuisse
661 2946 766 3001 Filium.
802 2946 867 3001 Nam
891 2947 1089 3003 vetustissimos

62 3033 163 3088 Patres
191 3032 257 3087 satis
285 3039 393 3087 constat
422 3032 472 3087 bac
493 3032 520 3086 in
542 3040 620 3104 parte
641 3048 696 3086 non
719 3031 777 3086 sine
799 3030 925 3087 cautione
947 3029 1087 3104 legendos,

61 3119 113 3191 qui
136 3132 333 3190 nonnunquam
356 3115 462 3171 Patrem
485 3125 612 3170 asserunt
634 3115 771 3172 voluntate
793 3132 841 3170 sua
865 3114 961 3170 Filium
984 3115 1089 3188 produ·

63 3203 149 3259 aisse.
194 3202 231 3257 lta
254 3202 389 3264 lustinus,
418 3210 553 3272 utsupra
576 3201 746 3263 monuimus,
776 3193 854 3256 κατὰ
876 3195 994 3275 βουλὴν
1013 3192 1092 3257 θεὸν

60 3281 143 3345 ὄντα
168 3278 235 3342 aibr
260 3278 356 3343 αὐτοῦ
383 3285 457 3344 dixit.
503 3285 646 3342 Caeterum
667 3285 835 3359 Augustinus
857 3285 1027 3360 Sopliisticac
1051 3286 1089 3343 illi

60 3374 228 3430 Arianorum
257 3371 417 3428 cavillationi
445 3372 585 3446 ingeniose
613 3387 644 3426 ac
666 3370 803 3427 subtiliter
823 3372 953 3427 occurrit.
998 3372 1088 3430 l'ract.

62 3466 166 3515 contr(
180 3474 263 3512 serm.
285 3456 376 3512 Arian.

155 3544 216 3599 755
232 3543 258 3597 d.
289 3534 354 3597 ἀλλ’
378 3537 456 3617 ἐρεῖς
474 3557 545 3614 μοι·
568 3531 736 3616 amerinae]
782 3541 846 3598 Vide
869 3541 980 3598 Concilii
1002 3542 1091 3616 Aqui-

61 3627 178 3685 leiensis
211 3628 291 3690 Aeta,
325 3624 371 3681 ubi
399 3624 533 3681 Ambrosii
566 3641 649 3699 opera
679 3626 811 3681 Palladius
844 3636 872 3682 et
901 3626 1089 3681 Secundianus

61 3712 158 3770 Ariani
181 3710 306 3784 Episcopi
328 3709 446 3766 damnati
467 3718 547 3774 sunt,
576 3711 622 3783 qui
644 3710 714 3766 inter
736 3720 842 3766 caetera
866 3711 912 3767 liei
935 3711 1019 3765 lilium
1041 3727 1091 3765 re·

62 3815 128 3855 rnm
151 3797 237 3851 licum
260 3795 337 3852 lateri
358 3795 491 3868 compulsi
513 3795 588 3851 miris
611 3794 879 3867 tergiversationibus
901 3794 1023 3850 eludunt

155 3883 216 3939 tua
231 3880 258 3936 tl.
289 3875 315 3936 ai
337 3874 371 3936 δὲ
391 3875 424 3936 ἓν
444 3873 559 3959 κόσμῳ
574 3863 625 3954 ἦν]
655 3879 726 3935 Nova
749 3879 864 3953 quadam
886 3879 990 3935 ratione
1008 3878 1090 3934 loan-

61 3968 107 4024 nis
138 3966 184 4023 rlla
205 3965 287 4022 rerba
309 3964 441 4022 aleclarat:
472 3955 507 4031 ὃς
527 3959 704 4040 ἔμπροσθέν
724 3983 787 4038 μου
807 3957 923 4039 γέγονε,
953 3965 1001 4036 psi
1023 3971 1090 4018 ants

61 4069 109 4108 aare
129 4052 229 4124 sortes
251 4058 306 4116 est,·
328 4059 359 4107 ut
381 4050 516 4124 interpres
538 4058 634 4106 noster
647 4049 772 4113 reddidit.
795 4049 871 4124 quasi
887 4043 1005 4123 γέγονεν
1018 4048 1089 4103 ivlem

62 4136 203 4214 signillcet
229 4153 262 4192 ac
281 4136 386 4207 faisen
415 4135 471 4192 sive
496 4135 648 4209 proiectum
671 4144 717 4190 aut
739 4134 837 4191 alicubi
859 4145 993 4189 versatum
1017 4148 1090 4189 esse.
