2586 4822
176 820 235 890 tit
617 837 741 888 rononu

170 999 327 1054 uirentibus
349 995 476 1050 omuibus
493 1001 635 1066 praestat.
672 992 729 1051 Sed
749 1000 776 1049 et
798 1010 877 1049 omna
898 1009 1007 1068 quoque
1029 1001 1124 1050 terroe
1145 1010 1190 1050 us·

169 1099 232 1138 meu
253 1083 371 1138 uiridem
391 1079 646 1151 berbamsundere
667 1080 746 1136 roiet.
772 1075 953 1136 Assimilatur
973 1081 1014 1136 ud
1033 1078 1105 1135 itaer
1127 1096 1191 1137 rur·

170 1170 233 1233 dio,
262 1170 297 1223 ob
320 1175 468 1229 terrorem,
498 1181 578 1236 quern
606 1163 732 1219 bentibus
753 1165 878 1220 incutere
899 1172 985 1220 notus
1008 1172 1058 1220 est.
1103 1163 1191 1223 Aiunt

170 1270 289 1326 nomque
310 1251 437 1309 sordium
457 1249 528 1320 [eris
550 1250 723 1321 spectrisque
745 1249 897 1305 terribilem
918 1251 1025 1316 sideri,-
1053 1251 1083 1304 oi
1102 1266 1191 1322 proe-

170 1346 255 1402 terea,
279 1354 363 1410 quom
384 1343 489 1390 nutura
511 1335 624 1390 insitam
647 1334 739 1398 babet,
763 1351 852 1405 oepru
871 1352 995 1408 oorpcrro
1013 1351 1122 1391 sonore
1143 1352 1190 1391 ro·

169 1424 256 1478 ditum.
286 1423 377 1484 Sane,
400 1428 430 1474 ut
451 1435 553 1490 mopnn
575 1419 739 1490 Epipbonio
757 1421 867 1491 piacet,
889 1437 947 1476 uon
968 1422 1049 1476 modo
1072 1421 1188 1476 tumori·

169 1510 228 1572 bus,
251 1509 277 1563 si
291 1506 431 1562 commode
446 1504 624 1568 adhibeatur,
646 1505 778 1571 medetur,
795 1518 890 1561 ererum
905 1507 989 1561 etium
1002 1506 1082 1578 ferro
1096 1506 1189 1563 ittam

103 1587 106 1595 '
168 1593 339 1665 uulneribus.
369 1592 462 1663 itaque
484 1588 612 1644 audacter
634 1590 711 1644 ninnis
734 1589 835 1646 ‹tietum
857 1600 924 1663 puto
946 1608 961 1646 a
983 1590 1113 1647 Peitano:
1138 1607 1188 1648 ar·

167 1678 312 1734 similatur
333 1678 371 1732 od
392 1675 461 1729 baec
482 1674 590 1738 sardio,
614 1684 676 1740 etc„
700 1691 761 1729 cum
785 1676 811 1730 in
827 1673 930 1731 Graeco
953 1677 1116 1731 concordio
1132 1691 1186 1733 nita

168 1763 218 1825 sit:
248 1772 275 1818 et
302 1772 395 1819 contra
424 1760 517 1815 Graeci
546 1767 636 1817 textus
663 1759 744 1814 iidem
772 1769 836 1815 sunt
863 1759 922 1816 iiia:
956 1760 1037 1816 oium
1065 1776 1188 1832 nunqua

166 1849 292 1903 sordium
315 1857 367 1904 etc.
408 1846 525 1901 Graecus
554 1845 625 1901 enim
647 1853 737 1900 textus
760 1844 856 1900 inaltet:
879 1841 956 1921 puni
977 1839 1036 1920 γὰρ
1060 1837 1116 1919 τὴν
1136 1838 1187 1902 i‘u·

166 1951 245 1986 onir.
275 1933 312 1987 no
335 1932 423 1988 sardio
448 1940 503 1986 unm
526 1930 642 2003 primum
664 1929 739 2004 ioqui
762 1929 882 1985 Andreas
904 1929 1024 1993 videtur,
1046 1947 1110 1986 oum
1132 1931 1184 1989 aii:

167 2009 245 2089 μετὰ
274 2018 365 2073 τοῦτο
396 2009 429 2070 di
452 2023 504 2071 ete.
549 2015 583 2072 Et
612 2016 634 2071 si
663 2015 724 2088 quis
753 2013 817 2071 velit
839 2023 902 2088 post
924 2015 993 2072 baec
1014 2014 1111 2071 deesse
1133 2015 1186 2073 aii·

167 2101 241 2177 quid,
264 2119 317 2157 nnn
334 2118 436 2175 pugno.
467 2099 666 2155 Emendationis
681 2108 772 2156 autem
788 2100 856 2156 ratio
871 2116 904 2155 en
919 2099 1079 2173 Epiphanio,
1102 2117 1185 2176 quem

166 2187 286 2242 Andreas
309 2203 341 2242 eo
362 2186 414 2242 loci
437 2185 570 2258 sequitur,
593 2185 737 2258 praecipue
759 2194 876 2245 constat.
905 2183 953 2240 iiie
976 2185 1136 2258 neutiquam
1150 2185 1185 2243 de

166 2272 264 2334 saniio,
288 2271 330 2327 cui
353 2271 440 2326 soium
463 2269 574 2326 sanandi
596 2279 623 2326 et
646 2269 754 2342 fugandi
775 2269 843 2326 maia
866 2269 990 2327 virtutem
1007 2269 1112 2336 tribuit,
1136 2270 1185 2328 scd

166 2356 200 2413 de
223 2355 323 2430 iaspide
345 2356 481 2430 praedicat
503 2354 566 2410 ieris
582 2356 750 2429 spectrisque
766 2354 912 2411 terribilem
940 2354 1021 2411 rideri
1043 2355 1184 2413 scribensc

165 2440 263 2505 Hunc,
291 2449 321 2497 ut
344 2443 439 2509 aiunt,
467 2441 515 2513 qui
535 2440 670 2512 sabuloso
690 2441 830 2511 referunt,
854 2441 959 2496 bestiae
980 2441 1012 2496 iu
1033 2456 1105 2511 apro
1126 2457 1185 2497 me-

164 2535 254 2591 tuunt,
277 2528 392 2599 odioque
411 2534 551 2599 portento.
582 2525 712 2594 Quocirca
728 2525 849 2581 Andreae
871 2540 957 2589 mens,
980 2526 1054 2600 quod
1077 2535 1187 2599 speetu

164 2613 197 2666 nd
220 2613 457 2686 comparationem,
481 2628 532 2686 qna
556 2613 643 2666 utitur
663 2609 804 2683 apostolus
827 2610 950 2674 ioannes,
974 2627 1003 2666 en
1026 2627 1089 2666 esse
1108 2610 1187 2669 vide-

165 2706 222 2752 tnr:
247 2698 374 2770 iaspidem
399 2707 453 2752 tum
478 2706 598 2759 naturae,
622 2705 678 2751 tum
702 2695 839 2768 potentiae
862 2705 888 2751 ei
912 2695 1038 2759 iustitiae,
1063 2695 1184 2753 sardium

163 2799 226 2837 uero
254 2783 453 2839 misericordiae
477 2781 521 2838 Dei
551 2797 611 2837 esse
639 2779 800 2853 symbolum,
830 2780 877 2854 qui
905 2797 1014 2853 semper
1034 2779 1105 2837 idem
1130 2793 1181 2843 est.

163 2867 208 2938 qui
239 2867 345 2922 fortiter
372 2870 543 2939 suaviterque
566 2866 653 2920 omnia
678 2865 811 2938 disponit,
841 2874 869 2921 et
892 2864 955 2920 iram
979 2865 1050 2921 sieut
1072 2866 1216 2923 miseri--··

163 2950 279 3005 cordiani
303 2950 424 3005 eiiiindit.

248 3035 332 3090 Porro
356 3035 428 3107 quod
451 3035 484 3090 de
502 3035 712 3090 Commentariis
734 3035 857 3090 Andreae
873 3034 997 3099 diximus,
1021 3052 1073 3108 pro
1087 3052 1184 3093 emen-

163 3118 271 3175 datione
294 3120 373 3175 etiam
398 3119 664 3175 Commentariorum
686 3120 803 3176 Arethae
824 3121 912 3176 iacere
935 3119 1069 3183 volumus.
1092 3120 1129 3178 ita
1152 3131 1183 3178 nt

162 3205 417 3270 animadvertamus,
447 3214 494 3261 aut
522 3221 616 3261 eorum
640 3205 771 3261 Graecum
794 3214 896 3261 tentum
920 3221 980 3261 oum
1003 3205 1096 3263 muna
1119 3223 1181 3263 rer-

162 3289 238 3345 sioue
261 3307 321 3345 esse
344 3289 554 3354 reformandum,
577 3298 625 3345 aut
647 3290 783 3351 Aretiiam,
806 3307 876 3364 quae
893 3290 1059 3363 Epiphanius
1081 3290 1181 3348 distin·

162 3374 230 3446 gnit.
253 3373 430 3448 Epiphaniam
453 3375 516 3433 dum
539 3375 638 3434 laudat.
663 3376 779 3448 turpiter
801 3375 964 3431 confudisse.

625 3545 651 3616 s.
675 3543 717 3599 n.

69 3665 73 3677 '
110 3658 329 3732 xtrProcopium
353 3657 498 3716 Gazoeum
519 3678 555 3717 en
576 3662 648 3717 libro
671 3660 829 3735 Epiphanii
846 3660 883 3717 De
899 3660 942 3717 Ati
958 3660 1081 3734 gemmis,
1106 3678 1180 3735 quoe

160 3747 194 3802 de
222 3745 361 3801 montibus
386 3743 513 3801 Gerizim
542 3755 567 3801 et
591 3745 683 3803 Gebui
703 3754 838 3803 memorat
860 3746 1057 3818 descripsisse:
1090 3746 1180 3805 Eitea·

198 3829 322 3905 pbnnern
344 3838 437 3887 autem
460 3830 630 3897 Cerameum,
654 3840 850 3905 praenarret
872 3832 906 3887 de
927 3830 1129 3889 Samaritanis.

243 3964 297 4022 Sed
318 3974 350 4022 ut
372 3964 443 4030 illuc,
467 3966 538 4022 unde
561 3965 632 4022 hand
655 3975 767 4041 temere,
781 3966 970 4032 discessimus,
994 3977 1179 4026 revertamur:

158 4051 241 4124 igitur
261 4050 456 4124 Hieronymus,
480 4051 621 4107 Facundus
645 4050 861 4116 Hermionensis.
882 4052 1041 4109 Anastasius
1064 4052 1178 4117 Sinite.

157 4136 277 4192 Andreas
300 4145 328 4193 et
349 4136 463 4193 Arethas
485 4135 681 4193 Gaesareensea
704 4136 917 4212 archiepiscopi,
944 4136 962 4194 ii
984 4152 1080 4196 onnes
1102 4146 1181 4211 suan
