2586 4822
541 256 579 307 ᾖ·

157 737 217 798 104
610 751 724 801 rurum

155 899 266 982 Σωτὴρ
293 898 382 979 ἡμῶν
408 899 459 961 καὶ
487 895 589 982 σάρκα
619 901 669 961 καὶ
699 892 776 978 αἷμα
807 897 883 980 ὑπὲρ
912 899 1069 982 σωτηρίας
1090 898 1181 980 ἡμῶν

155 983 255 1065 ἴσχεν,
284 983 365 1047 οὕτω
393 986 443 1046 καὶ
466 984 521 1065 τὴν
543 983 579 1045 δι’
605 983 696 1091 ειξγῆς
717 985 808 1065 λόγου
831 992 887 1046 τοῦ
909 983 979 1065 παρ’
1005 982 1105 1047 αὐτοῦ
1127 983 1178 1047 εὖ·

149 1074 396 1151 χαριστηθεῖσαν
417 1069 546 1151 τροφὴν,
570 1071 601 1143 ἐξ
621 1093 658 1148 ης
680 1064 757 1148 αἷμα
780 1070 829 1130 καὶ
854 1067 965 1151 σάρκες
984 1069 1065 1133 κατὰ
1079 1095 1177 1148 μετα-

152 1152 249 1235 βολὴν
271 1156 434 1239 τρέφονται
456 1153 554 1234 ἡμῶν,
578 1156 690 1216 ἐκείνου
708 1162 764 1216 τοῦ
779 1155 1063 1237 σαρκοποιηθὲντος
1075 1153 1177 1236 Ἰησοῦ

154 1240 204 1301 καὶ
227 1240 328 1321 σάρκα
350 1241 399 1300 καὶ
423 1233 500 1317 αἷμα
522 1239 732 1319 ἐδιδάχθημεν
753 1234 837 1302 εἶναι.
879 1247 922 1302 Sic
944 1246 1026 1319 paulo
1045 1257 1109 1319 post
1123 1237 1176 1303 eri·

147 1334 307 1407 χαριστεῖν
327 1324 363 1387 τὸ
385 1325 532 1406 ποτήριον
554 1332 716 1386 benedicere
734 1334 847 1403 poculo,
872 1331 943 1404 quoti
960 1332 1031 1387 idem
1049 1342 1091 1388 est
1107 1351 1176 1389 cou-

153 1433 269 1472 secrure.
310 1416 375 1470 Nam
397 1415 465 1471 idern
483 1425 524 1470 cst
539 1416 610 1488 apud
625 1416 758 1490 Evangelii
775 1417 927 1489 Scriptores
943 1408 1080 1491 εὐλογεῖν
1100 1417 1173 1492 quot

153 1492 350 1574 εὐχαριστεῖν.
380 1500 417 1555 De
440 1518 494 1572 quo
518 1501 623 1556 erudite
645 1501 761 1557 Maldon.
785 1511 879 1557 noster
901 1500 933 1557 ud
957 1501 1019 1557 unt.
1038 1504 1088 1559 26.

239 1586 341 1643 23511.
372 1575 493 1641 ἅπαντα
514 1579 567 1641 τὸν
583 1577 697 1662 χρόνον
717 1581 991 1662 ἐξομολογουμένη]
1021 1587 1106 1643 Vetus
1128 1588 1174 1643 ln·

154 1679 274 1743 terprcs:
300 1668 385 1726 Omne
408 1678 513 1742 tempus
536 1672 566 1726 in
588 1672 794 1743 coitoniolopeai
817 1674 1028 1727 contorumooit.
1059 1673 1107 1730 Est
1124 1692 1173 1729 au-

154 1764 208 1812 tem
237 1756 455 1829 exhomologesis
483 1757 535 1812 hoe
564 1756 671 1828 quidem
701 1756 760 1812 ioco
783 1774 838 1812 non
861 1758 918 1829 ipsa
941 1767 1048 1814 tantum
1071 1760 1172 1831 pcccati

153 1841 296 1905 consessio,
321 1859 389 1914 quac
413 1850 454 1895 cst
469 1842 651 1912 poenitentiae
667 1860 737 1913 pars,
762 1843 809 1897 secl
825 1843 990 1915 poenitentia
1006 1843 1081 1915 ipsa,
1104 1861 1172 1916 qua-

153 1934 232 1981 tenus
255 1936 282 1982 et
298 1926 500 1981 Confessiunem
524 1935 551 1981 ct
574 1926 712 1983 luctuosus
736 1928 931 2000 poenitentium
955 1928 1052 1983 sordes
1068 1938 1096 1984 et
1110 1946 1172 1985 eac-

152 2019 208 2066 tcra
232 2013 363 2066 moeroris
387 2028 417 2065 uc
439 2003 648 2077 ταπεινώσεως
669 2012 766 2067 indicia
788 2012 992 2084 complectitur,
1017 2014 1052 2069 de
1075 2013 1171 2087 quihus

152 2095 257 2151 dicetur
278 2096 311 2149 ml
333 2095 471 2151 Noratiau.
495 2095 633 2151 lineresiu.

237 2182 297 2236 236
314 2196 337 2234 c.
367 2176 399 2234 ἐν
421 2181 484 2245 τοῖς
506 2173 579 2234 καθ’
601 2173 684 2256 ἡμᾶς
712 2175 836 2253 κλίμασι
866 2183 919 2254 τῆς
936 2173 1168 2257 Ῥοδανοτσίας]

150 2264 273 2319 Rhodani
303 2273 417 2320 tractum
440 2265 638 2320 Rhodanusiam
668 2275 753 2321 vocat.
800 2266 833 2322 Ut
862 2276 888 2321 ct
910 2267 937 2321 in
962 2265 1021 2321 Vct.
1047 2269 1167 2341 luscript.

150 2349 308 2405 itiodeuiei
331 2349 452 2405 Rhodani
475 2350 581 2406 accolae
606 2352 788 2407 nominantur.
834 2351 992 2424 Quanquam
1016 2352 1167 2425 Stephanus

146 2426 366 2491 Ῥοδανουσιάν
382 2434 480 2490 [libem
497 2453 557 2491 csse
572 2436 643 2493 dicat
657 2433 688 2492 ἐν
703 2431 886 2516 Μασσαλίᾳ.
909 2435 968 2491 Huc
983 2454 1050 2493 vero
1063 2438 1165 2495 ilierou.

149 2518 227 2575 locus
249 2521 368 2593 pertinet
391 2522 423 2576 mi
447 2520 505 2576 esa.
529 2540 553 2576 c.
573 2525 626 2585 64,
651 2538 731 2596 quem
755 2529 782 2575 et
805 2521 906 2576 Fronto
929 2521 1056 2577 Ducaeus
1081 2533 1166 2579 uester

149 2605 182 2658 ad
205 2605 277 2661 hunc
300 2605 389 2661 locum
413 2605 552 2669 observat,
578 2606 623 2661 uin
647 2606 789 2662 Gnosticos
813 2607 862 2669 eit,
890 2623 944 2677 per
966 2605 1099 2663 Marcum
1120 2609 1165 2663 te

148 2692 272 2761 ppptium
296 2689 458 2746 Galliarum
482 2692 605 2762 pomoni
628 2693 705 2746 circo
729 2690 908 2754 iiiiodonum,
938 2692 1040 2746 deinde
1064 2695 1165 2765 Hispo·

148 2776 261 2829 reiorum
282 2777 390 2832 nobiles
412 2776 551 2847 pecorinus
574 2779 723 2849 decepisse,
747 2777 893 2830 miscentes
914 2777 1022 2846 {obuiis
1039 2781 1163 2851 eoiupto·

147 2866 201 2913 tem
222 2869 248 2914 et
269 2862 429 2932 imperitiae
450 2878 520 2916 suae
541 2879 642 2916 nornen
663 2861 799 2916 scientiae
821 2862 1006 2916 condicentes.

231 2936 331 3023 ἡσυχῇ
354 2941 389 3000 cie'
409 2964 474 3012 τινος
495 2936 623 3012 ἑαυτοὺς
645 2938 858 3020 ἀπηλπικυΐατ]
896 2946 977 3000 Plana
1008 2957 1037 3002 et
1067 2949 1163 3020 integra

147 3027 238 3094 lectio,
262 3047 352 3103 neque
374 3031 517 3105 quicquam
539 3032 701 3095 arridentium,
725 3031 831 3088 tametsi
855 3032 962 3104 quitiam
978 3031 1094 3088 verbum
1105 3051 1159 3106 χεν

148 3108 262 3189 ρι’ζουσι
286 3116 432 3170 desiderari
455 3124 542 3187 putet.

106 3205 135 3255 72
232 3188 330 3268 οὕτως
351 3190 487 3274 Μάρκος
507 3191 642 3274 μήτραν]
677 3199 713 3254 De
737 3200 884 3256 Coiorbaso
908 3200 1021 3256 Tertuii.
1047 3201 1162 3258 meminit

146 3280 164 3335 l.
188 3282 221 3337 de
245 3283 405 3356 Praescript.
430 3288 516 3340 coo.
563 3286 636 3352 Quae
666 3294 820 3357 sequuntur
841 3285 920 3340 Marci
943 3287 1066 3349 somnia,
1097 3285 1162 3359 quod

146 3383 199 3421 uon
230 3369 317 3423 miuus
348 3368 472 3440 perplexa
501 3380 528 3426 et
557 3371 680 3426 intricata
708 3387 787 3444 quam
811 3370 907 3425 stolida
936 3370 1083 3444 inaniaque
1106 3372 1163 3433 sint,

145 3452 171 3506 in
204 3453 236 3507 iis
271 3454 435 3509 excutiendis
470 3464 577 3528 tempus
611 3471 776 3528 operamque
810 3471 972 3510 consumere
1003 3472 1163 3529 supervaca-

145 3554 225 3592 neum
248 3537 320 3594 duxi.

231 3623 334 3680 2391».
365 3616 436 3701 παρ’
460 3616 536 3701 αὐτῇ
559 3619 608 3677 καὶ
633 3614 759 3697 σιωπήν]
785 3626 856 3697 Lego
880 3641 940 3679 cum
957 3623 1034 3680 Biliio
1059 3644 1093 3681 ex
1108 3626 1161 3681 Vct.

144 3708 295 3780 lutcrprcte
317 3705 491 3783 παραυτίκα
513 3710 675 3783 σαυτιῆσατ.

230 3794 289 3850 239
306 3794 331 3848 t.
362 3789 464 3867 inercie>
493 3796 546 3850 τοῦ
575 3787 813 3869 ὑστερήσαντος]
851 3795 989 3865 Interprcs
1019 3795 1092 3851 iren.
1120 3794 1164 3850 Ex

142 3878 245 3935 minori
272 3887 364 3933 autem
392 3880 598 3950 computatione
625 3879 674 3950 qui
703 3887 764 3934 crot
786 3881 863 3950 opud
884 3877 999 3933 Patrem
1022 3881 1164 3935 descendit

143 3965 259 4018 conserte
280 3964 348 4019 iiior
371 3966 444 4018 eride
460 3965 556 4034 fueret
570 3972 729 4036 reperetur,
754 3972 804 4018 eto.
835 3963 870 4018 Ex
886 3962 986 4037 quibus
1005 3974 1081 4022 recte
1098 3982 1164 4022 cou-

142 4048 249 4107 iiciohat
277 4047 367 4105 Billius
395 4048 448 4121 leg.
478 4045 510 4104 ἐκ
539 4042 572 4104 ot
600 4049 654 4105 τοῦ
677 4040 910 4122 ὑστερήσαντος.
955 4051 1039 4112 Curti,
1065 4051 1164 4124 inquit.
