2586 4822
118 746 178 818 att
521 808 525 816 ,
570 761 683 813 rerum
790 802 799 822 ,

115 917 157 977 ad«
171 934 194 977 et
212 919 232 976 ἃ
253 919 335 975 tosa
357 917 393 975 ita
416 917 525 980 statuit.
551 916 634 973 osum
658 915 683 971 iu
706 915 772 972 iilud
795 916 926 973 dunnxat
942 927 1056 990 tempus
1070 917 1142 973 ceie-

116 1003 218 1061 bratnh
239 1002 446 1076 praescripsisse
468 1001 607 1065 sacrificia,
634 1016 688 1073 quo
712 1001 872 1072 promissam
896 1010 999 1057 terram
1023 1018 1142 1076 oocupa-

115 1098 186 1153 reut‚
209 1088 259 1151 ¹sed
281 1088 341 1146 ilios
363 1105 414 1145 nec
437 1085 601 1161 postulante,
625 1102 675 1143 nec
698 1085 893 1149 carantanos,
918 1086 947 1142 iu
971 1087 1085 1144 deserto
1099 1088 1142 1143 oi-

115 1173 427 1233 hitomiuusobtulisse.

202 1261 261 1317 360
279 1258 304 1313 d.
334 1249 537 1334 μιταλλεύσῃ]
568 1256 630 1311 For.
653 1249 837 1332 μεταλλάξῃ.

203 1344 262 1403 362
278 1342 305 1398 b.
329 1335 426 1416 Ἔλεγ.
443 1335 480 1416 12!
502 1336 551 1397 καὶ
575 1334 634 1397 κα’.
659 1336 712 1395 ἵνα
739 1333 792 1395 τὸν
818 1334 1015 1415 Ἐπιμενίδην
1044 1337 1138 1420 δείξῃ]

115 1427 229 1486 Mithrae
251 1427 424 1485 Sacerdotem
448 1428 521 1482 huuc
543 1426 624 1482 tuisse
647 1425 740 1482 scribit
763 1425 946 1508 Epiphanius,
971 1427 1047 1499 quud
1070 1425 1140 1501 apud

117 1513 261 1569 Cretenses
283 1511 384 1567 idolum
408 1511 497 1569 interit.
530 1511 607 1581 Quod
630 1510 701 1584 apud
724 1509 805 1566 atium
829 1528 884 1566 nou
906 1512 1019 1567 memini
1039 1513 1138 1585 teges.

115 1612 205 1670 neque
227 1613 320 1653 verum
343 1595 469 1653 urititror.
512 1596 549 1651 oe
571 1595 711 1652 Proverbii
733 1595 805 1652 iliius
821 1596 927 1668 origiue
951 1593 1075 1673 Κρῆτες
1095 1590 1139 1653 ιἰὶ

20 1723 26 1732 ·
114 1683 259 1756 ψεῦσται,
281 1681 339 1738 uide
354 1682 481 1737 Plautium
503 1681 534 1736 N.
556 1684 613 1738 teu
635 1699 662 1754 p.
681 1682 752 1738 249.

202 1769 262 1825 374
279 1783 303 1823 a.
333 1762 503 1842 aponiano
526 1760 560 1821 aa*
581 1762 613 1822 ἐν
636 1767 677 1843 τῷ
700 1760 780 1844 ἰδίῳ]
813 1764 849 1821 De
872 1765 996 1838 Epistola
1019 1767 1053 1823 ad
1069 1768 1137 1823 iao·

116 1850 240 1909 diceuses
261 1861 386 1921 accurata
409 1855 527 1924 disputat
550 1851 646 1907 [taron.
669 1854 700 1906 Α.
718 1852 767 1907 60.

291 2072 334 2124 ΑΙ]
359 2069 524 2124 ttuEtttJStu'
546 2070 623 2124 XLIV
644 2069 957 2125 APPELLEIANORL'M.

203 2190 261 2245 380
279 2204 302 2242 a.
333 2188 370 2242 [ie
393 2188 485 2261 Apelle
515 2189 637 2244 meiniuit
666 2191 737 2244 inter
766 2189 833 2244 aiios
857 2189 990 2244 Pacianus
1013 2189 1131 2262 Epistt.

117 2272 197 2327 Citius
221 2281 248 2327 et
270 2272 446 2345 comigendns
469 2273 560 2337 locus,
591 2274 618 2329 iu
642 2290 697 2347 quo
720 2273 889 2329 Marcionitas
912 2274 1128 2346 Apollinariaeos.

117 2355 300 2433 Cataphrygas
315 2367 343 2414 et
358 2359 516 2414 Novatiauns
533 2369 667 2415 recenset.
699 2359 763 2432 Leg.
780 2358 972 2432 uppetteianos
989 2378 1040 2434 pro
1056 2359 1129 2432 ipoi·

115 2441 250 2498 linarieos

202 2530 262 2586 380
279 2527 305 2584 d.
336 2517 447 2608 ἑαυτῷ]
471 2529 535 2602 Leg.
559 2519 678 2602 ἑαυτήν.

318 2732 362 2788 ΑΙ)
385 2731 551 2788 Hususstu
574 2730 639 2787 XLV
662 2730 930 2787 suvuutuuuuttt.

115 2901 145 2991 Ι,
202 2854 261 2911 390
277 2869 301 2906 a.
339 2843 418 2907 ἀλλὰ
446 2846 497 2907 καὶ
525 2843 554 2907 οἱ
581 2843 758 2923 ἀπόστολοι]
802 2850 889 2907 Locus
920 2859 994 2908 extat
1022 2853 1048 2907 in
1077 2851 1122 2907 ct

128 2941 163 2992 .l
191 2937 305 2993 Constit.

332 3089 375 3143 ΑΙ)
399 3088 565 3143 triensem
588 3087 664 3143 XLVI
688 3086 914 3144 tartaronum,

201 3206 256 3263 391
277 3222 301 3263 a.
332 3208 375 3282 τῷ
397 3199 458 3262 atat
472 3203 674 3281 Σαμαρειτῶν
696 3203 738 3272 εἰς
751 3201 887 3281 Χριστὸν
908 3201 1127 3280 πεπιστευκότι]

114 3287 234 3358 Scaliger
248 3289 282 3343 ad
296 3289 404 3345 Euseiiii
422 3291 522 3348 Chaon.
539 3296 569 3348 Α.
585 3294 676 3349 2157.
706 3292 802 3356 limat,
825 3292 922 3365 iuquit.
945 3292 1129 3366 Epiphaniae,

114 3373 163 3446 pati
190 3389 209 3428 o
230 3372 382 3431 Somanitis
411 3378 449 3430 ad
479 3376 654 3432 Christianos
683 3377 821 3432 lustinum
850 3378 1000 3433 transiisse
1028 3378 1130 3435 amitit.

115 3456 194 3513 Certe
216 3460 289 3513 enim
309 3459 466 3516 Samarites
490 3479 546 3517 nont
567 3471 642 3526 orat,
665 3464 714 3518 sed
735 3461 942 3518 samariensis:
973 3479 1131 3537 paneam

113 3550 140 3597 et
157 3542 314 3605 Samarites
336 3546 425 3606 domo,
450 3562 505 3599 noa
527 3547 663 3616 reiipione
686 3547 742 3601 dici
761 3555 862 3618 potest.
895 3547 1025 3604 &ossam
1049 3548 1130 3611 affert.

113 3627 185 3700 quand
208 3628 437 3684 Samaritanorum
461 3629 619 3701 religionem
642 3632 750 3687 minime
772 3632 808 3688 sit
828 3640 950 3697 secutus,
977 3635 1028 3690 sed
1052 3634 1132 3691 Grae-

112 3727 206 3767 corum
228 3714 418 3785 superstitioni
440 3713 596 3771 inhaeserit.
626 3717 688 3772 ideo
712 3733 766 3772 iton
789 3734 851 3773 vere
866 3716 901 3773 de
916 3734 949 3773 eo
965 3718 1021 3775 diei
1034 3718 1131 3794 potuit,

112 3787 172 3851 ἀπὸ
194 3792 397 3874 Σαμαρειτῶν
419 3795 461 3865 εἰς
482 3794 619 3874 Χριστὸν
640 3796 881 3871 πεπιστευκέναι,
910 3802 960 3858 sed
986 3796 1045 3880 ἀφ’
1065 3795 1133 3860 ‘et-

111 3875 218 3955 λήνων.
261 3882 316 3940 Sed
338 3885 361 3940 si
383 3879 578 3960 Σαμαρείτης
601 3885 696 3949 atomo,
720 3903 775 3943 non
798 3887 945 3960 religione,
968 3887 1023 3944 dici
1045 3888 1133 3963 potuit

112 3964 245 4032 lustinus,
274 3984 324 4025 eur
352 3987 407 4026 non
437 3962 497 4025 ἀπὸ
520 3965 722 4043 Σαμαρειτῶν
749 3971 910 4028 credidisse.
926 3972 979 4029 dici
1000 3974 1132 4047 potuerit,

105 4065 168 4108 -aou
188 4052 275 4121 vidue,
297 4053 350 4111 hoc
372 4063 416 4113 est
437 4072 452 4113 e
474 4055 706 4135 Samaritanorum
726 4056 829 4130 populo
850 4073 883 4112 ac
904 4056 1023 4116 ciuitate.
