2586 4822
181 796 242 860 tot
625 812 749 863 coccini

182 969 273 1023 sciens
301 970 366 1040 puio
388 971 460 1025 sient
481 971 556 1043 filins
578 970 750 1042 requiescere
771 985 814 1023 me
835 968 908 1040 sacis
927 975 1051 1039 patrem,
1082 974 1108 1022 et
1129 966 1186 1021 sici

179 1071 284 1126 praeeo
306 1054 434 1110 cecitatis
455 1056 679 1128 superlaetificas
700 1071 752 1109 me.
781 1053 819 1108 m
840 1054 912 1108 nihil
928 1054 1081 1107 contendas
1096 1053 1186 1107 adeer

180 1154 228 1193 sne
249 1137 414 1203 haereticos,
436 1141 486 1195 sed
507 1141 619 1195 sidentia
640 1139 836 1195 verbositatem
852 1139 964 1193 itionum
978 1154 1094 1209 supera,
1118 1152 1186 1193 matt

111 1224 326 1279 xistieuetndtne
346 1224 492 1280 maiitiam.
523 1224 570 1281 Sic
592 1226 665 1279 enim
686 1241 776 1279 senno
799 1232 862 1278 toas
883 1223 944 1277 cate
966 1220 1124 1289 conditus¹t
1146 1220 1186 1277 ita

180 1310 253 1365 tecit
279 1310 418 1380 pratiam,
445 1310 490 1365 itti
519 1318 612 1364 antem
634 1311 713 1382 apnd
734 1310 854 1363 onmium
878 1309 1076 1362 conscientiam
1099 1306 1186 1379 cnipa

179 1396 291 1449 contar.
321 1393 458 1451 hactenus
473 1394 650 1450 Athanasius:
674 1403 702 1449 et
723 1410 803 1468 quein
826 1393 970 1465 insigniter
984 1392 1124 1465 pnnechno
1140 1392 1186 1449 eiu

179 1479 283 1535 utonito
305 1478 450 1552 superandi
472 1479 671 1535 haeretieorum
692 1479 818 1535 iustitiam
835 1477 1051 1542 mansuetudine,
1074 1476 1185 1535 verbosi

181 1573 262 1619 tatem
286 1563 403 1629 silentio,
426 1564 560 1620 thodorus
584 1581 650 1619 usus
672 1564 763 1625 suerit,
787 1563 1129 1636 exhuhinocectepatet,
1151 1578 1186 1639 qu

178 1649 331 1704 modestiae
353 1646 460 1705 leude
453 1649 586 1723 insignem
608 1666 671 1705 eum
693 1649 776 1704 tuisse
798 1648 943 1721 praedicnt

266 1733 413 1790 Senserunt
442 1751 504 1808 enge
534 1734 679 1790 Diodorum
708 1734 770 1807 Tyri
799 1734 999 1789 venerationem
1028 1741 1056 1788 et
1084 1731 1186 1789 entium

181 1818 227 1893 qui
249 1819 423 1875 Athanasium
447 1828 612 1894 exceperunt
627 1796 796 1876 Alexandrini
819 1818 1025 1891 archiepiscopi,
1049 1817 1150 1873 Petrus
1172 1832 1186 1875 e

180 1903 349 1960 Timotheus.
393 1905 490 1960 Petrus
513 1904 663 1979 episeopis,
687 1903 853 1977 preshyteris
875 1913 903 1959 ct
923 1902 1044 1959 diaconis
1065 1919 1116 1975 pro
1137 1918 1186 1959 vet·

180 1987 232 2043 hdo
260 1988 431 2045 exulantibus
463 1990 601 2045 scribens:
629 1989 863 2045 Consiliatoribns
883 1989 970 2058 ipitar
990 1989 1078 2052 nobis,
1102 1986 1186 2061 iuquit

180 2074 211 2127 in
238 2072 283 2128 his
312 2089 385 2145 qnae
411 2075 573 2139 incurrant,
601 2084 680 2141 ator;
711 2084 736 2129 et
759 2075 826 2145 qnid
848 2081 955 2147 oport-et
976 2090 1019 2127 ine
1040 2072 1186 2143 facerest'

180 2173 290 2228 semper
309 2160 517 2230 perturbatum,
545 2159 686 2213 Timotheo
709 2160 874 2230 diffamatae
895 2175 925 2213 se
948 2160 1108 2230 episcopam
1130 2172 1186 2213 cest

180 2248 212 2295 at
236 2258 290 2314 per
317 2242 369 2298 hoc
391 2244 571 2318 confidentins
594 2244 711 2307 inin-ret,
741 2252 767 2298 et
786 2251 923 2316 paternas
946 2246 1019 2314 depes
1041 2243 1183 2315 infrinpat

186 2326 279 2382 i'oiait
307 2328 381 2383 enim
407 2345 451 2383 me
478 2328 733 2394 anathematizare,
761 2337 787 2384 et
810 2329 946 2384 Basiliam
971 2328 1146 2392 Caesareae,
1176 2344 1186 2383 t

182 2411 341 2477 Paetinam,
365 2423 391 2468 ct
412 2413 612 2487 Epiphaniam,
635 2422 662 2470 et
684 2414 835 2470 Diodorum
859 2415 1012 2487 episcopos,
1035 2422 1060 2467 et
1081 2414 1138 2468 coti
1157 2410 1186 2469 m

182 2498 234 2552 tati
255 2499 467 2555 commnmcare.
498 2499 552 2556 Sed
574 2498 754 2573 pulcherrime
777 2508 818 2555 cst
834 2500 867 2555 ad
882 2517 944 2555 cum
960 2500 1048 2572 ipsum
1063 2496 1126 2553 date
1141 2496 1186 2571 epi

181 2582 251 2638 stole
273 2582 416 2649 Timothei,
440 2584 486 2640 uhi
508 2600 569 2641 cum
592 2601 646 2640 uon
669 2584 757 2640 solum
779 2584 831 2640 fide
854 2583 951 2643 clerus.
979 2582 1027 2638 sed
1050 2583 1131 2638 etiem
1154 2597 1186 2639 se

181 2668 295 2733 cumnis,
318 2685 385 2743 quas
408 2686 458 2743 pro
474 2669 581 2725 Christo
604 2687 701 2743 pessus
723 2678 790 2733 eset,
813 2668 910 2724 heatus
933 2669 1045 2731 dicmur,
1069 2668 1186 2725 tentatio

180 2769 246 2806 nnm
269 2755 470 2810 meminerimus
492 2763 617 2829 oportet,
645 2753 745 2829 quibus
767 2753 899 2827 probatus
921 2753 1020 2810 dicitur
1041 2769 1055 2807 a
1079 2751 1186 2809 Rttffiuo

182 2845 210 2891 et
231 2837 353 2902 iniuriae,
377 2856 428 2912 qus
452 2838 563 2896 auectus
586 2839 687 2903 iuerat,
711 2838 763 2895 aiio
786 2838 848 2913 Tyri
871 2839 999 2911 episcopo
1021 2846 1116 2893 contra
1138 2854 1186 2893 eut

181 2918 263 2984 Tecto,
286 2923 332 2994 qui
354 2922 483 2979 eiicietii
505 2922 627 2996 pertibus
649 2933 744 2980 steret.
774 2922 810 2979 Ee
834 2932 875 2979 est
890 2922 967 2979 telis:
989 2922 1186 2979 Domitianum

181 3012 207 3059 et
228 3008 405 3061 sanctissimo
427 3008 573 3080 episcopo,
602 3017 628 3063 et
656 3010 850 3064 consacerdoti
871 3007 1010 3072 Diodoro,
1043 3006 1186 3063 Timotheo

180 3090 213 3144 in
235 3088 344 3146 Christo
366 3094 493 3147 satutem.
530 3092 660 3149 Vis-tutem
682 3101 772 3158 tuam,
796 3102 822 3149 et
842 3095 918 3149 citae
938 3093 1155 3165 perfectionem,
1177 3112 1186 3149 t

180 3175 272 3229 zetum
293 3185 387 3231 rectae
408 3186 434 3232 et
455 3179 628 3249 apostoticae
650 3187 715 3233 tuae
735 3181 801 3252 fidei
811 3196 867 3251 pro
881 3180 1016 3248 dipnitate
1029 3179 1186 3250 praedicar

180 3275 358 3331 nequaqnam
384 3270 497 3333 potero,
526 3264 636 3318 etiamsi
664 3265 778 3318 nimiam
806 3281 1015 3336 properantem,-
1044 3281 1100 3317 non
1128 3264 1186 3319 onii

180 3353 340 3416 aequantur
359 3364 500 3402 sermones
523 3356 548 3402 et
569 3365 624 3403 res.
661 3348 739 3404 i'nhis
762 3366 798 3404 ec
819 3357 894 3404 certo
915 3351 1047 3403 donatum
1069 3356 1119 3411 est,
1143 3362 1186 3403 not

179 3429 270 3483 soinm
291 3433 405 3486 credere
426 3434 457 3488 in
480 3432 617 3488 Christum
640 3433 739 3497 Iesum,
762 3436 812 3488 sed
833 3436 917 3488 etiam
937 3451 990 3505 pro
1012 3434 1074 3505 ipso
1095 3428 1186 3504 ψαῦ’]

181 3512 266 3569 Hanc
287 3524 362 3571 tuom
384 3526 490 3572 rectam
512 3526 536 3572 et
559 3519 669 3573 beatam
691 3520 769 3574 circa
789 3518 879 3573 Deum
900 3520 1083 3582 commutem,
1107 3525 1134 3571 et
1156 3518 1186 3573 in

181 3599 376 3656 declinabitem
397 3604 475 3657 circa
495 3604 609 3674 pietatis
630 3605 789 3674 mysterium
812 3604 1009 3658 conscientiam
1031 3604 1098 3657 oiim
1119 3602 1186 3659 cohi

180 3684 287 3749 inesse,
317 3694 344 3740 et
371 3688 483 3742 diuinas
509 3704 588 3759 papa
609 3697 705 3743 noster
726 3689 898 3743 Athanasius
921 3695 1066 3744 attestatus
1089 3696 1132 3743 est
1152 3704 1186 3743 ne

180 3776 257 3824 strae
278 3771 466 3841 redipiocitati,
489 3780 516 3827 et
537 3789 588 3827 noc
609 3789 675 3828 snos
690 3774 843 3845 disciputus
859 3775 977 3829 adducit
992 3775 1031 3828 cd
1046 3773 1186 3828 oenandae

179 3863 258 3910 taam
275 3856 484 3929 perfectionem,
508 3866 534 3912 et
555 3874 639 3911 orare
660 3875 679 3912 a
695 3857 753 3912 lieo
774 3860 805 3913 in
825 3862 927 3914 inuitos
942 3875 1082 3913 annornm
1096 3858 1186 3913 circui

177 3946 223 3993 tos
235 3942 420 4013 praecessori
434 3948 556 3997 cestram
570 3944 657 3997 eitam
671 3945 710 3997 od
721 3944 869 3999 ntiiitatem
879 3943 1071 3999 Ecclesiarnm
1085 3942 1186 3998 Christe

265 4120 303 4187 tt)
321 4124 372 4175 cn.
392 4125 429 4188 iv,
441 4126 464 4175 o.
571 4126 597 4176 ni
616 4126 716 4189 cutiens.
736 4127 753 4187 t,
765 4123 818 4191 ist
