2586 4822
148 775 211 836 220
493 780 570 831 uem
590 781 629 831 oe
648 781 688 830 ,ui
708 781 821 831 ommis

149 950 256 998 montes
285 940 312 994 iu
341 937 454 993 convalli
483 936 533 991 sita
564 935 652 1005 es10),
684 936 747 992 hine
775 937 837 992 iude
859 939 992 993 montium
1015 937 1169 999 obiectione

149 1026 286 1083 conclusa.
318 1023 451 1078 Fecerunt
475 1030 564 1074 autem
589 1022 757 1085 Samaritani,
781 1021 875 1095 quiin
899 1023 1005 1079 civitate
1021 1025 1078 1096 ipsa
1094 1042 1169 1082 eom-

150 1118 260 1165 mauent
288 1107 386 1180 gradus
416 1106 442 1160 in
471 1114 579 1167 monte,
610 1114 637 1159 et
661 1106 790 1177 templum
814 1106 931 1177 quodam
954 1108 1079 1164 inedito
1102 1117 1175 1167 ron-¹

150 1201 322 1255 struxerunt,
353 1201 397 1251 ut.
422 1189 492 1245 sieut
515 1189 637 1252 diximus,
662 1206 769 1244 sursum
793 1191 820 1244 in
844 1201 936 1246 monte
960 1208 1039 1249 orare
1060 1194 1167 1252 ridean-

128 1289 211 1342 5tur,
250 1293 330 1350 quem
354 1274 459 1329 Garizin
483 1273 534 1345 ipsi
557 1281 652 1328 vorant
675 1274 746 1328 iuxta
769 1275 902 1346 quemdum
926 1274 1070 1333 oblivionis
1093 1279 1168 1336 ineu·

152 1365 258 1434 ruint),
283 1377 336 1415 non
361 1360 432 1414 iuxta
455 1357 516 1412 tidei
539 1358 706 1431 rationisque
729 1359 878 1413 veritatem.
913 1359 979 1415 Nam
1000 1360 1072 1417 liber
1094 1363 1167 1421 aliter

150 1447 233 1503 habet
256 1444 394 1500 historiae.
440 1442 492 1496 Sed
515 1443 541 1496 hi
565 1442 709 1507 induntur,
734 1444 781 1516 qui
804 1444 829 1498 id
852 1444 925 1516 quod
948 1456 1004 1510 est,
1030 1462 1086 1502 non
1109 1448 1169 1505 diti-

150 1541 247 1604 genter
270 1529 412 1602 aspiciunt.
444 1526 565 1598 Denique
587 1536 695 1582 montes
717 1529 760 1582 isti
783 1528 851 1584 adeo
873 1528 1019 1594 sublimes,
1045 1541 1072 1587 et
1095 1532 1169 1589 altio·

151 1617 209 1671 simi
239 1613 466 1686 comprobantur,
501 1621 531 1666 ut
561 1629 640 1666 uemo
671 1629 779 1668 sursum
807 1613 964 1685 loquentem
997 1616 1025 1669 in
1058 1614 1175 1674 conniti

111 1711 140 1760 to
151 1701 237 1773 possit
265 1699 366 1754 audire.
413 1696 553 1764 Quomodo
578 1713 643 1768 ergo
667 1698 802 1770 principes
826 1698 960 1761 tribuum,
991 1701 1038 1773 qui
1062 1718 1175 1758 sursum

150 1809 197 1817 ———
225 1806 456 1815 ——.-..-—-——.

235 1861 258 1904 op
279 1849 318 1896 Sic
337 1862 433 1910 <pinoque
453 1846 575 1895 Beniamin
594 1845 736 1893 Tudeieusis
751 1847 847 1894 Sielrem
866 1849 889 1895 in
908 1849 966 1897 rulie
984 1850 1048 1898 iuter
1066 1860 1175 1899 montet:

151 1918 251 1966 Gerizim
272 1925 294 1964 et
315 1915 387 1963 Gebai
413 1917 617 1963 immolestatum
655 1914 765 1962 Concinit
784 1916 874 1964 Phocus
894 1932 1004 1979 quoque,
1031 1919 1072 1981 qui
1093 1920 1175 1968 Paito-

151 1994 236 2033 stmum
261 1984 404 2031 duodecimo
430 1983 511 2030 seculo
540 1982 702 2044 perlustrnrit‚
740 1997 784 2030 uec
809 1983 920 2032 dissentit
944 1985 1086 2034 Theodotus
1110 2002 1175 2050 opu·

151 2054 279 2100 Eusebium
304 2053 382 2115 i'roep.
408 2068 485 2111 mono.
506 2051 544 2098 lib.
556 2050 592 2109 iX,
604 2048 643 2097 22.
681 2051 753 2097 Porro
778 2051 874 2099 Siclrem
900 2056 927 2102 od
952 2056 1061 2114 iturucro,
1091 2057 1116 2104 id
1139 2070 1175 2105 ιι

151 2123 195 2169 tun
224 2122 350 2169 dediviiute
378 2122 439 2167 dictu
467 2127 513 2177 ost,
543 2118 619 2180 inquit
648 2118 763 2166 Ceiiuritts
790 2120 855 2180 Grop.
882 2128 928 2168 otti.
958 2120 996 2169 lib.
1013 2120 1044 2169 ΙΙΙ
1063 2121 1175 2184 capla

152 2188 274 2234 Enimvero
293 2186 321 2233 ud
342 2186 433 2233 radices
454 2185 554 2234 Guririm
575 2187 605 2232 itu
624 2185 699 2233 fuisse
718 2187 828 2249 positum,
849 2194 873 2234 ut
892 2196 969 2235 temen
990 2189 1043 2237 eius
1061 2204 1120 2252 pars
1132 2204 1175 2253 pe

151 2256 230 2315 iugum
250 2256 338 2302 montis
358 2253 532 2313 extenderetur,
552 2268 579 2301 en
597 2253 721 2301 Theodoto
741 2262 763 2301 et
784 2255 862 2302 Phora
879 2254 981 2303 laudatis
1001 2257 1081 2317 colligi
1102 2270 1158 2320 pou

150 2324 255 2382 uidetur,
281 2337 373 2369 necnon
399 2321 507 2369 fortassis
534 2336 560 2368 eu
581 2322 738 2383 Hieronpmo,
764 2324 805 2383 uui
830 2323 853 2369 iu
873 2324 995 2386 Epitaphio
1015 2326 1102 2375 Pouioe
1120 2334 1174 2375 ete.

151 2408 179 2440 rr
204 2393 274 2439 terere
294 2392 392 2439 Guririm
417 2397 542 2438 ertructmu
562 2389 626 2436 dieit.
663 2389 746 2451 Neque
765 2405 819 2437 uero
838 2391 974 2452 praeteribo
1002 2393 1087 2441 vuileru
1113 2394 1175 2443 inte

151 2468 244 2508 montes
264 2458 335 2507 tietmt
355 2466 379 2504 et
398 2458 499 2504 Gurizim
520 2459 635 2504 iuuentem
658 2457 732 2505 tuisse
751 2457 825 2506 multo
844 2468 968 2519 augustum
987 2459 1175 2511 Theodotum

151 2528 205 2576 dem
225 2534 294 2587 teste,
313 2526 343 2573 ita
364 2533 386 2573 ut
407 2525 579 2586 propemodum
600 2526 672 2572 iuncti
691 2526 827 2573 viderentur
845 2527 945 2574 uertices
964 2528 1094 2591 utriusque
1107 2542 1175 2578 mou

150 2597 195 2653 tis;
222 2595 288 2642 rideo
314 2594 376 2642 euim
397 2595 442 2641 lioe
461 2602 595 2655 opportune
615 2594 697 2654 reponi
719 2594 836 2655 possead
856 2594 928 2653 iilud,
954 2596 1020 2657 quod
1041 2597 1116 2646 habet
1133 2610 1175 2647 ιι

151 2672 202 2712 etor
229 2665 260 2712 de
284 2664 327 2712 too.
353 2678 400 2711 soc.
420 2664 551 2725 Scripturue
577 2661 712 2722 descriptus
738 2661 837 2722 omos:
865 2663 956 2710 scilicet
981 2663 1087 2713 ilistusse
1115 2665 1175 2715 inte

150 2748 176 2780 se
195 2731 323 2793 plurimum
343 2736 451 2783 montes,
477 2744 537 2791 quos
556 2730 618 2776 iuter
637 2728 714 2776 media
735 2738 782 2777 erut
802 2729 929 2791 Neapolis.
956 2731 987 2779 itu
1007 2740 1033 2779 ut
1052 2747 1110 2781 esse
1128 2746 1175 2783 uo·

152 2800 244 2860 possint
263 2806 356 2845 montes
376 2799 477 2844 tinrizitu
497 2805 519 2843 et
539 2797 626 2856 debui,
652 2797 739 2858 uiribus
758 2811 831 2858 super
850 2797 941 2846 alterno
961 2800 1056 2848 cantico
1073 2798 1175 2850 benedi

64 2902 69 2909 .
151 2875 233 2913 rerunt
254 2874 275 2913 et
296 2865 466 2913 umledineruut
488 2863 615 2922 israelitae,
635 2879 688 2912 eum
708 2865 806 2913 invicem
825 2866 902 2913 audiri
921 2880 968 2914 uon
988 2871 1137 2929 potuissent.

288 2964 352 2976 ....
372 2923 443 2978 udde‘
461 2944 525 2978 ποτε
545 2926 609 2994 δρία
627 2928 660 2977 λα
679 2927 778 2990 viimo
795 2931 934 2979 πονεῡσιν.

284 2990 327 3051 Ἐξ
344 2990 427 3056 adroic
446 2994 474 3045 δὲ
490 2992 552 3062 μάλ’
573 2991 638 3064 ἄγχι
656 2946 701 3047 id’
721 2991 803 3064 οὔρεα
822 2991 928 3064 φαίνετ’
948 2996 1065 3078 ἐρυμνὰ,

290 3060 371 3123 notu·
390 3078 417 3112 te
436 3062 577 3124 πλήθοντα
595 3062 640 3113 καὶ
659 3059 737 3125 ὕλης·
758 3066 815 3114 τῶν
833 3063 860 3116 δὲ
879 3081 994 3133 μεσηγι·,

284 3123 443 3198 'Asprenatis
460 3125 579 3199 τὲτμητ’,
599 3125 670 3199 ἀραὶ]
691 3127 817 3188 αὐλῶπις.

366 3202 425 3250 Tecti
444 3205 519 3251 iuruto
538 3219 609 3265 prope
626 3206 709 3253 uertice
727 3212 814 3253 mordes

288 3269 345 3317 iiiuc
364 3264 590 3333 pemiui⁰ercipiimt,
611 3273 739 3334 duriorque
757 3287 880 3334 nemusque
897 3275 1039 3323 ministrant.

288 3344 348 3390 titios
368 3338 426 3384 iuter
445 3354 496 3386 roro
516 3346 627 3400 uupootus·
645 3341 778 3387 discrimine
797 3340 863 3388 cuiiis

291 3404 376 3465 iimupit
397 3408 446 3452 iter.

150 3470 265 3518 Theodoti
291 3472 421 3518 auotoritas
447 3471 475 3520 de
501 3472 608 3531 migustiu
632 3472 697 3520 vodis
722 3474 784 3520 iuter
803 3474 904 3520 tiurizim
929 3481 953 3521 et
972 3473 1047 3523 uetat
1074 3474 1172 3525 incendit

151 3538 301 3600 comprobari
320 3546 398 3599 potest
418 3541 520 3587 recentis
539 3540 663 3600 scriptoris
682 3541 839 3600 niietoritme3
861 3543 905 3588 ime
922 3543 1000 3602 ipsum
1016 3544 1082 3592 enim
1097 3550 1170 3595 uani

152 3607 260 3655 oculatus
279 3606 346 3652 testis
366 3607 477 3665 diorison,
501 3608 587 3668 i'uyupe
606 3616 659 3661 ete..
679 3608 718 3655 lm.
731 3608 749 3655 ΙΙ
770 3623 821 3670 cop.
835 3608 864 3656 to
883 3623 897 3670 p
917 3607 974 3657 2³8.

238 3678 261 3734 pt
282 3673 411 3735 Procopius
431 3675 539 3721 Guzueus
558 3673 677 3722 biunditus
696 3676 740 3722 sibi
761 3684 812 3735 est,
832 3690 903 3724 nosse
924 3676 995 3724 etium
1016 3684 1129 3741 tempus,
1146 3692 1170 3729 tr

152 3756 199 3803 uuo
226 3749 328 3787 montem
354 3756 427 3803 prope
448 3743 543 3789 sichem
564 3743 664 3790 Gerizim
689 3745 766 3791 uocari
792 3752 904 3806 coeptum
925 3752 976 3797 est:
1003 3744 1085 3808 inquit
1103 3746 1170 3810 euin,

152 3822 239 3857 nomeu
260 3808 353 3854 tiuriziu
372 3812 442 3857 robor
461 3812 567 3872 adeptum
586 3825 635 3858 esse
654 3827 718 3859 surim
736 3819 788 3874 post
806 3820 893 3876 tempus
911 3814 985 3872 iliud,
1021 3830 1067 3877 quo
1088 3818 1117 3864 od
1134 3816 1171 3865 dt·

152 3880 266 3937 optior-um
284 3890 336 3935 repe
354 3878 458 3924 coioniae
476 3880 499 3924 iu
518 3892 567 3925 eum
585 3884 667 3924 terrum
687 3881 768 3928 ductor
785 3888 851 3937 euru,
880 3879 932 3927 eius
950 3886 1031 3927 autem
1050 3880 1171 3944 propriu

152 3957 239 3991 nomeu
259 3941 334 3989 inisse
353 3944 480 4000 Somorou;
505 3951 526 3991 et
547 3945 578 3990 ito
598 3944 736 4005 imprudens
755 3960 801 3994 non
821 3947 943 4007 distinguit
962 3956 1086 4009 montem,
1105 3962 1175 4012 qun

152 4026 225 4073 super
249 4009 374 4057 aeditieuto
399 4017 448 4057 emt
473 4012 529 4058 urbs
548 4012 669 4071 samario,
693 4027 706 4060 u
732 4016 866 4075 montibus,
891 4015 953 4062 iuter
976 4029 1040 4076 quos
1059 4018 1175 4067 simunt

153 4083 210 4127 urbs
229 4079 332 4127 Sirliem.
