2586 4822
206 799 245 859 10
609 814 816 864 οιιωκυιοκ

199 964 284 1029 θεοῦ
306 968 422 1030 πίστιν
443 960 596 1048 ἄγεσθαι,
620 968 674 1030 καὶ
697 963 755 1052 τήν
778 963 899 1030 ἐκτῶν
921 970 1026 1031 θείων
1041 962 1146 1049 λόγων
1161 966 1220 1049 τῆς

199 1060 348 1138 παλαιάς
368 1062 422 1126 καί
445 1066 521 1139 νέας
543 1060 706 1147 διαθήκης
726 1064 873 1127 κτάσθαι
890 1060 974 1146 ζωής
988 1062 1219 1147 κληρονομίαν.

286 1163 314 1222 7.
350 1158 403 1242 'sq‘
432 1152 460 1222 δ’
492 1153 581 1243 αὐτῷ
609 1157 724 1244 τρόπῳ
754 1153 954 1244 όΏριγὲνης
982 1160 1088 1236 καλῶς
1110 1160 1220 1224 ποιῶν

201 1252 356 1338 ἐποίησεν
389 1250 495 1332 οὕτως
527 1253 583 1319 καὶ
615 1257 692 1339 περὶ
720 1259 779 1321 τοῦ
808 1251 924 1340 ὀβολοῦ
952 1254 1011 1343 τήν
1040 1262 1220 1342 σημείωσιν

174 1350 393 1436 ιλποιήσατο.
425 1351 500 1418 ε’ίθε
522 1341 655 1417 οὖνκαὶ
677 1351 719 1418 τά
741 1350 825 1418 ἄλλα
848 1350 934 1419 οὕτω
949 1354 1057 1430 καλῶς
1071 1352 1218 1438 ἐποίησε.

198 1447 259 1528 τάς
280 1448 341 1534 γάρ
364 1451 399 1527 ἓξ
420 1448 592 1535 ἑρμηνείας
612 1449 668 1514 καὶ
690 1449 747 1537 τήν
760 1446 927 1535 Ἑβραϊκην
951 1448 1080 1536 γραφήν
1093 1445 1220 1534 Ἑβραϊ-

198 1557 271 1625 κοῖς
293 1551 469 1628 στοιχείοις
490 1550 543 1613 καὶ
573 1546 715 1635 ῥήμασιν
738 1542 851 1626 αὐτοῖς
874 1547 908 1614 ε’,ν
931 1549 1038 1614 σελίδι
1058 1551 1120 1633 μιᾷ
1143 1559 1247 1613 our-B

199 1643 374 1722 τεθεικώς,
404 1641 504 1731 άλλην
533 1646 648 1711 σελίδα
672 1639 943 1729 άντιπαράθετον
966 1641 1007 1710 δι’
1029 1640 1221 1731 Ἑλληνικῶν

199 1743 260 1826 μὲν
287 1740 503 1826 γραμμάτων,
528 1738 705 1826 Ἑβραϊκῶν
728 1744 764 1809 δὲ
786 1744 905 1822 λέξεων
927 1741 1013 1825 πρὸς
1033 1740 1222 1828 κατάληψιν

162 1847 194 1921 ¹⁰¹
204 1843 267 1906 τῶν
289 1839 332 1926 μή
356 1839 493 1906 εἰδότων
512 1835 663 1924 Ἑβραϊκὰ
685 1850 843 1922 στοιχεῖα,
867 1841 914 1919 εἰς
935 1840 974 1905 τὸ
997 1839 1054 1905 διὰ
1074 1843 1142 1905 τῶν
1154 1836 1223 1904 Ἑλ·

199 1939 339 2024 ληνικῶν
362 1937 484 2004 εἰδέναι
505 1942 572 2004 τῶν
590 1935 766 2022 Ἑβραϊκῶν
788 1939 908 2023 λογίων
921 1938 981 2024 τὴν
996 1937 1143 2020 δύναμιν.
1167 1940 1221 2003 καλ

200 2030 306 2113 οότως
327 2044 399 2112 τοῖς
423 2036 609 2120 λεγομένοις
631 2031 685 2101 ὑπ’
705 2032 805 2101 αὐτοῦ
829 2035 987 2115 ἑξαπλοῖς
1003 2029 1024 2121 ἢ
1041 2030 1223 2112 ὀκταπλοῖς

198 2131 260 2211 τάς
280 2134 340 2216 μὲν
363 2127 603 2216 δόοἙβραϊκάς
624 2134 757 2210 σελίδας
778 2136 832 2199 καί
853 2132 913 2212 τάς
935 2135 972 2211 ἓξ
984 2136 1051 2198 τῶν
1066 2133 1224 2216 ἑρμηνευ-

199 2233 266 2296 τῶν
297 2229 332 2297 ἐκ
362 2228 576 2317 παραλλήλου
609 2226 854 2315 ἀντιπαραθεὶς
885 2229 1027 2317 μεγάλην
1056 2226 1222 2317 ὠφέλειαν

164 2325 352 2412 Ιιγνώσεως
379 2328 481 2395 ἔδωκε
508 2338 582 2405 τοῖς
610 2327 814 2415 φιλοκάλοις.
861 2329 936 2396 εἴθε
959 2328 1071 2395 δὲκαὶ
1094 2327 1223 2405 ἐντοῖς

200 2420 302 2492 αάτοῦ
331 2427 535 2510 συντάγμασι
561 2425 606 2512 μὴ
635 2431 821 2509 παρέπεσε,
851 2425 908 2492 καὶ
935 2424 1052 2493 ἑαυτὸν
1079 2428 1134 2492 καλ
1165 2424 1222 2490 τόν

199 2523 323 2608 κόσμον
351 2519 498 2611 ήδίκησε,
533 2527 639 2601 κακῶς
667 2525 869 2609 δογματίσας
896 2523 939 2590 τά
967 2526 1044 2608 περὶ
1072 2529 1249 2600 πίστεωςι·

197 2625 252 2689 καλ
274 2621 317 2688 τὰ
338 2622 482 2688 πλεῖστα
501 2626 569 2688 τῶν
591 2625 728 2708 γραφῶν
748 2626 855 2700 κακῶς
871 2620 1011 2708 φράσας.
1041 2616 1126 2688 ἀλλὰ
1143 2620 1223 2704 περὶ

198 2723 258 2787 τοῦ
281 2715 398 2803 όβελοῦ
421 2709 523 2798 αὖθις
546 2718 757 2807 ἐπιλήψομαι
779 2723 837 2805 τής
860 2718 1048 2806 διηγήσεως.
1095 2720 1222 2805 ἐ’φαμεν

160 2813 254 2883 πότι
277 2812 294 2881 ό
318 2811 433 2900 ὀβελὸς
454 2816 551 2904 λόγχη
575 2819 718 2903 λέγεται·
741 2820 838 2903 ξίφος
861 2818 897 2882 δέ
920 2817 991 2883 ἐστι
1012 2819 1109 2882 τοῦτο
1126 2811 1223 2882 άναι-

200 2912 337 3000 ρετικόν.
368 2914 453 2979 ἐ’νθα
474 2920 585 2980 τοίνυν
607 2911 626 3000 ή
649 2917 736 2994 λέξις
759 2911 943 2999 εὑρίσκεται
965 2913 1057 2999 παρὰ
1072 2916 1133 2997 μὲν
1148 2925 1222 2992 τοῖς

200 3009 425 3097 όδδομήκοντα
453 3011 512 3077 δύο
535 3019 680 3098 κειμένη,
712 3013 745 3078 ἐν
769 3014 805 3079 δὲ
827 3017 874 3098 τῷ
895 3009 1050 3097 Ἑβραϊκηῖ
1070 3009 1117 3098 μή
1140 3005 1221 3078 άνα·

201 3113 375 3197 φερομένη,
402 3110 437 3175 ίκ
459 3114 516 3195 τῆς
538 3114 599 3175 τοῦ
619 3105 735 3194 όβελοῦ
758 3111 970 3198 σημειῶσεως
989 3115 1049 3176 τοῦ
1072 3113 1111 3196 τῇ
1135 3110 1222 3189 λέξει

200 3213 442 3291 παρακειμένου
471 3208 629 3293 δηλοῦται
655 3205 707 3274 ότι
730 3204 888 3296 άνήρηται
911 3205 929 3274 ό
951 3209 1048 3294 λόγος
1069 3203 1140 3275 άπὸ
1161 3212 1221 3272 τοῦ

161 3308 386 3392 δγεννητικοῦ
408 3305 525 3384 τόπου,
549 3304 624 3392 ἤτοι
645 3310 703 3371 τοῦ
721 3306 867 3394 ἐδάφους
881 3311 938 3395 τῆς
952 3310 1091 3393 γραφῆς,
1116 3302 1161 3384 ῶς
1175 3305 1220 3393 μή

200 3397 357 3487 όπάρχων
379 3403 413 3470 ἐν
433 3407 481 3490 τῷ
503 3403 598 3490 τόπῳ
620 3408 678 3491 τῆς
699 3405 826 3488 βίβλου.
860 3406 913 3471 καλ
935 3406 1121 3487 ταῦταμὲν
1143 3408 1221 3489 περὶ

200 3503 259 3569 τοῦ
281 3497 475 3585 άστερίσκου
496 3504 550 3568 καὶ
573 3505 631 3568 τοῦ
654 3499 772 3587 όβελσῦ
795 3501 1007 3589 διηγησάμην.
1233 3523 1250 3569 ιι

205 3652 209 3659 .
286 3605 314 3666 8.
346 3599 485 3665 Λοιπὸν
515 3602 568 3665 καλ
593 3606 669 3683 περὶ
689 3603 750 3665 τοῦ
773 3602 945 3684 λιμνίσκου
966 3603 1020 3664 καὶ
1044 3594 1221 3683 όπολιμνί-

201 3718 280 3763 οκου
311 3698 488 3783 διηγητέυν.
530 3698 700 3782 λιμνίσκου
721 3701 799 3781 γοῦν
820 3696 879 3762 τὸν
901 3694 987 3763 οὕτω
1009 3696 1221 3783 γραφόμενον

162 3791 247 3874 θοῶς
269 3794 334 3877 ἔχει
354 3795 394 3859 τό
416 3803 631 3880 προκείμενον
654 3812 719 3867 -:-
745 3795 881 3882 σημεῖόν
904 3795 977 3861 ἔστι
1006 3799 1137 3882 γραμμή
1160 3802 1223 3877 μία

200 3893 466 3979 μεσολαβουμένη
495 3889 563 3958 ὑπὸ
591 3894 798 3981 κεντημάτων
826 3893 900 3972 δόο,
931 3894 1039 3961 ε’ίτουν
1061 3899 1220 3980 στιγμῶν,

200 3994 280 4074 μιᾶς
306 3993 367 4074 μὲν
395 3991 508 4058 ἐπάνω
537 3991 651 4079 οὔσης,
680 3996 739 4079 τῆς
768 3993 803 4058 δὲ
825 3990 925 4078 άλλης
949 3988 1104 4059 ὑποκάτω
1127 3993 1222 4078 παρὰ

201 4086 329 4173 ίατροῖς
356 4091 600 4178 φυσιολσγικῶς
626 4086 794 4177 ηὖρῆσθαί
823 4114 908 4177 φασι
935 4094 989 4158 καὶ
1020 4086 1223 4175 άνομάσθαι
