2586 4822
154 728 214 813 158
602 762 716 814 tertul

151 920 346 994 gyptiaeorum.
391 917 466 976 Unde
488 918 538 975 alia
560 929 603 976 cst
624 912 772 992 νουμηνία
793 911 872 974 κατά
892 912 1042 994 σελήνην,
1064 916 1114 975 alia
1134 906 1171 975 ei

152 999 231 1061 κατὰ
256 998 393 1081 σελήνην.
437 1004 494 1062 lloe
522 1022 573 1080 ego
601 1020 683 1060 seusu
711 1005 755 1084 τῷ
783 995 966 1081 intestanter
988 1002 1170 1078 Evangei'ntas

151 1089 309 1164 simpliciter
336 1107 402 1146 usos
429 1088 562 1146 arbitror:
592 1098 622 1145 ut
650 1105 711 1146 cum
734 1086 827 1144 llattb.
853 1089 934 1152 tet
967 1088 1005 1145 ita
1036 1089 1168 1164 loquitur:

151 1166 212 1247 dud
233 1169 267 1231 di
288 1176 350 1231 τῶν
372 1168 549 1246 σαββάτων,
571 1175 611 1253 τῇ
633 1166 849 1252 ἐπιφωσκούσῃ
866 1168 908 1240 εἷς
922 1167 1001 1246 μίαν
1015 1174 1081 1230 τῶν
1093 1171 1169 1247 σαβ-

149 1253 264 1333 βάτων.
293 1260 342 1316 Ubi
364 1258 438 1316 nulla
459 1259 629 1333 argutatione
652 1276 721 1333 opus
744 1268 786 1315 est
808 1269 838 1315 ut
853 1258 895 1315 vel
909 1258 969 1316 dies
986 1259 1048 1332 ipsa
1062 1276 1078 1314 a
1092 1267 1169 1316 nocte

150 1345 282 1419 incipiens
306 1355 362 1401 tum
385 1344 502 1409 demum,
525 1361 587 1400 cum
600 1343 646 1401 Sol
669 1345 764 1409 oritur,
787 1337 971 1422 ἐπιφάσκειν
986 1343 1109 1400 dicatur:
1129 1342 1168 1400 vel

150 1440 181 1488 ut
202 1430 277 1486 luna
298 1439 346 1486 aut
367 1429 456 1485 sidera
478 1429 682 1486 subaudiantur.
711 1428 777 1485 Nam
800 1429 843 1486 bic
865 1446 927 1486 meo
949 1428 1054 1486 iudicio
1075 1444 1166 1487 sensus

151 1523 207 1571 est:
226 1514 365 1572 ‘conlectis
388 1513 527 1579 Sabbads,
552 1515 607 1571 sive
629 1513 797 1571 bebdomada
819 1524 943 1588 peracta,
968 1514 1015 1570 die
1037 1511 1164 1588 sequenti,

150 1616 219 1674 quae
241 1599 326 1657 inibat
348 1617 408 1655 cum
431 1600 497 1657 seria
517 1599 612 1673 prima,
640 1600 712 1673 quod
734 1600 854 1673 apertius
877 1599 966 1656 Lucae
990 1601 1044 1663 23,
1062 1603 1100 1658 st
1120 1599 1165 1655 de·

150 1684 276 1742 elaratur.
307 1680 357 1740 καὶ
378 1677 479 1762 ἡμέρα
498 1670 538 1760 ἦν
558 1677 734 1763 παρασκευὴ
758 1679 808 1740 καὶ
826 1677 991 1757 σάββατον
1005 1679 1164 1761 ἓπέφωσκι

149 1770 199 1826 Ubi
221 1769 333 1827 verbum
356 1764 510 1848 inipmcue
534 1769 634 1826 nullam
656 1769 745 1826 lucem
767 1768 908 1842 significat,
933 1769 982 1825 scd
999 1769 1113 1826 initium.
1133 1771 1162 1826 tt

149 1855 220 1929 apud
247 1856 426 1930 Epiphanium
455 1856 481 1911 in
509 1854 683 1929 Expositione
711 1853 773 1911 fidei
795 1870 818 1909 c.
837 1855 875 1912 22
904 1855 977 1911 cirea
1007 1855 1160 1930 gallicinium

148 1943 204 2015 τῆς
224 1942 370 2016 κυριακῆς
391 1933 624 2016 ἕπιφωσκοάσης
650 1939 717 1997 solvi
744 1938 873 1996 Paschale
900 1940 1035 1996 ieiunium
1064 1940 1158 2002 dieitur,

149 2027 201 2081 hoc
224 2034 266 2082 cst
288 2035 351 2099 post
372 2024 487 2081 mediam
510 2032 627 2089 noctem,
651 2041 666 2080 a
688 2041 741 2098 qua
763 2022 833 2080 diem
856 2024 1003 2081 Christiani
1027 2027 1156 2083 incboaat:

148 2110 212 2166 item
242 2109 323 2183 paule
353 2118 416 2182 post
444 2108 538 2166 scribit
564 2109 710 2165 nonnullos
744 2108 911 2166 bebdomada
939 2120 1036 2167 sancta
1064 2108 1155 2184 uigilare

147 2185 203 2267 τὴν
222 2186 302 2267 μετὰ
322 2185 379 2268 τὴν
399 2187 538 2268 πέμπτην
558 2187 795 2271 ἓπιφάσκουσαν
815 2190 857 2261 εἰς
878 2188 913 2251 τὸ
936 2189 1152 2271 προσάββατον.

147 2277 197 2335 Ubi
220 2271 402 2355 ἐπιφάσκεεν
423 2277 530 2335 uidetur
550 2279 660 2353 proprie
683 2279 841 2352 sumpsisse,
865 2280 943 2355 quasi
967 2297 1022 2336 nox
1041 2276 1150 2356 postridie

147 2364 284 2429 lucescat,
315 2365 367 2421 hcc
394 2373 437 2420 est
465 2363 491 2419 in
522 2364 610 2421 lucem
639 2365 752 2421 desinat.
797 2364 908 2423 Noctem
937 2366 1012 2421 enim
1035 2363 1151 2438 intelligit.

148 2466 216 2523 quae
239 2450 416 2506 Parasceuem
439 2448 585 2522 praecedit.

231 2530 281 2590 καὶ
304 2524 350 2591 ὅτι
374 2525 540 2601 ἀνάστασις
561 2529 611 2589 καὶ
634 2528 788 2610 ῖσημεριά]
833 2533 872 2591 En
895 2535 998 2591 erroris
1023 2548 1150 2611 argunn-

148 2626 214 2675 tum.
245 2619 381 2675 Christum
404 2621 485 2684 cuim,
509 2636 589 2692 quem
610 2620 788 2693 Aequinoctio
811 2619 871 2692 ipso
892 2623 1079 2678 resurrexisse
1097 2616 1150 2677 dd

147 2713 235 2768 cerat,
265 2705 318 2760 boc
341 2714 383 2761 est
404 2706 471 2761 XXV
495 2703 596 2769 llartii,
627 2721 659 2760 eo
682 2705 725 2760 die
747 2704 929 2760 resurrexisse
953 2705 1084 2771 credidit,
1109 2717 1150 2778 qm

147 2789 303 2846 Diocletiani
326 2798 450 2864 tempore
473 2790 682 2865 Aequinoctium
703 2789 804 2846 incidit.
835 2788 900 2845 Nam
923 2806 956 2845 ex
979 2791 1112 2856 Anatolio,
1127 2792 1152 2843 nt

147 2875 253 2948 opinor,
277 2883 306 2930 ct
315 2875 501 2931 Alexandrinis
524 2873 661 2931 veteribus
683 2874 892 2948 Aequinoctium
915 2873 1003 2931 llartii
1020 2877 1090 2933 xxm
1108 2882 1154 2930 sta·

74 3026 75 3029 Ἴ
146 2959 207 3023 tuit,
231 2977 292 3015 cum
310 2959 457 3016 Nicaenum
480 2958 583 3034 aliquot
605 2958 681 3015 annis
704 2969 799 3032 postea
821 2960 848 3015 in
869 2959 1029 3016 vicesimum
1052 2961 1155 3035 prinum

144 3043 276 3101 intulerit.
307 3045 382 3101 Unde
405 3044 451 3118 qui
473 3053 666 3100 successerunt
682 3042 851 3100 Alexandrini
874 3044 1024 3119 scriptores
1049 3047 1094 3103 llll
1109 3042 1156 3101 tat

145 3127 198 3184 boc
220 3137 262 3185 est
283 3127 338 3184 xtt
361 3128 448 3185 blartii
469 3129 677 3201 Aequinoctium
699 3128 830 3194 fixerunt,
860 3138 890 3185 nt
912 3129 986 3186 inter
1007 3131 1078 3188 alios
1099 3130 1159 3187 Pro-

144 3213 230 3268 terius
258 3212 453 3269 Alexandrinus
481 3212 553 3286 apud
581 3214 678 3269 bedam
705 3213 753 3270 lib.
783 3215 816 3270 de
843 3214 958 3287 Aequin.
984 3214 1094 3272 Vernali
1119 3212 1159 3290 qli

145 3303 186 3352 est
209 3296 293 3352 'lomo
315 3297 359 3352 lll.
390 3299 415 3353 ls
430 3292 547 3371 'inquam
571 3300 610 3355 25
633 3298 811 3365 Phamenetb,
835 3298 882 3372 qui
904 3307 945 3355 est
972 3301 1010 3358 12
1027 3300 1088 3358 lial.
1103 3302 1160 3375 Apr.

142 3380 350 3454 Aequinoctium
373 3381 521 3447 collocavit,
546 3383 643 3439 Leonis
659 3384 747 3458 Papae
770 3382 947 3456 temporibus.
978 3385 1077 3460 ltaque
1089 3402 1161 3458 prq-

141 3459 268 3539 μονικὸν
295 3476 337 3523 est
365 3459 536 3543 ἁμάρτημα
562 3468 736 3524 eruditissimi
758 3468 882 3542 llepleri‚
913 3469 977 3525 dum
1006 3470 1035 3526 in
1059 3469 1162 3545 Bclog‘a

141 3553 249 3625 ples.
295 3551 448 3609 Pretorium
477 3553 513 3610 ait
541 3554 611 3609 eirca
640 3554 745 3609 initium
776 3553 932 3610 Diocletiani
954 3555 1163 3628 Aequinoctium

142 3634 174 3690 xt
198 3636 255 3691 lial.
279 3635 431 3694 delituisse:
456 3638 503 3694 scd
525 3638 649 3695 Anatolio
673 3639 700 3694 id
722 3639 856 3703 convenit,
880 3638 957 3694 cuius
980 3639 1091 3698 illustre
1113 3639 1165 3697 h·

75 3766 78 3771 .
142 3729 282 3794 gmentum
305 3722 434 3780 describit
456 3723 589 3779 Eusebius
614 3726 641 3789 7,
660 3726 698 3782 26
722 3741 753 3780 en
776 3724 897 3780 eiusdem
919 3723 1100 3782 Pascbalibus
1115 3724 1165 3781 Ga-

58 3878 64 3891 ·
96 3848 102 3861 .
141 3804 275 3871 neribus,
299 3805 372 3881 quod
396 3817 423 3864 et
444 3807 514 3864 Beda
537 3818 732 3866 commemorat
754 3808 811 3865 Lib.
835 3809 869 3866 de
890 3808 1091 3884 Aequinoctio,
1117 3808 1164 3866 nbi

85 3934 90 3945 .
142 3897 170 3945 et
191 3889 308 3947 Anatolii
328 3890 410 3949 verba
434 3909 464 3948 en
487 3893 706 3968 depravatissimo
729 3894 828 3950 llultlni
851 3895 1081 3968 interpretatione
1102 3911 1165 3970 per·

141 3990 234 4047 peram
257 3986 367 4051 accepta
390 3976 503 4034 alienam
526 3979 553 4033 in
576 3980 738 4035 sententiam
761 3978 915 4053 detorquet.
946 3978 1037 4048 Quare
1056 3994 1164 4037 eumen

143 4076 175 4117 co
198 4061 314 4119 Anatolii
337 4061 457 4128 decreto,
484 4072 612 4138 tanquam
635 4081 667 4122 ex
690 4063 765 4122 iente
787 4063 929 4139 Epiphanii
952 4065 1078 4124 doctrina
1100 4080 1165 4141 pre·
