2586 4822
166 821 208 886 86
464 833 579 887 amara
596 833 879 886 aaruanrxasroass

162 993 268 1051 solatus
284 991 302 1049 2
319 991 476 1048 Diocletiani
498 1008 561 1047 cuna
582 989 738 1046 Aristobulo
760 989 864 1063 cnlieqa
886 991 1070 1064 componitur.
1093 999 1127 1051 ul
1140 1001 1185 1051 est

161 1078 189 1135 in
212 1078 297 1134 tasin
320 1076 426 1132 Siculis.
457 1077 491 1131 At
512 1077 538 1133 in
560 1074 649 1148 lapide
670 1092 731 1131 cum
753 1074 909 1131 Maximiano
931 1076 1065 1149 Augusto.
1096 1075 1184 1135 Siculi

162 1179 226 1219 aero
249 1162 442 1218 Diocletianum
467 1163 484 1218 3
507 1161 584 1216 Coss.
607 1169 635 1215 et
656 1159 841 1216 Maximianum
863 1169 1030 1233 comparant.
1072 1159 1184 1219 Cassi&

162 1247 246 1303 dorus
268 1248 382 1320 primum
406 1245 563 1301 Diocletiani
581 1244 756 1301 Consulatum
778 1261 841 1301 enm
863 1254 997 1309 numerat,
1020 1262 1103 1319 quern
1118 1262 1183 1305 enan

162 1331 319 1388 Aristobulo
347 1331 447 1403 gessit,
477 1331 628 1386 secundum
655 1346 716 1385 eum
739 1329 904 1386 Maximiano.
950 1330 1005 1387 Sed
1032 1339 1183 1407 utmmque

161 1418 280 1491 privatus
302 1416 391 1472 adbuc
413 1414 531 1470 obtinuit
552 1432 585 1470 ex
607 1423 698 1470 ruente
721 1413 882 1471 Cassiodori.
918 1415 949 1470 ln
972 1414 1059 1472 Fastis
1081 1415 1183 1476 Siculis

106 1554 112 1568 ,
160 1501 277 1576 primum
299 1499 474 1556 Consulatum
502 1518 564 1557 cum
585 1500 669 1555 Basso
691 1499 809 1572 privatus
829 1499 918 1555 adbuc
940 1499 1009 1556 iniit.
1052 1499 1090 1556 Ati
1113 1501 1185 1559 lases

161 1586 348 1641 Maximianum
377 1584 481 1658 imperii
509 1585 666 1659 participem
696 1601 757 1639 esse
779 1584 879 1640 laetum
902 1583 995 1640 volunt
1016 1584 1131 1643 Maximo
1154 1594 1184 1644 el

161 1671 286 1743 Aquilino
310 1670 385 1727 Coss.
408 1686 479 1725 anno
502 1670 601 1727 Christi
624 1671 696 1727 286.
730 1668 833 1737 Quibus
856 1668 991 1725 contraria
1012 1677 1076 1726 suni
1111 1686 1183 1744 quae

162 1772 193 1810 ax
222 1754 355 1829 lapidibus
383 1755 558 1829 milipuntnr.
603 1755 669 1810 iiam
696 1755 834 1827 posterior
862 1753 1004 1827 inscriptio
1034 1755 1184 1827 persuadet

161 1840 353 1896 Diocletianum
367 1840 404 1895 in
425 1840 546 1896 secundo
569 1839 718 1895 Consulatu
739 1838 870 1912 collegam
892 1838 1020 1895 babuisse
1043 1839 1184 1899 Maximia-

160 1942 224 1982 num
247 1927 299 1981 iam
315 1928 478 1998 Angustum.
509 1925 641 1993 Quoniam
663 1932 754 1979 autem
777 1924 803 1979 in
819 1922 999 1997 inscriptione
1014 1924 1100 1981 altera
1115 1925 1185 1983 Die-

160 2011 292 2067 cletianus
315 2008 426 2066 Coss.2
455 2019 483 2066 et
506 2009 617 2065 Tribun.
641 2010 736 2065 Pota
766 2008 849 2064 luisse
880 2008 993 2072 dicitnr,
1023 2026 1080 2065 non
1103 2010 1184 2069 aliter

160 2094 297 2151 conciliari
319 2094 370 2149 ista
393 2102 509 2166 possunt
530 2111 611 2169 quam
633 2103 664 2149 ut
688 2093 846 2149 Diocletiani
862 2096 880 2151 2
898 2102 926 2150 et
940 2093 1091 2151 Maximiani
1108 2095 1184 2153 Con·

161 2178 265 2234 solatus
291 2187 353 2233 ante
375 2178 516 2233 Maximum
540 2187 567 2234 et
589 2179 743 2252 Aquilinum
766 2178 842 2234 Coss.
866 2188 984 2252 ponatur
1005 2195 1077 2236 anno
1101 2178 1184 2237 Cirri—

109 2263 195 2324 llasti
219 2264 294 2326 286,
325 2279 380 2336 qno
402 2262 567 2319 Tribunitiae
595 2264 738 2336 potestatis
766 2263 879 2336 perinde
900 2272 982 2336 atque
1004 2262 1114 2336 lmperii
1135 2282 1183 2323 aa·

160 2348 265 2404 candus
287 2364 373 2402 annus
395 2347 566 2412 decurrebat,
590 2356 671 2420 atquo
693 2349 730 2404 ita
746 2347 917 2405 Maximianus
939 2365 1011 2405 anno
1026 2349 1181 2422 supeta'ore,

159 2431 201 2489 vei
232 2432 326 2488 eodem
348 2433 424 2505 ipso,
455 2450 510 2506 quo
533 2432 634 2488 Consul
655 2433 740 2489 iactus
764 2443 820 2495 est.
852 2432 996 2507 Imperium
1019 2432 1181 2493 obtinuerit.

159 2519 212 2572 Aut
234 2526 309 2573 certe
331 2518 426 2573 eodem
447 2534 535 2582 anno,
559 2536 613 2591 qno
637 2517 765 2573 Maximus
787 2527 816 2574 et
836 2518 978 2592 Aquiliana
1002 2517 1181 2578 Consulatum

160 2619 174 2658 a
197 2601 254 2657 ilai.
278 2602 332 2657 ian.
355 2602 485 2676 auspicati
513 2613 592 2667 sunt,
622 2620 684 2658 cum
707 2602 893 2659 Maximianum
909 2602 1048 2677 'collegam
1070 2603 1183 2663 Diocle-

160 2687 249 2743 tianus
271 2687 442 2753 adscivisset,
467 2688 612 2744 suffectum
634 2688 736 2761 pariter
757 2704 819 2743 cnm
841 2688 887 2744 iilo
911 2687 1087 2743 Consulatum
1111 2689 1181 2747 iniit.

159 2771 229 2842 Quin
253 2781 280 2828 et
301 2771 367 2828 iDud
389 2772 612 2830 considerandum
636 2781 692 2839 est,
722 2772 795 2844 quod
817 2773 999 2846 Panegyricus
1020 2771 1181 2833 Maximiano

159 2866 187 2913 et
216 2856 393 2913 Constantino
420 2858 550 2930 Augustis
582 2859 669 2915 dictus
703 2857 888 2913 Maximianum
920 2857 1018 2914 asserit
1051 2858 1182 2919 sicusim

159 2957 230 2996 anno
253 2942 462 3014 imperatorem,
490 2951 584 2998 octauo
608 2942 753 2998 Consulem
775 2942 920 3016 Imperium
944 2941 1096 2999 abdicasse.
1144 2945 1183 3001 Te

157 3026 396 3099 recensioque,
419 3026 549 3082 vicesimo
571 3044 647 3082 uano
670 3026 883 3099 Imperatorem,
907 3035 1007 3083 ociore
1030 3026 1183 3087 Comin-

155 3113 199 3167 a‘ta
219 3113 285 3183 ipsu
307 3112 439 3183 umplona
461 3113 583 3183 quodam
604 3129 655 3167 suo
679 3113 767 3166 licimo
788 3114 877 3168 voluit
899 3113 1030 3169 manne.
1059 3111 1095 3168 lit
1111 3113 1183 3171 sub·

157 3197 236 3253 inde:
259 3194 325 3252 Non
341 3196 462 3268 potuisti
482 3199 614 3252 resistcre
634 3205 752 3252 sanctae
774 3198 851 3252 iilius
871 3199 1000 3268 porentia
1015 3198 1140 3275 imperia
1153 3209 1182 3259 at

157 3281 262 3336 inuitus
291 3282 354 3336 liam
377 3283 505 3353 paruisti
527 3291 554 3338 et
575 3291 601 3337 te
621 3283 681 3338 iiiia
703 3282 823 3352 cipiliis,
849 3282 962 3354 illisque
984 3283 1075 3346 curia,
1107 3300 1180 3356 quaa

156 3366 257 3438 sicinii
279 3367 363 3422 onnia
386 3376 517 3439 arpertus
537 3368 651 3438 saeros,
674 3367 831 3422 reddidisti.
875 3369 971 3423 Annus
992 3377 1099 3431 autem,
1122 3384 1179 3442 qao

156 3448 338 3506 Diocletianus
361 3459 388 3506 et
410 3451 583 3507 Maximianus
605 3452 748 3524 imperium
772 3451 973 3524 deposuerunt,
1001 3451 1053 3509 luit
1076 3452 1179 3511 Claxiati

158 3537 228 3599 ³04,
247 3545 282 3615 pt
304 3535 403 3591 indicat
425 3536 557 3600 Zosimus,
584 3535 661 3592 Coss.
686 3535 849 3593 Diocletiano
874 3540 891 3595 D
914 3545 942 3593 et
964 3535 1124 3595 Maximiano
1149 3540 1178 3604 8.

156 3622 228 3695 quoii
252 3630 280 3676 et
296 3619 485 3694 Panegyristcs
508 3620 650 3694 siguificat,
674 3637 735 3677 cum
753 3621 932 3677 Diocletianus
955 3622 1114 3679 vicesimum
1135 3624 1180 3681 aix

155 3704 305 3779 implesset.
350 3705 456 3774 Quaero
485 3706 583 3779 igitur,
612 3723 674 3761 cum
698 3706 778 3761 tertio
800 3722 871 3762 anain
893 3715 957 3779 post
979 3705 1180 3767 Diocletianum

156 3789 328 3846 Maximianus
355 3789 490 3864 imperare
517 3790 638 3863 eoeperit
668 3798 695 3845 et
717 3782 813 3847 eodeni
835 3807 890 3863 qno
912 3790 957 3846 ilie
981 3799 1105 3865 tempore
1126 3793 1180 3851 de·

156 3876 249 3940 aierit,
264 3875 311 3948 qui
331 3873 390 3930 lieri
413 3875 500 3948 possit
521 3882 552 3930 ut
575 3876 613 3932 20
631 3891 722 3931 annos
743 3875 891 3948 imperarit.
936 3875 1039 3934 Ferunt
1061 3877 1179 3937 Maximo

156 3968 185 4016 at
212 3959 337 4034 Aquilino
365 3958 442 4015 Coss.
472 3960 524 4015 hoc
553 3969 595 4016 est
621 3976 693 4016 anno
723 3958 822 4016 Christi
845 3961 922 4024 286,
952 3953 1180 4021 Maximianum

156 4041 322 4102 Diocletiano
353 4043 484 4118 collegam
512 4044 654 4101 ariscitnm.
696 4047 719 4102 A
747 4061 803 4118 quo
831 4045 867 4103 ad
886 4061 988 4103 annum
1011 4049 1091 4113 304.
1120 4064 1180 4122 qua

156 4128 238 4202 Aprili
259 4146 353 4189 mense
374 4128 520 4205 imperium
542 4138 684 4196 munt,
707 4146 796 4189 anana
817 4129 944 4189 emman
959 4129 1111 4193 Maximiani
1129 4132 1178 4199 te.
