2586 4822
167 733 229 801 us
623 745 737 799 renutu

164 906 328 964 collocatum
350 903 441 960 luisse.
471 903 585 960 bunaris
608 904 679 960 enim
701 902 944 961 lleeatombaeouis
967 903 1119 962 Neomenia
1138 907 1186 964 luit

163 992 218 1056 illa,
241 1007 311 1065 quae
333 988 456 1045 Solstitio
479 990 591 1062 propior
612 997 699 1054 esset,
723 998 777 1045 tam
800 998 871 1051 ante,
896 1006 978 1062 qnam
1000 1001 1070 1064 post
1089 990 1187 1051 Solsti-

164 1078 249 1141 tium;
277 1075 305 1131 id
327 1074 401 1149 quod
422 1075 550 1129 aduersus
574 1074 769 1147 Scaligerianos
793 1074 845 1130 alio
867 1073 928 1131 loco
951 1075 1126 1149 probabitur.
1154 1080 1187 1137 At

164 1163 192 1218 in
215 1160 325 1225 Iuliana,
349 1160 404 1216 sivo
427 1159 477 1215 lixa
499 1159 642 1232 stabilique
664 1159 727 1213 anni
751 1159 834 1214 lorma
858 1158 1082 1218 Hecatombaeou
1105 1163 1187 1221 lraesit

164 1248 192 1305 iu
215 1246 292 1309 lulio,
317 1244 413 1317 reliqui
436 1253 583 1317 sequentes
601 1243 718 1299 lulinnos
734 1262 842 1300 menses
857 1243 1051 1302 obtinuenrnt.
1082 1247 1185 1305 Plutar-

164 1333 233 1391 chus
256 1346 316 1386 cum
339 1330 490 1385 Atticorum
512 1328 645 1385 mensium
661 1330 792 1393 meminit,
815 1346 1014 1402 nonnunquam
1038 1331 1108 1389 linos
1128 1333 1184 1391 illos

165 1433 208 1474 ac.
223 1416 340 1473 lulianus
369 1413 502 1486 intelligit.
549 1413 627 1483 Quod
652 1422 743 1471 nutem
767 1432 861 1471 eorum
882 1415 984 1471 seriem
1006 1419 1183 1475 Athenienses

164 1500 332 1558 retexuerint
354 1508 381 1556 et
403 1499 560 1557 Hecatomb.
584 1499 701 1556 statione
723 1500 897 1562 domuerint,
922 1500 996 1557 baud
1019 1503 1080 1559 scio
1100 1521 1134 1561 an
1153 1519 1181 1559 ex

163 1586 215 1643 alio
238 1585 372 1659 scriptore
395 1601 476 1660 quam
499 1602 531 1641 ex
553 1585 605 1640 boc
627 1584 768 1658 Epiplianii
790 1584 851 1640 loco
874 1594 1001 1642 constare
1026 1588 1122 1662 possit.

250 1674 310 1729 447
328 1688 352 1727 a.
383 1664 443 1746 πρὸ
463 1661 498 1738 ‘lc'
518 1665 609 1726 εἰδῶν
632 1665 827 1745 Ναεμβρίων]
854 1669 1002 1728 Neomeuia
1026 1674 1112 1746 Athyr
1128 1675 1178 1729 Ao·

164 1757 235 1821 tiaci,
260 1756 301 1812 vel
324 1755 498 1813 lliocletianei
520 1755 644 1812 convenit
666 1754 758 1810 Vllal.
775 1755 840 1811 Nur.
863 1756 915 1811 boc
937 1765 982 1812 est
998 1757 1062 1814 Oet.
1077 1757 1174 1814 xxlltt

163 1840 235 1916 llrgo
259 1841 435 1898 duodecimus
458 1841 558 1914 Athyr,
585 1839 741 1897 Novembris
765 1850 873 1905 octavo,
902 1840 959 1896 sire
984 1841 1016 1897 l’l
1041 1843 1098 1901 nid.
1116 1842 1173 1899 bor.

163 1927 239 2000 quod
261 1937 289 1983 et
311 1945 334 1983 c.
348 1929 383 1984 16
407 1943 487 1999 supra
511 1926 622 1989 dixerat,
648 1928 685 1983 60
710 1925 752 1981 die
770 1935 832 1981 ante
848 1925 1008 1999 Epiphania.
1042 1928 1175 2002 reipsam

162 2011 255 2086 itaque
263 2013 441 2085 posteac.28,
450 2004 509 2084 πρὸ
523 2003 602 2067 ὀκτώ
610 2005 909 2084 eld'oirNorpqdpr‘cora
921 2010 1035 2079 librario
1045 2014 1174 2087 scriptum

249 2091 327 2150 κατὰ
339 2090 557 2166 Σαλαμινίους]
580 2095 724 2151 Neomenia
738 2096 836 2151 Glioiae
852 2095 944 2152 incidit
960 2097 987 2152 in
1005 2101 1023 2157 3
1041 2097 1171 2155 Nouembr.

162 2195 245 2252 quem
267 2196 389 2234 mensem
412 2180 521 2234 tertium
544 2180 670 2252 appellat,
698 2182 752 2236 sive
775 2181 847 2254 quod
870 2181 963 2254 plures
988 2183 1111 2240 eiusdem
1130 2200 1172 2240 uo·

162 2263 243 2318 minis
266 2273 367 2328 essent,
391 2272 420 2319 ut
443 2263 514 2335 apud
536 2266 703 2321 recentiores
726 2265 826 2321 Arabes
849 2267 903 2321 duo
925 2266 1013 2323 llabiu
1037 2279 1117 2335 sunt,
1137 2278 1170 2323 to-

162 2346 300 2422 tidemque
323 2348 480 2412 Giurneclin,
510 2349 565 2405 sive
593 2351 666 2423 quod
694 2352 788 2407 ordine
812 2352 907 2408 lortius
929 2361 1014 2408 esser.
1063 2354 1169 2410 L‘ndeet

162 2432 275 2505 quintus
297 2435 324 2489 in
347 2434 497 2488 ianuarium
521 2420 641 2491 incurrit.
672 2440 693 2491 A
718 2437 815 2493 3Nov.
840 2437 873 2492 ad
895 2435 952 2492 llal.
977 2438 1033 2494 lan.
1058 2454 1168 2513 compre·

162 2518 306 2590 prehensis
322 2517 379 2573 lial.
399 2517 473 2589 ipsis
498 2517 555 2574 dies
578 2531 642 2576 sunt
664 2521 743 2576 solidi
767 2525 815 2584 do,
839 2522 885 2595 qni
908 2538 1018 2579 meuses
1041 2524 1111 2580 duos
1130 2521 1166 2579 ul·

163 2606 286 2660 cenarios
302 2603 430 2659 efficiunt.
453 2602 518 2657 Nam
531 2604 553 2658 ll
569 2604 683 2660 lanuarii
698 2600 834 2678 πέμπτας
848 2607 948 2674 mensis
960 2608 1030 2664 iniit.
1055 2609 1166 2665 Videntur

163 2687 298 2746 Salaminii
320 2685 487 2758 aequabilem
511 2698 538 2744 et
553 2691 742 2764 Aegyptiarum
765 2692 898 2747 mensium
915 2692 1030 2749 sormam
1045 2695 1165 2751 oseneio

247 2763 326 2829 κατὰ
345 2766 503 2849 Παφίους]
546 2776 693 2848 Apogonici
722 2775 868 2832 Neomenia
897 2778 987 2850 eoepit
1011 2779 1074 2835 Oct.
1096 2775 1164 2836 Xlllll.

161 2858 235 2914 lulns
264 2857 322 2912 iniit
345 2856 509 2913 lieelllllV.
555 2861 576 2913 A
606 2860 648 2915 die
677 2861 754 2915 xxiv
778 2862 836 2917 Oct.
866 2863 898 2917 ad
928 2861 1008 2918 lllllll
1033 2864 1098 2922 llec.
1124 2863 1167 2919 dies

161 2951 226 3000 sunt
249 2944 298 3005 61,
321 2941 367 3014 qui
391 2951 455 2998 sunt
476 2943 531 3000 duo
554 2945 718 3017 Papiriorum
741 2964 857 3001 menses.
895 2947 983 3015 Quare
1008 2949 1169 3024 Apogonicu

161 3027 326 3103 Papliiorum
349 3027 398 3084 tuit
420 3027 580 3094 November,
605 3030 677 3085 iulus
700 3030 858 3087 December.

245 3105 325 3168 κατὰ
345 3103 494 3189 Ἄραβας]
532 3114 678 3170 Neomenia
711 3116 919 3188 Augaltlrabalth
953 3118 1083 3176 Octobris
1106 3117 1174 3176 xlllt

159 3197 298 3271 competit,
322 3213 337 3251 a
360 3214 414 3272 quo
437 3198 479 3254 die
501 3199 534 3253 ad
556 3200 611 3255 llVl
627 3199 688 3255 [lec.
713 3200 770 3255 dies
793 3211 857 3258 sunt
874 3206 922 3268 60,
946 3204 1003 3260 sive
1025 3203 1083 3262 duo
1105 3222 1174 3262 meu·

160 3301 204 3340 ses
226 3282 397 3356 Aegyptiaci,
421 3282 519 3354 quibus
543 3285 583 3339 usi
605 3293 670 3340 sunt
691 3285 793 3341 Arabes
816 3287 867 3343 illis
890 3288 1072 3361 temporibus.
1118 3290 1176 3347 llam

159 3367 306 3425 Neomenia
327 3367 412 3423 Aleon
435 3367 516 3439 poulo
538 3377 600 3424 ante
622 3371 712 3443 eoepit
735 3371 889 3428 Decembris
912 3373 988 3428 llVll.

245 3444 325 3508 κατὰ
347 3442 535 3519 Μακεδόνας
551 3444 742 3528 Ἀπελλαίου]
785 3457 948 3514 Macedonici
971 3459 1090 3525 mensis,
1120 3475 1178 3517 rum

159 3539 194 3596 de
217 3547 339 3611 tempore
361 3536 459 3593 Nautis
482 3548 585 3610 ageret,
609 3541 773 3597 mentionem
797 3544 896 3599 omisit.
942 3543 1075 3601 Convenit
1098 3561 1176 3618 porro

158 3623 278 3698 Apellaei
305 3622 452 3680 Neomeuia
479 3640 540 3680 cum
569 3624 733 3698 Papiriorum
755 3629 922 3700 Apogonico.
967 3628 1034 3684 Nam
1063 3641 1178 3707 utraque

159 3708 220 3766 iniit
241 3708 365 3765 Octobris
379 3710 439 3766 dl.
482 3708 537 3765 Sed
566 3720 662 3766 neutra
685 3712 797 3767 Lunaris
827 3714 923 3769 extitit
968 3714 1048 3786 Apud
1076 3716 1178 3772 mediae

159 3794 299 3852 uetustatis
320 3795 477 3870 scriptores,
501 3796 660 3867 praesertim
678 3795 854 3863 Christianos,
878 3815 1075 3873 nonnunquam
1092 3800 1180 3857 blare·

160 3880 249 3938 donici
271 3896 379 3939 menses
401 3897 462 3937 cum
478 3880 737 3954 Syromacedonlcis,
760 3900 830 3955 quos
846 3893 873 3939 et
889 3883 1054 3939 Graecorum
1070 3902 1179 3942 menses

159 3965 305 4041 appellant,
329 3965 457 4024 conlundi
479 3965 577 4032 viileas,
601 3974 632 4021 ul
654 3966 680 4023 in
696 3968 794 4040 insigni
809 3968 854 4023 illu
870 3968 985 4024 Anatolii
1000 3968 1073 4036 loco,
1098 3986 1180 4044 quem

109 4051 187 4109 raom
208 4053 335 4128 sequenti
356 4051 475 4111 biatrlba
496 4051 707 4118 declarabimus,
736 4052 800 4109 alias
823 4070 886 4111 vero
910 4053 1043 4119 discerni,
1072 4064 1105 4112 ut
1127 4056 1180 4113 boe
1203 4061 1206 4064 ’
