2586 4822
10 21 514 355 -Ι
803 21 809 30 U

506 854 679 907 esserunt).
1011 898 1016 905 ,
1039 846 1107 901 mli

77 1011 251 1074 Anastasius,
269 1012 315 1084 qui
328 1003 384 1078 τὰς
393 1004 554 1078 Σκαθαιὰς
563 1001 671 1086 χώρας
684 1011 784 1084 posuit.
847 1013 893 1067 12.
910 1002 1103 1094 ἀμφικόχλῳ]

77 1089 272 1169 «θαλάσσης
293 1097 332 1152 vet
356 1093 521 1174 θαλασσίῳ
544 1088 652 1175 κόχλῳ,
676 1096 715 1151 vel
738 1097 828 1168 potins
854 1092 959 1168 αἵματι
981 1089 1103 1170 κόχλου,

77 1192 112 1238 ut
130 1198 214 1254 snpra
229 1182 256 1237 in
273 1192 349 1238 sexto
373 1181 486 1254 lapide.''
509 1181 603 1236 GESN.
642 1180 762 1236 Fallitur.
853 1184 900 1237 14.
921 1180 973 1236 Pro
984 1175 1105 1255 χρυσό-

79 1265 204 1343 pellor
224 1267 331 1322 restitui
350 1260 606 1341 χρασοβῆρυλλον
620 1282 652 1320 ex
668 1266 696 1328 L,
720 1266 793 1340 qnod
809 1266 962 1321 coniecerat
977 1267 1058 1321 Geso.
1075 1267 1104 1323 in

79 1353 217 1424 margine.
285 1355 332 1408 15.
348 1347 381 1407 ἓν
394 1352 432 1428 τῇ
447 1344 587 1427 poteritis
600 1344 706 1429 πέτρᾳ]
722 1349 875 1422 Legebatur
889 1345 921 1405 ἓν
935 1352 979 1428 τῷ
994 1346 1105 1428 φρέατι

77 1433 226 1513 ὁιτιιτρῳ.
269 1438 299 1491 iu
313 1438 424 1509 puteali
434 1445 519 1508 petro
535 1436 563 1491 L.
610 1436 706 1508 Recepi
730 1437 802 1507 quotl
825 1453 852 1508 p.
867 1436 937 1499 236,
952 1439 980 1492 2.
1004 1437 1105 1508 legitur

77 1517 114 1577 ἓν
136 1524 176 1598 τῇ
199 1513 340 1597 opstiterit
362 1515 466 1601 πέτρα.
500 1521 609 1575 llectior
630 1520 752 1576 arlicctivi
775 1520 859 1575 lonua
874 1515 1046 1597 pecorinis
1061 1518 1105 1577 vel

77 1602 248 1684 αριατιαίρ
272 1615 324 1661 est.
415 1608 460 1662 16.
484 1606 592 1678 τεῖχος]
610 1603 713 1679 χεῖλος
734 1623 761 1678 p.
780 1607 849 1666 239.
868 1607 895 1662 2.
940 1606 1006 1661 titus
1030 1606 1058 1661 L.

69 1685 327 1764 Ἀχαιμενίτιόος]
356 1689 569 1745 Achaemenidis
593 1688 621 1745 L.
741 1693 787 1746 17.
816 1682 850 1744 τὸ
880 1685 980 1766 φρέαρ
1008 1685 1102 1746 ἐκεῖνο

69 1770 315 1848 Ἀχαιμινίτιόα]
335 1783 448 1847 putenm
471 1776 550 1830 illum
568 1783 669 1847 petrae
691 1774 897 1830 Achaemenide
915 1774 942 1830 L.
976 1775 1040 1830 llam
1063 1775 1104 1831 sic

75 1862 185 1917 coelicis
207 1861 366 1932 scripturam
387 1870 483 1932 petere
504 1860 687 1914 ochnmeuitle
709 1861 826 1915 correxit
841 1860 963 1933 Foggiui.
1055 1862 1101 1918 18.

75 1940 206 2016 Κόρου]
229 1946 312 1999 lrnmo
336 1939 520 2017 ilocupletior,
549 1955 580 2000 ut
602 1953 694 2001 monet
717 1945 838 2018 Foggini.
935 1948 981 2001 19.
1001 1936 1104 2019 Ἀχαι-

72 2027 195 2104 μένους
215 2030 309 2093 (rnluit
328 2023 516 2105 Ἀχαιμένης)
545 2031 626 2085 Gesu.
656 2031 682 2085 iu
705 2031 826 2102 margine
853 2046 903 2102 pro
921 2021 1102 2104 Ἀχιμινιός.

73 2116 289 2171 Achomenetta
312 2116 341 2170 L.
423 2106 652 2189 χρυσόπαστος]
676 2116 725 2170 “1ι1
742 2123 784 2170 est
797 2117 894 2170 eureis
906 2117 1020 2187 punctis
1036 2132 1103 2171 cott-

72 2216 207 2274 sperses,
244 2199 330 2255 llalim
348 2195 578 2274 χρυσόπρασος,
607 2217 676 2273 quoe
699 2217 803 2272 gemma
826 2199 917 2255 colore
941 2200 1014 2272 porri
1038 2216 1104 2255 suc-

72 2303 143 2342 cum
167 2284 259 2349 refert,
283 2302 350 2340 auro
373 2285 614 2340 intervenientibus
631 2285 725 2358 guttis,
749 2285 820 2340 nude
836 2285 960 2340 similiter
975 2284 1007 2340 ab
1024 2301 1101 2349 suro,

72 2381 106 2427 nt
133 2366 334 2442 chrysolithus,
368 2386 467 2425 nomen
496 2370 609 2442 accepit,
643 2386 697 2425 non
722 2370 889 2442 chrysolitho
917 2378 1017 2430 tamen.
1054 2368 1102 2425 sell

71 2454 197 2528 beryllo,
220 2455 253 2509 (lc
276 2471 328 2527 qua
351 2471 411 2509 mox
434 2464 540 2528 agetur,
564 2456 706 2527 cognata.'’
730 2455 825 2510 GESN.
871 2455 1059 2527 chrysopasus
1072 2455 1100 2510 L.

72 2545 130 2599 23.
157 2544 228 2594 hnte
251 2532 327 2611 ἔχων
349 2529 429 2606 εἶδος
450 2555 519 2614 quac
535 2540 574 2594 vel
592 2540 748 2595 exciderunt
770 2541 811 2595 vel
829 2540 919 2594 omisit
936 2540 1106 2610 Lpitumator

72 2624 249 2699 expressitL
265 2633 290 2679 et
303 2627 387 2688 ocris,
404 2626 551 2696 amethysti
566 2632 591 2679 et
603 2626 746 2696 pederotis
764 2625 882 2695 (corrige
895 2626 1080 2696 paederotes).

72 2715 130 2769 26.
155 2702 329 2765 ἀνακλάσαι
346 2712 426 2766 Geso.
443 2728 493 2784 pro
511 2702 695 2765 druxnhlont
771 2712 820 2765 29.
838 2707 933 2786 κηρῷ]
955 2709 1058 2763 corelli
1072 2708 1102 2764 L.

168 2796 241 2859 231,
264 2800 287 2851 1.
311 2790 478 2867 ἐκπώματα
501 2794 585 2867 (quotl
604 2794 737 2866 expressit
753 2794 784 2864 l.)
807 2794 888 2848 Gesn.
904 2794 930 2848 in
953 2810 1037 2864 rung.
1052 2808 1102 2866 pro

71 2870 278 2951 ιἰιτιτιόματα.
386 2884 415 2937 l.
436 2871 551 2945 όόατος
574 2871 729 2951 ἀταόκτοα]
759 2878 922 2950 Corruptum
945 2872 1101 2934 ἀταόκτοα.

72 2984 113 3022 es
135 2966 226 3036 petiis
254 2979 348 3036 aquae
371 2965 405 3020 L:
436 2965 507 3020 uncle
537 2965 643 3019 restitui
670 2955 786 3030 όόατος
812 2965 954 3019 στακτοῦ.
1073 2965 1100 3020 6.

73 3045 145 3107 inti
167 3041 428 3124 σανιόιαζόμινσς]
457 3043 519 3106 iuri
546 3040 788 3121 συνόιναζόμενος
819 3048 859 3103 vel
885 3043 968 3104 ἐστὶν
993 3040 1102 3120 ὃμοια-

74 3129 209 3207 ζόμινος
230 3136 377 3190 Gesnerus.
427 3136 456 3189 lu
480 3134 499 3188 L
522 3144 579 3195 est.
608 3151 640 3188 eo
663 3136 737 3206 qnod
758 3149 865 3204 ααραοτ
893 3136 977 3197 (corr.
1000 3134 1102 3203 unpuic

74 3237 143 3276 cnm
167 3220 266 3291 Fogg.)
294 3222 468 3274 urbanorum
495 3220 622 3273 virorem
648 3221 741 3273 instar
769 3225 833 3274 snut
863 3225 946 3280 (corr.
975 3220 1010 3272 sit
1039 3232 1101 3272 cum

75 3307 166 3378 Fogg.
184 3305 225 3359 vel
249 3311 301 3371 est)
323 3306 473 3359 monueris
489 3306 612 3377 quedem
632 3306 767 3358 mistione
781 3305 929 3374 conpulsis
945 3303 1102 3357 obrubescit

75 3402 165 3462 tcorr.
198 3391 384 3444 obvelesceas
413 3406 473 3445 curn
504 3389 611 3462 Βόας).
668 3389 742 3457 Quae
777 3389 922 3444 Salmasius
956 3389 981 3443 in
1015 3387 1100 3442 Solin.

74 3495 102 3548 p.
122 3477 198 3532 396.
222 3475 322 3530 codicis
346 3476 443 3530 veteris
472 3491 525 3546 ope
548 3475 586 3530 sic
610 3492 639 3530 se
662 3473 820 3529 emendasse
842 3474 914 3536 dicit,
943 3466 1103 3551 μαρμάρῳ

76 3555 145 3616 ἐστὶ
161 3551 477 3635 σιιτιρτθριαζόμινος
497 3552 554 3615 σόν
575 3561 612 3636 τῇ
635 3561 690 3615 τοῦ
713 3554 841 3632 αἳματος
860 3551 934 3638 ἶόόρ.
1022 3561 1050 3615 9.
1067 3550 1102 3614 τό

76 3639 227 3718 καθαρόν
248 3646 302 3717 τῆς
324 3637 514 3718 λευκότητος]
546 3638 581 3701 τό
611 3634 736 3721 ἀκριβὲς
763 3645 817 3717 τῆς
844 3635 997 3717 λειότητος
1019 3644 1100 3699 Gesn.

76 3734 102 3785 iu
128 3747 217 3803 marg.
242 3730 352 3785 frustra.

168 3816 241 3878 231.
260 3816 310 3872 25.
334 3806 368 3880 ὃς
388 3799 427 3887 ἦν
448 3805 464 3870 ὁ
487 3808 649 3888 όηλιοθιὶς]
677 3805 744 3887 ἤτοι
768 3804 783 3869 ό
808 3807 961 3888 optimate
983 3812 1003 3866 (l
1026 3812 1055 3883 ti.
1075 3826 1100 3865 e.

77 3902 231 3966 Gesnems)
254 3901 282 3954 in
306 3915 391 3971 marg.

167 3988 238 4048 232,
258 3986 308 4042 27.
333 3978 465 4040 πέταλον
485 3984 506 4039 G
528 3984 553 4039 in
577 4000 660 4056 marg.
677 4000 727 4056 pro
749 3976 870 4039 πότιλον.
947 3984 996 4038 29.
1012 3975 1102 4053 ἐγκα-

78 4069 282 4143 ταλεχθῆναι]
306 4064 598 4144 ἓγκατακλεισθῆναι
622 4070 643 4123 G
666 4071 691 4123 in
713 4085 797 4141 marg.

165 4158 235 4219 233,
260 4160 307 4213 li.
331 4145 477 4231 παρωπός
500 4154 545 4210 Gr.
569 4155 598 4227 (i.
616 4172 639 4210 e.
665 4153 784 4210 Gretseri
806 4150 912 4224 editio)]
935 4141 1102 4227 πορρααιὸν
