2586 4822
162 720 225 787 238
616 731 731 783 norrun
809 743 814 753 =

161 892 233 950 illius
254 891 353 948 librum
376 889 524 953 mandunt,
553 887 659 944 rideant
687 900 741 959 qua
762 885 869 943 ratione
890 895 946 942 tam
968 885 1081 943 foedam
1101 883 1186 944 lale·

162 978 263 1041 eluant,
287 976 360 1050 quod
381 975 461 1031 aliter
482 971 562 1047 quam
585 982 644 1029 toto
667 972 723 1038 illo,
747 981 1040 1044 quantumquantum
1067 983 1120 1037 est,
1141 972 1187 1029 tle-

161 1062 217 1119 leto
248 1062 336 1135 Opere
364 1060 496 1135 consequi
522 1076 577 1115 non
606 1066 747 1132 poterunt.
790 1057 861 1113 Sunt
888 1057 963 1114 euim
992 1057 1094 1131 capitis
1121 1058 1188 1115 illut

162 1149 288 1221 dogmata
316 1163 349 1203 er
377 1145 462 1219 ipsius
490 1144 630 1200 doetrinae
658 1140 807 1199 visceribus
835 1141 1000 1215 deprompta
1025 1152 1138 1200 etcum
1158 1160 1187 1200 et

162 1249 276 1308 prorsus
304 1231 449 1305 implicata.
494 1230 546 1286 Sed
576 1230 628 1285 iam
656 1228 748 1302 paucis
776 1227 847 1284 illius
870 1221 1107 1304 παρεγχείρημο
1128 1246 1188 1302 perb

163 1318 338 1390 stringamus.
383 1315 420 1370 Ex
442 1314 577 1370 Addondit
599 1331 627 1387 p.
645 1312 730 1385 lod-l

250 1401 394 1475 [Sequitur
416 1399 552 1456 Excursus
574 1399 629 1454 Vll.
651 1398 693 1454 De
719 1397 1185 1469 Testore'teuedeeott'tttruutCyde

163 1505 190 1560 p.
207 1484 400 1556 tta-ton]

250 1571 310 1629 823
322 1587 347 1625 u.
368 1562 427 1652 κᾷν
440 1585 471 1626 τε
487 1566 685 1642 πλονηθῶοι]
708 1567 736 1624 si
751 1567 793 1623 vel
808 1567 968 1624 aberrantes
984 1568 1063 1634 illos,
1086 1568 1127 1642 qui
1141 1568 1182 1622 lu·

162 1655 237 1712 deice
253 1653 437 1718 celebrabant,
460 1654 558 1710 imitari
573 1653 669 1709 iulrent
683 1652 816 1726 Apostoli,
831 1663 906 1709 reete
921 1651 950 1708 id
966 1651 1179 1710 abAudianisrl-

161 1741 246 1799 latum
269 1750 313 1797 est
332 1740 366 1797 ad
388 1739 430 1795 sui
453 1756 484 1796 ac
506 1739 605 1796 Iudaici
621 1737 760 1795 Paselratia
774 1736 949 1812 praesidium.
974 1741 1011 1794 At
1028 1737 1177 1813 Epiphanius

162 1815 228 1883 κατ’
237 1820 449 1898 οἷκονομίανοῑ
459 1824 493 1880 ad
505 1834 613 1898 tempus
625 1824 754 1880 duntaxat
763 1823 917 1879 institutum
930 1823 986 1880 lroe
994 1823 1177 1880 luisseeeotet.

248 1905 279 1978 ἓξ
308 1901 412 1966 αὐτῶν
440 1903 474 1966 δὲ
501 1911 563 1965 τῶν
587 1904 680 1965 ἐκεῖσε
702 1901 879 1983 εἰρημένων]
924 1907 1003 1976 Quae
1028 1917 1178 1985 sequuntur,

162 1995 261 2053 mirum
284 1996 310 2050 in
333 1997 443 2052 modum
467 1995 601 2067 implicata
624 2003 689 2050 sunt
711 2003 738 2050 et
755 1992 880 2049 obseura.
911 1992 1180 2066 Suspicabarltaete·

162 2096 215 2136 nus
237 2060 397 2136 daimon
417 2079 505 2142 illam,
535 2078 569 2135 da
591 2096 644 2152 qua
666 2079 802 2152 loquitur,
825 2078 859 2135 de
880 2077 1013 2134 Audianis
1035 2078 1180 2151 intelligan-

163 2164 234 2228 dom,
258 2163 358 2237 quibus
381 2164 612 2220 Constitutionum
635 2164 749 2221 istarum
771 2163 883 2220 Decreta
906 2162 1093 2236 refragantur.
1121 2162 1178 2231 out

163 2248 235 2307 enim
264 2248 336 2304 aliud
363 2249 480 2305 laeerem
512 2249 538 2304 iu
569 2258 622 2304 tam
655 2248 769 2321 abrupta
803 2247 998 2321 inconditoque
1036 2243 1178 2306 sententiat

162 2332 262 2389 Verum
290 2334 421 2390 attentius
449 2335 477 2389 in
506 2351 568 2390 eum
598 2334 687 2391 locum
716 2333 875 2390 incumbens
899 2350 929 2389 ex
954 2331 1176 2409 consequentum

164 2418 243 2475 didici
266 2418 347 2475 alium
371 2437 431 2476 esse
454 2437 575 2483 sensum,
599 2437 681 2492 quem
703 2418 750 2474 tihi
767 2418 858 2492 pannis
875 2435 1021 2492 erponem.
1054 2420 1120 2475 Cum
1130 2421 1177 2474 lt-

163 2504 236 2561 diaui
256 2503 291 2560 ad
312 2504 445 2561 ludoicum
468 2504 606 2561 Pusolratis
636 2503 861 2560 consuetudinem
882 2503 1081 2561 adstruendam
1101 2504 1176 2562 loten

163 2589 299 2663 quendam
322 2606 354 2646 er
375 2589 538 2663 Apostolieis
554 2588 799 2646 Constitutiouilrus
823 2589 1048 2663 proposuissent,
1072 2590 1117 2663 qui
1136 2588 1177 2644 ltot

110 2675 254 2748 292ipsum
276 2674 385 2732 disertis
407 2675 602 2749 conceptisque
626 2674 713 2730 verbis
737 2673 875 2730 testificari
891 2673 1049 2730 uideretur:
1072 2673 1178 2748 Epiplu-

163 2759 224 2816 nius
247 2759 382 2840 advorsus⁴
397 2760 465 2833 legis
487 2759 569 2815 rerba
591 2759 659 2832 legis
681 2759 815 2816 sententia
837 2759 966 2832 pugnant
989 2769 1018 2816 et
1034 2760 1177 2831 adtemptat

163 2845 293 2902 duntaxat
314 2861 345 2900 ae
369 2845 484 2901 tuendae
507 2846 669 2901 concordiae
691 2845 786 2917 gratia,
811 2834 875 2901 κατ’
898 2838 1083 2917 οἰκονομίαν
1096 2845 1177 2903 deote-

162 2938 221 2986 tum
242 2929 309 2986 illud
332 2930 452 2987 extitisse
474 2930 576 2986 doouit.
607 2930 689 2986 Cuius
711 2929 876 2986 defensionis
899 2929 1083 2987 illustrandae
1097 2943 1178 2986 eausu

161 3014 273 3070 alteram
296 3014 391 3072 iisdem
413 3016 441 3072 in
458 3013 704 3071 Constitutiouibus
727 3006 904 3088 ἀντινομίαν
927 3024 954 3069 et
970 3014 1180 3072 eoullictumiu·

162 3116 223 3155 esse
246 3099 427 3166 demonstrat,
451 3110 587 3173 quatenus
610 3099 729 3155 diuersae
752 3100 907 3156 sanationes
928 3098 981 3154 silai
1006 3101 1123 3158 invicem
1141 3115 1180 3155 re·

160 3198 283 3255 pugnare
306 3183 441 3248 videntur,
464 3202 525 3240 rum
548 3201 640 3241 revere
665 3201 721 3241 non
736 3184 899 3257 discrepent,
923 3184 1019 3240 sinon
1039 3182 1178 3242 umrebt

161 3281 242 3338 quam
264 3268 428 3323 sententiam
451 3279 568 3341 spectes.
600 3262 728 3344 νοήματι
752 3263 787 3326 δὲ
808 3270 893 3327 πᾶσα
913 3260 933 3343 ἡ
956 3261 1099 3343 ἀλήθεια
1118 3262 1179 3340 lom

159 3351 216 3407 τοῦ
238 3343 442 3427 κηρύγματος.
473 3353 517 3410 Sic
540 3355 611 3410 enim
636 3356 702 3412 haec
724 3355 926 3429 interpretanda
948 3354 1103 3412 oredimus.
1141 3353 1181 3410 tat

161 3445 253 3493 autem
275 3435 366 3510 legum
389 3436 434 3493 ille
457 3437 599 3494 conssietus
623 3440 764 3496 eiusmodi.
801 3439 898 3495 lubent
920 3439 1049 3512 Apostoli
1072 3444 1181 3513 drymo-

159 3536 221 3579 rum
244 3521 303 3595 ipso
325 3521 368 3578 die
390 3522 489 3579 ieiunia
512 3532 539 3580 et
555 3524 721 3597 pervigilia‘a
738 3523 896 3581 Christianis
911 3522 991 3580 obiri.
1023 3524 1109 3581 ltem:
1132 3538 1179 3597 qut

159 3605 197 3662 illi
220 3615 344 3680 tempore
367 3608 493 3666 conviviis
516 3618 544 3665 et
566 3609 745 3666 hilaritatlbus
768 3619 872 3674 vacant,
895 3608 993 3681 lugere
1014 3626 1048 3665 ao
1067 3611 1180 3667 ieiunam

160 3689 328 3748 Christianos
352 3703 379 3748 et
401 3702 496 3751 eontra
518 3693 674 3768 lugentibus
697 3695 749 3751 illis
771 3694 884 3768 epulari,
908 3710 939 3750 ao
954 3693 1078 3751 laetitiae
1093 3712 1123 3751 se
1137 3693 1180 3749 da-

160 3774 234 3832 dere.
264 3775 322 3832 ntia
343 3795 427 3850 porro
450 3777 493 3837 lex
508 3779 653 3836 Dominicis
669 3779 766 3836 diebus
782 3780 902 3836 ieiunare
917 3777 1062 3852 prohibet.
1086 3780 1180 3849 Quam

159 3857 255 3916 obrem
284 3861 308 3917 si
335 3861 363 3918 in
385 3863 550 3920 llominieam
580 3864 683 3936 primus
707 3865 779 3938 apud
802 3864 915 3921 ludaeos
937 3866 1107 3937 Arymorum
1129 3863 1179 3920 da

159 3943 298 4010 inciderit,
328 3963 360 4003 ex
389 3949 534 4022 posteriori
562 3948 628 4022 lege'
644 3949 765 4007 ieiunare
788 3950 864 4007 nolas
885 3949 985 4013 luerit,
1012 3951 1091 4023 quod
1113 3949 1181 4023 prior

160 4036 249 4090 umen
272 4032 464 4091 constitututio
493 4033 661 4107 praescribit.
706 4034 785 4092 l'itles
807 4035 977 4092 manileetem
1001 4025 1181 4110 ἀντιλογίαν.
