2586 4822
161 796 182 855 4
525 804 546 854 1.
583 804 646 853 ειε
663 803 707 853 τι
725 802 817 854 nm.

159 950 246 1021 άλλόι
274 957 504 1036 πνευματικῶς
532 954 755 1039 ε’γχορεάουσα.
795 952 926 1037 ἕόρταζε
955 950 1087 1036 ἑορτὰς,
1126 951 1183 1019 τίν

159 1054 226 1117 τῶν
250 1049 395 1119 εἰδώλων
417 1049 631 1117 κατάπτωσιν
645 1052 817 1135 βλέπουσα
839 1048 892 1115 καὶ
915 1051 981 1113 τῶν
1004 1050 1182 1134 ἐκκλησιῶν

158 1152 217 1234 την
241 1142 422 1214 ἀνάστασιν
446 1148 573 1230 ἐ’χουσα.
612 1146 696 1231 μετὰ
717 1145 778 1231 γάρ
794 1145 931 1212 Παύλου
953 1150 1023 1227 βοῶ
1047 1169 1104 1212 σοι
1126 1149 1207 1233 τῆςι)

160 1245 251 1328 ἱεράς
271 1247 325 1311 καὶ
347 1244 490 1331 μεγάλης
513 1247 640 1331 φωνῆς·
677 1244 719 1309 τὰ
742 1240 863 1326 ἀρχαῖα
885 1245 1072 1327 παρῆλθαν,
1110 1242 1183 1308 ίδοῦ

133 1348 269 1429 εγέγονε
290 1340 332 1407 τά
355 1341 466 1408 πάντα
488 1341 594 1418 καινά,
625 1335 708 1407 άλλόι
736 1341 799 1425 μὴν
828 1342 881 1405 καὶ
905 1339 1089 1422 παράδοξα.
1130 1339 1183 1405 διὸ

155 1446 285 1523 χαίρετε
316 1438 349 1504 ἓν
378 1444 493 1524 κυρίην,
527 1441 676 1521 Χριστοῦ
710 1438 844 1503 νεολαία
874 1443 1018 1518 χαίρετε·
1052 1444 1183 1521 χαίροις

156 1538 306 1621 Χριστοῦ
323 1534 484 1619 ἐκκλησία,
501 1540 624 1617 τέρπου
641 1533 695 1598 καί
712 1529 899 1619 εῦφραίνου,
923 1533 1068 1617 θύγατερ
1084 1537 1180 1599 θεοῦ.

156 1637 218 1699 σοῦ
240 1632 301 1717 γὰρ
324 1635 419 1699 πάσα
441 1628 460 1718 ἡ
485 1632 575 1711 δόξα,
600 1627 645 1708 ῶς
659 1631 826 1714 θυγατρὸς
840 1633 898 1695 τοῦ
914 1632 1078 1713 βασιλέως
1095 1637 1182 1713 Χρι-

156 1733 237 1797 στοῦ
266 1730 396 1796 ἔσωθεν
426 1725 509 1813 όμοῦ
541 1754 577 1795 τε
599 1730 651 1794 καὶ
676 1728 817 1805 ἔξωθεν·
853 1721 961 1792 οάκίτι
987 1726 1180 1813 χήρανδρος,

117 1822 241 1901 ίοᾶλλὰ
263 1827 428 1911 θέανδρος
451 1825 654 1904 ἒξανθοῦσα,
690 1819 798 1890 οὐκέτι
827 1824 863 1901 ἐξ
890 1818 1064 1906 εῦωνόμων
1094 1827 1180 1890 θεοῦ

156 1923 213 1989 διὰ
234 1922 292 2006 τήν
316 1923 598 2005 εἷδωλολατρείαν,
635 1918 707 1988 ἀλλ’
734 1922 767 1987 ἐκ
798 1922 913 1999 δεξιῶν
936 1927 1178 2007 παρισταμένη,

155 2019 211 2085 καὶ
238 2026 460 2106 κεκοσμημένη
489 2019 546 2084 διὰ
575 2018 632 2105 τὴν
661 2024 884 2103 θεογνωσίαν·
925 2014 1032 2082 οόκέτι
1060 2017 1221 2100 αἳματιὸί

156 2117 297 2201 δουλικῷ
322 2122 512 2202 φυρωμίνη,
543 2112 627 2181 άλλόι
649 2116 766 2197 αἵματι
789 2118 893 2199 θεῑκῴ
917 2115 1178 2199 σφραγιζομένη·

156 2207 265 2279 οῦκέτι
279 2212 337 2277 τὸν
349 2209 457 2299 Ὠβὴλ,
484 2206 568 2277 ἀλλὰ
588 2210 645 2276 τόν
664 2208 866 2296 Ἐμμανουὴλ
884 2217 1043 2295 σέβουσα·
1067 2206 1179 2277 οὐκέτι

117 2310 213 2395 κενὴν
239 2308 396 2393 Τρωάδα,
427 2304 511 2373 ἀλλὰ
539 2308 597 2397 τὴν
619 2309 738 2391 τριάδα
767 2309 966 2387 δοξάζουσα·
996 2302 1106 2374 οῦκίτι
1129 2334 1180 2373 τι·

154 2411 252 2491 μῶσα
267 2405 324 2471 τόν
336 2405 512 2483 Πλάτωνα,
530 2401 614 2472 άλλὰ
629 2405 685 2470 τόν
701 2405 953 2488 παντοκράτορα
968 2405 1050 2471 θεὸν
1067 2400 1178 2491 ἡμῶν·

155 2501 263 2571 οάκέτι
281 2498 424 2591 Ἡρακλῆ
446 2501 504 2566 τόν
526 2498 730 2581 άλεξίκακον,
767 2497 851 2567 ἀλλὰ
879 2501 936 2567 τόν
964 2502 1177 2586 παράκλητον

154 2604 207 2667 καλ
231 2600 366 2667 πάντων
395 2598 545 2685 ποιητήν.
591 2594 698 2664 οὐκέτι
727 2609 923 2682 προσκυνεῖς
942 2593 1179 2684 Ἀριστοτέλην

155 2704 351 2784 σοφίσαντα,
376 2690 460 2763 άλλὰ
481 2695 564 2761 θεὸν
586 2695 645 2761 τὸν
667 2696 714 2772 εἷς
735 2699 811 2781 τέλη
826 2699 893 2760 τῶν
911 2695 1040 2761 αἰώνων
1056 2697 1095 2761 σὲ
1113 2694 1174 2761 σῶ-

114 2817 267 2871 γρσαντα.
313 2798 470 2858 πέπτωκε
492 2791 628 2873 Κρόνος,
661 2788 714 2857 ότι
736 2793 941 2875 σεσάρκωται
963 2790 1045 2869 θεὸς
1068 2792 1178 2875 λόγος,

154 2886 193 2955 οὗ
215 2888 279 2974 μὴν
295 2884 413 2971 ἀνδρὸς
436 2889 470 2954 ἐκ
486 2895 642 2966 παθείας,
667 2883 751 2954 ἀλλὰ
766 2889 972 2970 θεανδρικῶς
987 2888 1021 2953 ἐκ
1036 2894 1179 2970 Μαρίας

154 2984 340 3071 ἐπιφανείς.
393 2981 489 3068 δρᾶτε
519 2989 576 3071 τῆς
605 2981 726 3072 ἡμέρας
760 2986 818 3071 τὴν
845 2985 955 3068 χάριν,
991 2979 1092 3067 ὁρᾶτε
1120 2988 1203 3073 τῆςΒ

154 3081 269 3166 ἑορτῆς
295 3080 353 3164 τὴν
382 3081 607 3166 λαμπρότητα.
644 3093 738 3167 χαῖρε
767 3089 878 3149 τοίνυν
906 3084 958 3147 καὶ
984 3076 1178 3168 εὐφραίνου,

153 3178 299 3262 θύγατερ
322 3176 425 3255 Σιῶν,
455 3184 578 3260 τέρπον
601 3180 655 3245 καὶ
683 3178 827 3264 άγάλλου
856 3181 951 3245 πάσα
980 3174 997 3242 ί
1021 3178 1179 3266 ἐκκλησία

112 3279 211 3353 γετοῦ
235 3278 334 3354 θεοῦ,
369 3265 449 3358 άρον
476 3275 580 3361 κύκλῳ
608 3276 685 3353 τοὺς
708 3273 907 3362 όφθαλμοός
930 3299 1006 3354 σου,
1040 3279 1095 3343 καὶ
1127 3278 1179 3344 ἴδε

154 3377 336 3458 συνηγμένα
364 3372 406 3437 τὰ
427 3373 511 3438 ποτὲ
541 3375 819 3456 διεσκορπισμένα
846 3378 912 3439 τῶν
941 3372 1050 3438 ἐθνῶν
1080 3379 1180 3439 τέκνα

153 3493 223 3536 σου.
263 3470 314 3535 ἰ’δε
336 3471 394 3554 τῆς
415 3469 531 3556 ἑορτῆς
551 3469 609 3554 τὴν
633 3466 813 3557 εὐφημίαν·
845 3472 896 3536 ἰ’δε
924 3472 982 3534 τοῦ
1011 3471 1094 3535 λαοῦ
1118 3469 1177 3555 τὴν

153 3572 365 3653 συμφωνίαν·
401 3567 452 3632 ἴδε
480 3570 594 3632 πᾶσαν
622 3568 774 3651 γλῶσσαν
798 3567 844 3645 εἷς
865 3574 945 3650 μίαν
968 3565 1077 3644 δόξαν.
1125 3568 1178 3632 ἴδε

152 3660 244 3730 ἅπαν
267 3663 374 3745 στόμα
397 3659 442 3740 ῶς
464 3666 498 3727 ἓν
514 3663 630 3746 στόμα,
655 3665 706 3729 λ’δε
728 3665 769 3728 τὰ
791 3671 871 3747 πρὶν
893 3662 1048 3750 θηρεθνα
1070 3661 1105 3729 ἐν
1121 3665 1176 3728 σοὶ

109 3760 350 3844 ωτυγχάνοντα
379 3759 548 3842 πρόβατα,
588 3761 638 3825 ἴδε
666 3760 775 3826 ἐθνῶν
806 3759 1027 3843 ἑορταζόντων
1050 3757 1178 3845 ἐπιφη-

150 3880 275 3940 μισμα,
306 3850 482 3940 άγγελικῶν
505 3851 689 3937 ἀσωμάτων
712 3853 859 3940 ὑπάρχον
881 3856 920 3922 τό
941 3863 1091 3938 μίμημα,
1123 3857 1203 3930 ἴδει·Ι

152 3957 364 4038 συμφωνίαν,
399 3948 585 4035 άσωμάτων
615 3961 851 4036 χοροστασίαν,
886 3954 938 4019 ἴδε
966 3952 1103 4031 στάσεις
1131 3950 1179 4032 ῶς

152 4043 296 4133 άγγίλων
319 4049 437 4128 τάξεις.
482 4044 549 4131 δρῶ
571 4050 648 4128 τοὺς
670 4046 791 4133 ῦμνοας
813 4046 858 4128 ῶς
881 4044 1025 4134 ἀγγέλων
1042 4045 1177 4133 ῦμνσυς,
