2586 4822
463 850 575 902 rtatttt
594 851 767 902 rattruut).
1020 856 1128 901 fflnll

111 1003 189 1058 serti.
221 1002 368 1075 Postquam
390 1004 461 1058 enisu
477 1003 597 1059 Cor-narii
613 1005 706 1060 Latiare
728 1002 871 1061 emendare
894 1023 962 1063 suut.
977 1006 1126 1078 ingressos,

112 1087 318 1162 periculumque
340 1088 513 1144 recensendis
535 1088 637 1160 aliquot
660 1089 763 1163 paginis
786 1089 851 1154 leci,
881 1089 977 1162 ecquid
999 1091 1127 1147 mediocri

112 1171 200 1244 aliqua
224 1173 383 1228 tractatione
406 1174 539 1229 nitescere
561 1190 592 1228 ac
613 1175 741 1246 perpoliri
765 1184 871 1246 posset,
902 1175 979 1247 plena
1003 1193 1057 1230 raon
1080 1195 1127 1231 so-

111 1256 166 1312 lom
191 1257 288 1313 tostino
311 1258 365 1313 visa
388 1276 431 1313 res
454 1267 509 1322 cst,
536 1260 582 1314 sed
607 1259 685 1313 etiam
710 1260 848 1316 molestiae
870 1268 897 1316 et
920 1259 1056 1314 illiberalis
1078 1279 1128 1315 ou-

112 1342 216 1398 iosrlaru
239 1361 338 1416 operae
354 1361 384 1398 ac
400 1343 508 1398 lahoris.
539 1345 578 1398 lta
593 1344 676 1399 molta
694 1353 749 1399 torn
766 1344 905 1408 demenda,
929 1347 1126 1408 comnmtanda,

112 1428 300 1500 interpolanda
323 1429 447 1489 loeront,
472 1438 501 1483 ot
524 1445 574 1500 ego
599 1428 764 1483 tolerabilius
788 1448 848 1484 esse
871 1439 1027 1493 statuerem,
1050 1431 1128 1484 aliam

111 1512 143 1568 de
168 1513 275 1585 integro
297 1531 328 1568 ae
350 1531 445 1568 novam
467 1523 583 1577 struere,
607 1531 687 1587 qoam
710 1514 821 1577 alienae,
849 1515 1007 1586 praesertim
1030 1513 1128 1569 harlin-

111 1615 156 1653 rae
181 1598 363 1670 insulsaeque,
388 1599 529 1653 tectorium
553 1598 689 1652 inducere.
732 1599 804 1654 Cossi
823 1600 905 1670 igitur
926 1600 1024 1655 inritos
1047 1609 1127 1671 atquc

111 1683 249 1738 haesitans
277 1684 355 1744 lieet,
387 1692 413 1738 et
442 1685 467 1738 in
498 1684 549 1738 hoc
579 1700 621 1737 nte
644 1685 786 1756 pistrinum
810 1684 916 1739 detrudi
939 1685 1127 1757 corripingiqoc

110 1786 172 1822 som
195 1785 307 1840 passos,
338 1778 368 1823 ot
390 1785 451 1823 euna
474 1769 650 1840 scriptorem,
681 1786 760 1840 qoem
784 1769 984 1841 castigandum,
1015 1779 1043 1825 ot
1066 1770 1127 1830 disi,

110 1863 193 1925 atque
216 1853 366 1908 ornandum
390 1853 576 1909 tantummodo
598 1871 787 1925 susceperam,
817 1854 911 1909 Latino
934 1855 1046 1926 insopor
1067 1874 1128 1910 ser-

111 1955 193 1993 mone
215 1947 410 1993 converterem.

197 2022 244 2077 Est
272 2023 336 2078 illud
365 2024 486 2094 prolecto
513 2040 598 2095 gertus
622 2023 886 2094 interpretamlorum
908 2021 1039 2077 lihrorom
1062 2022 1127 2077 otilo

111 2106 191 2163 honis
219 2106 337 2170 artibus,
367 2117 394 2163 et
419 2109 492 2181 quod
515 2108 601 2163 maior
622 2125 684 2179 pars
707 2108 807 2163 Graece
830 2117 876 2162 aot
898 2107 1008 2163 orrrnino
1032 2109 1126 2170 nescit,

111 2203 157 2248 aut
186 2210 241 2247 non
269 2193 304 2247 ita
334 2193 399 2256 seit,
431 2202 460 2247 ιιι
483 2193 515 2247 iis
536 2192 697 2247 adiumentis
720 2210 812 2247 carere
836 2192 938 2264 possit,
969 2193 1018 2247 hac
1040 2202 1127 2247 aetate

112 2278 304 2333 necessarium.
335 2278 388 2332 Sed
410 2277 480 2331 idem
503 2287 591 2332 tamen
615 2295 669 2333 non
693 2278 780 2332 solum
797 2278 908 2332 insuave
924 2294 973 2348 per
988 2295 1057 2341 sese,
1082 2296 1128 2332 re-

111 2381 170 2417 rnm
195 2362 284 2425 etiam,
309 2370 422 2434 propter
443 2380 575 2417 sumniam
599 2364 650 2417 hoo
674 2371 796 2434 ternpore
818 2362 987 2417 obtrectandi
1010 2362 1128 2434 imponi-

111 2457 194 2503 tatem
226 2463 257 2503 ac
288 2447 439 2510 licentiam,
469 2447 603 2502 solicitum
626 2464 657 2502 ae
679 2446 822 2501 lubricum.
867 2447 997 2514 Quoniam
1020 2446 1127 2518 quidem

112 2543 186 2588 recte
209 2533 294 2596 sacto,
319 2532 460 2587 mediocris
483 2531 657 2604 approbatio;
681 2541 784 2596 errato,
809 2531 943 2596 sincello
966 2532 1057 2593 venia,
1082 2550 1128 2586 re-

112 2619 226 2673 hemens
247 2627 275 2672 et
297 2626 372 2672 atron
396 2618 572 2688 reprehensio
596 2617 765 2688 proponitur.
797 2617 825 2672 ld
840 2616 907 2671 adeo
923 2625 1060 2671 certorum
1077 2617 1128 2671 lio-

111 2705 213 2758 minum
227 2702 430 2773 importunitate
447 2711 473 2756 ct
489 2702 683 2757 inhumanitate
700 2701 738 2764 lit,
762 2701 808 2772 qoi
820 2718 881 2755 conr
894 2701 944 2772 ipsi
961 2700 1018 2755 sine
1035 2717 1127 2755 errore

111 2786 177 2843 nihil
201 2786 329 2851 scribant,
354 2803 442 2858 neque
465 2803 494 2841 se
517 2804 531 2840 a
555 2803 690 2858 quoquam
713 2786 838 2857 redargui
862 2786 1009 2857 patiuntur,
1034 2793 1061 2839 et
1076 2785 1128 2840 hoc

112 2873 200 2945 ipsum
224 2882 312 2928 tamen
336 2872 475 2944 tyrannico
498 2870 548 2926 sihi
571 2872 629 2926 iore
652 2871 679 2925 in
703 2880 827 2926 caeteros
843 2879 984 2950 usurpant.
1016 2869 1063 2924 Est
1078 2887 1128 2925 au-

112 2965 165 3013 tem
196 2957 224 3012 in
253 2956 361 3012 Graecis
394 2957 513 3012 Latinam
543 2955 569 3010 in
598 2956 716 3028 linguam
747 2955 939 3010 transferendis
965 2954 1070 3026 lapsum
1098 2972 1128 3009 ae

112 3042 352 3115 reprehensionem
382 3042 480 3097 evitare
508 3041 628 3104 difficile,
659 3050 802 3113 propterea
830 3039 903 3111 qnod
925 3057 1005 3094 uerno
1029 3048 1071 3094 est
1093 3037 1143 3095 ita'

113 3127 272 3183 necessariis
294 3127 327 3181 ad
349 3126 374 3181 id
397 3141 495 3182 munus
519 3126 656 3198 praesidiis
680 3126 844 3187 instructus,
874 3124 920 3197 qui
943 3133 989 3179 aot
1011 3126 1128 3180 Graecos

113 3230 208 3268 omnes
229 3213 359 3267 authores
382 3212 493 3283 legerit,
517 3220 563 3266 aut
585 3212 742 3265 innnensaro
765 3211 816 3264 vim
838 3210 935 3265 artium
958 3208 1078 3264 omnium
1101 3219 1128 3264 et

114 3297 267 3361 materiam,
297 3313 411 3369 quarum
434 3314 465 3351 ex
487 3296 597 3351 seientia
621 3296 792 3377 ellloreseepe
821 3311 852 3350 ac
874 3294 1025 3349 redundare
1047 3293 1128 3349 debet

115 3382 317 3454 interpretatio,
348 3398 399 3437 uso
429 3390 456 3436 et
478 3383 606 3435 memoria
629 3379 849 3452 comprehendat.
895 3380 960 3447 Quis
982 3388 1024 3434 est
1047 3380 1126 3441 carim,

115 3468 158 3539 qui
191 3467 293 3522 divinas
320 3468 504 3538 humanasque
527 3465 695 3538 disciplinas,
726 3466 771 3537 qui
795 3464 972 3536 Theologiae,
1002 3463 1128 3519 Philoso-

114 3552 192 3624 phiae
219 3569 251 3606 ae
272 3551 462 3606 llathematum
491 3560 582 3623 partes
610 3567 719 3614 omnes,
749 3551 794 3623 qni
823 3550 890 3604 loris
919 3567 949 3603 ac
972 3548 1127 3608 llcdieioae,

114 3639 158 3710 qui
180 3637 299 3691 minutas
321 3636 437 3708 deniqne
459 3645 532 3691 artes
555 3635 595 3690 vel
618 3653 688 3690 tanos
711 3634 850 3689 exlraorire
875 3633 1002 3707 potnerit,
1027 3633 1068 3688 rol
1085 3635 1128 3687 in-

114 3721 214 3777 licitam
239 3720 439 3785 uocabolorum,
467 3738 536 3792 quae
559 3721 656 3792 coique
679 3720 787 3792 propria
810 3727 888 3781 sont,
923 3718 1013 3773 silvam
1042 3718 1128 3772 varie-

115 3814 252 3881 tatemque
274 3804 408 3861 serutari?
436 3806 516 3878 Atqui
539 3823 599 3862 corn
622 3805 666 3859 illa
681 3805 779 3878 passim
796 3805 959 3859 Graecorum
976 3804 1128 3858 monimen-

115 3891 145 3946 tis
167 3908 280 3964 aspersa
296 3899 368 3956 sord,
393 3901 449 3946 tum
466 3890 622 3946 eorumdem
642 3890 744 3945 inscitia
762 3906 955 3960 taottnonqoani
971 3887 1128 3943 hallucinari

113 3975 289 4050 interpretem
311 3994 361 4048 par
382 3986 433 4038 est,
457 3986 484 4031 et
506 3975 539 4031 ab
555 3975 625 4030 illius
641 3976 706 4030 artis
722 3974 825 4046 peritis,
848 3982 1036 4044 contraquam
1053 3989 1129 4027 corn-

112 4061 222 4117 missum
253 4060 353 4133 aliquid
376 4061 473 4124 luerit,
503 4061 562 4116 sitia
586 4061 641 4133 ipsa
666 4058 841 4132 deprehendi.
887 4059 939 4113 Sed
963 4067 1054 4112 matria
1077 4056 1128 4110 ista

114 4147 252 4223 castigatio
285 4146 386 4205 erroris
415 4154 442 4203 et
464 4146 656 4203 animadversio
678 4146 817 4202 maximam
841 4144 918 4200 allert
939 4141 1128 4202 cornmonihos

937 4240 977 4288 F*
