2586 4822
157 787 199 851 aa
461 800 575 853 manen
594 798 877 851 iniainieasmaes

246 949 443 1031 Μαξιμιανὸς
469 949 503 1012 ile*
531 958 614 1036 κακῷ
641 947 741 1035 μόρῳ]
786 956 824 1011 lle
854 955 1014 1011 'Maximiano
1047 952 1177 1012 Herculio

63 1030 68 1039 ’
160 1041 316 1100 Diocletiani
344 1042 447 1115 collega
474 1040 548 1114 loqui
572 1059 601 1098 se
623 1042 726 1115 putavit
748 1051 776 1097 et
796 1058 860 1097 sero
882 1038 978 1097 debuit
999 1039 1179 1112 Epiphanius,

160 1128 208 1187 aad
230 1127 302 1200 quod
324 1128 376 1182 hoc
393 1126 454 1182 loco
470 1136 569 1190 narrat,
593 1126 684 1181 neutri
698 1125 865 1189 Maximiano,
888 1123 937 1182 sed
951 1123 1093 1180 Maximino
1106 1139 1180 1181 con·

159 1215 229 1287 ugit.
267 1212 469 1285 Saepenumero
492 1211 587 1266 Graeci
609 1211 755 1284 scriptores
778 1210 948 1266 Maximianus
970 1210 1040 1265 dnos
1061 1209 1178 1266 invicem

160 1306 188 1355 et
214 1314 274 1354 cnm
298 1296 439 1351 Maximino
468 1295 646 1350 confundunt.
692 1295 766 1364 Quae
795 1312 838 1351 res
865 1295 944 1351 etiam
967 1294 1178 1350 attentissimum

159 1383 289 1439 lectorem
314 1381 435 1437 frustrari
458 1381 553 1452 possit.
585 1378 765 1436 Diocletianus
789 1389 816 1435 et
838 1379 1009 1435 Maximianus
1033 1377 1180 1434 Herculius

159 1466 347 1524 Constantium
377 1464 504 1521 Chlorum
539 1473 566 1520 et
596 1464 730 1520 Galerium
762 1464 946 1520 Maximianum
977 1464 1179 1519 acmentarium

161 1550 288 1608 Caesares
311 1558 413 1613 creant,
437 1549 483 1622 qui
506 1548 697 1622 postillarum
720 1549 902 1606 secessionem
925 1549 1093 1622 Augustius
1108 1547 1180 1604 Gae-

159 1635 265 1693 saribus
287 1634 359 1691 lacti.
391 1634 511 1690 Galerius
534 1633 706 1690 Maximianus
729 1634 797 1690 duos
815 1633 943 1690 Caesares
965 1633 1106 1689 constituit
1129 1649 1180 1689 so-

160 1736 253 1778 rorum
275 1719 354 1784 lilios,
379 1719 407 1774 G.
424 1718 558 1775 Galerium
574 1719 752 1782 Maximinum,
776 1735 857 1793 quem
873 1718 975 1775 Orienti
996 1716 1129 1791 praeierit
1152 1726 1180 1773 at

160 1805 347 1862 Muluccham
364 1804 501 1868 Severum,
525 1804 567 1860 cui
591 1804 763 1861 Occidentem
786 1804 917 1877 permisit.
948 1803 1064 1859 Severus
1079 1802 1182 1858 Caesar

78 1890 90 1910 ‘
160 1889 303 1955 atlalerio
326 1889 483 1944 Maximiano
512 1897 606 1945 contra
629 1889 790 1946 Maxentium
818 1891 917 1945 missus
940 1880 1081 1944 Ravennae
1102 1888 1182 1944 oeci-

161 1975 248 2038 ulitur,
278 1976 314 2030 nit
336 1972 469 2030 Eusebius
498 1974 525 2028 in
548 1972 698 2039 Chronico,
728 1974 867 2030 Victoria
892 1971 1050 2029 Caesaribus
1073 1971 1180 2028 etalii.

161 2058 333 2115 Maximianus
356 2058 497 2114 Herculius
526 2069 665 2132 resumpto
689 2059 803 2132 lmperio
826 2076 887 2114 cum
909 2057 1019 2114 insidias
1042 2056 1181 2112 Constan-

162 2144 218 2201 tino
240 2161 342 2217 genero
365 2152 492 2205 strueret,
516 2143 646 2199 Massiliae
669 2154 711 2199 est
734 2144 849 2208 occisus,
873 2160 927 2198 non
947 2142 1031 2207 Tarsi,
1053 2150 1085 2197 ut
1100 2142 1184 2197 Zosi-

160 2245 221 2284 mus
244 2227 346 2284 scribit.
378 2227 498 2283 Galerius
521 2227 692 2283 Maximianus
716 2228 883 2284 Christianos
904 2226 1091 2284 crudelissime
1113 2242 1182 2299 per-

160 2322 280 2376 secutns,
305 2313 471 2385 consumptis
494 2313 655 2386 genitalibus
679 2313 784 2377 delerit,
808 2313 845 2368 ait
860 2312 959 2369 Victor.
989 2311 1074 2367 Huius
1097 2310 1183 2368 lune

160 2399 305 2454 stissiinam
339 2405 464 2461 mortem,
498 2414 529 2453 ae
560 2398 685 2454 divinitus
717 2398 853 2453 immissos
885 2398 1021 2454 cruciatus
1053 2395 1181 2469 pluribus

160 2484 303 2556 exeqnitur
323 2482 457 2538 Eusebius
474 2483 501 2547 8,
519 2483 558 2541 28
575 2492 602 2539 et
619 2485 667 2540 29.
699 2482 821 2539 Galerius
842 2482 999 2537 Maximinus
1021 2480 1054 2535 ab
1075 2480 1181 2538 licinio

161 2570 245 2625 vietus
268 2585 299 2624 ae
322 2567 377 2624 dira
402 2566 462 2623 tabe
484 2577 628 2641 correptus
651 2567 724 2623 Tarsi
744 2568 831 2640 periit.
865 2566 928 2622 Vide
943 2565 1089 2622 Eusebium
1106 2568 1137 2631 9,
1151 2567 1180 2624 8.

161 2651 210 2710 tihi
232 2654 305 2728 quod
328 2652 493 2726 Epiphanius
516 2653 568 2715 ait,
600 2645 793 2726 ἓξιβολβήθη
815 2645 889 2719 τούς
909 2644 1114 2728 ὀφθαλμοῦς,
1141 2651 1182 2706 sic

160 2747 281 2795 enarrat:
311 2733 491 2812 προπηδῶσι
520 2732 576 2810 μὲν
604 2729 689 2793 αὐτῶ
717 2727 755 2792 τὰ
779 2727 921 2810 ὄμματα,
950 2731 999 2791 καὶ
1022 2736 1077 2809 τῆς
1097 2727 1183 2802 ἰδίας

160 2813 274 2897 λήξεως
295 2814 499 2890 innuerim,
522 2815 619 2898 πηρὸν
642 2816 736 2878 αυτὸν
757 2814 893 2897 ἀφίησιν.
923 2820 1000 2877 Haud
1022 2819 1102 2875 dubia
1126 2820 1182 2893 igi-

159 2916 207 2963 tur
227 2905 368 2979 Epiphanii
390 2914 433 2960 est
455 2906 642 2969 hallucinatio,
666 2907 711 2979 qui
734 2906 890 2963 Maximiano
914 2904 1070 2961 Diocletiani
1092 2903 1181 2962 calle-

159 3006 225 3065 με,
257 2991 308 3046 boe
338 2998 380 3045 est
403 2987 544 3052 Herculio,
574 2989 684 3054 tribuit,
714 3008 783 3063 quae
806 2991 947 3048 Maximino
970 2990 1056 3046 llazae
1080 2989 1181 3046 Galerii

160 3074 322 3133 montani
344 3074 446 3129 sororis
468 3073 523 3128 lilio
546 3075 728 3147 contigerunt.
775 3075 844 3132 Haec
867 3092 899 3132 ex
921 3075 1037 3140 Victore,
1060 3074 1182 3140 zosimo,

159 3159 301 3234 Eutropio,
324 3157 451 3222 Eusebio,
475 3158 588 3231 aliisque
611 3159 778 3232 collegimus.

252 3246 307 3301 176
324 3245 349 3299 (1.
381 3240 571 3326 ιῑοταλείψας
591 3240 735 3300 Λικίνιον
762 3240 812 3300 καὶ
833 3235 1066 3317 Kamsantos]
1096 3244 1182 3321 atqui

162 3330 348 3387 Constantium
372 3345 432 3384 cum
449 3328 613 3384 Diocletiano
637 3339 664 3384 et
679 3329 836 3385 Maximiano
863 3332 899 3388 13
923 3346 1007 3384 annos
1031 3329 1184 3401 impetam

161 3413 271 3471 ilixerat.
312 3412 389 3482 Quod
412 3422 443 3469 ut
465 3414 600 3469 mininime
622 3431 715 3488 perum
738 3424 795 3478 est,
825 3415 861 3469 ita
883 3414 978 3470 lelsum
1000 3412 1094 3469 ambos
1118 3414 1183 3471 illos

160 3490 433 3575 οὕαιτρονιόοντας
460 3515 633 3554 successores
663 3499 806 3572 reliquisse
833 3498 963 3555 bicinium
994 3507 1022 3555 et
1043 3499 1183 3554 Cerastae·

161 3584 237 3641 tium.
268 3582 333 3638 Nam
358 3583 543 3650 Constantium
568 3583 695 3639 Chlorum
718 3593 746 3639 et
769 3583 903 3640 Galerium
920 3582 1106 3639 Maximianum
1129 3581 1182 3640 ribi

160 3669 372 3729 substituerunt,
397 3667 514 3723 licinius
537 3677 631 3740 postea
653 3685 668 3722 a
684 3668 790 3724 Galerio
806 3668 963 3724 Maximiano
979 3667 1078 3724 Caesar
1090 3667 1181 3725 lactu

160 3770 222 3811 cum
244 3752 422 3810 Constantino
444 3752 586 3825 imperium
611 3753 711 3816 tenuit,
735 3770 795 3808 cum
819 3770 908 3827 eoque
929 3770 944 3808 a
965 3752 1101 3809 moriente
1123 3752 1185 3809 tta-

160 3839 258 3895 ximino
281 3837 391 3894 relictus
416 3846 466 3892 est.
511 3837 603 3909 ltaque
625 3837 810 3893 Maximianum
834 3837 989 3894 Herculium
1012 3853 1073 3893 cum
1096 3835 1184 3894 Maxi-

159 3925 232 3981 mino
255 3921 423 3997 permiscuit.

143 4006 147 4013 ’
243 4001 372 4073 τούτους
393 3997 631 4079 τιλειτηόονιας
652 4000 834 4082 διαδέχεται]
866 4007 1043 4064 Constantino
1058 4006 1182 4063 Chroni-

160 4109 211 4148 eon
234 4093 342 4150 Eusebii
365 4092 410 4148 (lat
431 4106 516 4145 annos
541 4091 589 4153 30,
614 4107 721 4146 meuses
747 4094 793 4149 to.
825 4096 858 4148 ht
879 4093 950 4170 ilem
973 4090 1109 4148 Eusebius
1132 4091 1181 4150 ta
