2586 4822
526 831 698 882 rreaerarro.
820 885 824 892 ,
1059 817 1120 883 tot

15 1001 22 1012 ·
95 985 172 1061 quod
194 984 305 1058 qudem
326 1001 411 1042 unum
433 1002 476 1043 me
491 985 573 1043 tacite
596 996 704 1050 tuetur,
728 996 756 1043 et
778 1003 868 1044 corato
892 1002 993 1051 rocam,
1017 986 1122 1061 quade·

96 1087 211 1145 cunque
238 1069 283 1127 iiia
311 1069 408 1134 fuerit.
437 1072 624 1128 commendata
653 1072 789 1128 enimvero
812 1072 861 1128 SS.
885 1071 937 1127 PP.
959 1072 1059 1145 scripto
1085 1088 1120 1129 αα
1203 1110 1217 1130 .

95 1164 180 1220 suat,
209 1164 238 1211 ut
268 1172 324 1212 uon
351 1154 441 1212 solurn
464 1157 647 1231 quodcunque
669 1155 777 1213 illorum
800 1157 905 1230 insigne
928 1155 1119 1229 tragnrentuuu

95 1239 180 1316 quate
200 1248 245 1297 eat
265 1257 280 1297 α
302 1256 346 1296 naa
368 1240 485 1304 editum.
508 1241 557 1298 eod
579 1240 784 1316 quatecunque,
815 1251 842 1298 et
864 1258 974 1315 operam
999 1252 1118 1299 nostrata

95 1335 128 1382 ot
148 1323 285 1400 publicare
306 1324 395 1381 iucem
413 1336 559 1382 mereatur.
1109 1368 1113 1375 .

185 1409 264 1480 Quod
284 1409 307 1465 si
329 1411 480 1484 grauissimi
500 1412 626 1468 homines
641 1409 747 1485 dignam
762 1429 792 1468 so
808 1428 917 1485 operarn
933 1411 1120 1468 existimarunt

94 1504 222 1553 ueterum
247 1501 391 1570 poetarum
425 1505 633 1570 ceterorumque
667 1496 841 1570 profanorum
871 1497 1034 1570 scriptorum
1064 1495 1120 1553 ira·

95 1589 208 1654 grueuta
235 1579 365 1654 colligere
393 1589 421 1636 et
443 1580 568 1654 uulgare,
599 1581 724 1656 quiscat
747 1599 801 1638 nun
824 1580 947 1645 inbono,
977 1598 1010 1637 ue
1032 1581 1119 1637 dicen

94 1667 202 1740 optimo
231 1674 260 1721 et
279 1664 498 1738 splendidissimo
520 1666 629 1741 ingenio
651 1665 804 1740 praeditus,
834 1666 880 1740 qui
903 1683 958 1723 non
981 1665 1119 1739 praeclare

95 1751 185 1824 tnagis
213 1749 454 1807 commendandum
482 1750 632 1807 arbitretur
653 1750 779 1815 studere,
809 1768 843 1807 ue
864 1751 966 1808 lateant
988 1750 1118 1824 reliquiae

94 1850 287 1909 quaecumque
309 1851 401 1891 earum
417 1852 518 1900 rerum,
540 1853 608 1911 quas
624 1835 673 1892 SS.
690 1835 784 1892 Patres
800 1844 829 1892 ut
844 1835 1026 1893 monumentis
1041 1851 1120 1892 man·

95 1921 195 1976 darent
216 1920 314 1978 titteris
335 1919 545 1993 consignarunt:
569 1921 715 1995 praecipue
737 1938 799 1977 vero
822 1920 845 1977 ei
867 1922 900 1977 de
916 1920 967 1976 iilis
981 1920 1120 1993 loquimur

96 2004 240 2069 Patribus,
267 2005 315 2080 qui
337 2004 461 2078 ampliori
483 2006 643 2063 eruditionis
665 2014 692 2062 et
715 2007 852 2062 doctrinae
875 2005 953 2061 laude
975 2005 1119 2062 celebran-

96 2101 153 2155 tur.
177 2089 263 2163 qualis
285 2099 361 2147 certe
383 2099 426 2146 est
447 2089 632 2165 Epiphanius?

184 2171 273 2244 ootot
300 2173 396 2231 Nouae
424 2173 469 2231 iiic
498 2176 556 2249 ipse
584 2176 626 2232 Do
655 2175 716 2231 XII
732 2177 845 2247 geaneruo
875 2174 944 2232 iiber
971 2177 1117 2249 praecipuo

95 2260 205 2317 bonore
225 2257 368 2316 habendus
390 2260 450 2325 erit.
473 2261 520 2336 qui
542 2263 682 2333 egregium
704 2269 730 2316 et
751 2262 861 2332 insigne
880 2261 988 2332 ingenii
1009 2270 1035 2316 et
1053 2278 1118 2316 erit·

92 2345 212 2400 Μαικία
234 2343 391 2418 Epipdont'i
412 2347 542 2402 votum
562 2347 614 2403 diri
636 2343 755 2403 meruit?
784 2343 873 2414 Ouidi
899 2345 994 2401 Nonne
1016 2346 1042 2400 in
1065 2346 1118 2402 boc
1157 2368 1177 2385 ·'

94 2434 177 2487 ettam
206 2429 285 2486 istius
316 2429 378 2485 libri
406 2429 556 2504 fragmento
583 2430 662 2505 plura
689 2440 754 2487 suut
783 2431 848 2486 satis
870 2429 1014 2503 diiigenter
1035 2438 1117 2506 atque

94 2513 236 2570 subtiliter
262 2523 442 2588 pertractatu
473 2524 500 2571 et
527 2515 627 2591 aliquid
650 2516 729 2573 etiam
752 2532 767 2570 a
787 2514 895 2571 nemine
917 2514 1042 2571 urtassis
1064 2512 1116 2573 alie

92 2607 243 2673 acceptum
267 2599 414 2662 hactenus,
444 2600 523 2672 quale
551 2619 612 2658 esse
638 2600 743 2658 videtur
763 2599 830 2656 iliud
852 2599 885 2655 de
908 2599 1032 2663 nomine,
1062 2616 1117 2673 quo

93 2684 281 2741 Samaritanae
303 2683 418 2748 litterae,
442 2694 470 2741 et
492 2685 676 2742 Hebraeorum
698 2682 923 2758 appellabantur?

183 2768 296 2825 bennum
318 2768 418 2826 multoe
441 2770 504 2827 olim
525 2771 568 2828 De
581 2772 694 2843 ponceio
710 2770 852 2844 scripsisse
867 2769 977 2835 scimus,
1001 2785 1117 2842 quorum

93 2854 176 2928 longa
202 2853 274 2928 apud
295 2852 425 2911 Hilleruan
449 2864 536 2912 exstat
556 2856 658 2923 series,
687 2855 735 2911 sed
757 2855 809 2911 iam
832 2853 916 2911 ferme
939 2871 1032 2910 onrnes
1056 2854 1117 2911 tulit
1126 2869 1174 2912 txtt

92 2948 187 3003 aetas,
215 2938 343 3013 quocirca
370 2956 404 2996 eo
430 2957 540 3015 quoque
566 2941 651 3014 magis
672 2940 782 3015 plurirni
804 2939 848 2996 bic
871 2939 1052 2996 resumendus
1075 2949 1117 2996 est

92 3024 125 3081 S.
140 3023 284 3098 epiphanii
300 3024 525 3090 Commentarius,
548 3025 595 3082 ubi
610 3025 644 3082 de
659 3025 801 3083 duodecior
816 3023 1023 3098 pretiosioribus
1038 3041 1117 3098 geru-

93 3110 146 3165 mis
168 3109 281 3183 copiose
302 3108 455 3167 disseritur.
498 3110 553 3167 Neu
574 3110 635 3168 roto
657 3110 788 3167 indictum
809 3100 1008 3166 sanctissimum
1023 3109 1117 3181 ‚virute

93 3211 151 3252 noa
174 3194 264 3251 sotum
286 3194 466 3251 enuiitiooena
488 3211 564 3252 ιιιαακ
583 3196 610 3251 in
625 3196 678 3252 hoc
694 3212 778 3269 opere
790 3193 946 3252 luculenter
961 3193 1116 3258 ostendere

93 3279 144 3338 sed
166 3269 338 3354 prudentioris
360 3296 485 3354 quoque;
512 3297 575 3361 'cum
599 3281 670 3337 enirn
693 3280 773 3336 miras
795 3279 909 3353 singuiis
930 3279 1044 3353 gemmis
1068 3279 1117 3335 ad·

92 3374 183 3423 sertas
204 3365 319 3421 virtutes
341 3365 450 3429 reierat,
474 3366 608 3439 ingenuus
630 3363 767 3423 tabuiosas
788 3364 888 3437 passim
911 3373 1004 3429 vocat,
1028 3364 1064 3420 ita
1086 3373 1118 3421 ut

93 3450 175 3507 liceat
196 3449 261 3507 biac
283 3450 355 3506 haud
375 3450 428 3506 ieri
449 3451 606 3507 coniectura
626 3450 763 3524 augurari,
786 3466 855 3522 quac
870 3448 934 3504 alias
950 3450 1039 3505 minus
1055 3464 1117 3506 rora

93 3536 200 3610 profert
222 3551 256 3593 ex
278 3534 353 3592 libris
376 3535 500 3592 bausisae
513 3536 693 3610 apocryphis,
717 3533 816 3609 quibus
839 3551 900 3590 cunr
922 3536 1051 3608 pietatem
1074 3533 1118 3603 te-

93 3637 158 3677 vere
181 3619 345 3684 riderentur,
368 3619 453 3677 muita
475 3619 563 3689 adbuc
585 3630 645 3678 erat
664 3620 821 3683 auctoritas,
844 3637 896 3675 uec
918 3618 995 3675 facile
1009 3629 1055 3674 aut
1071 3628 1117 3675 te*

92 3715 153 3761 tum
176 3713 236 3761 erat
256 3705 411 3770 adversari·
425 3720 520 3762 corona
543 3705 613 3762 ruata
634 3705 687 3762 tide
710 3695 800 3779 nque
815 3703 880 3759 oon
895 3705 961 3760 satis
976 3712 1116 3778 comperte

91 3800 177 3864 atum
198 3788 323 3864 probata.
352 3789 545 3864 tmposuaruut
572 3790 634 3847 iibri
656 3790 700 3846 iuti
722 3789 780 3846 aliis
802 3806 912 3863 quoque
934 3788 1026 3844 multis
1048 3789 1117 3844 doo-

91 3875 206 3932 tieaineia
229 3875 292 3932 uirus
313 3874 464 3949 primaevae
487 3875 638 3941 neowan
667 3872 837 3931 mendacium
861 3875 932 3930 onim
955 3874 1025 3930 benc
1047 3889 1117 3928 coe·-

89 3969 203 4035 ceptum
227 3959 378 4036 ακΙΙίιΙαιιιια
399 3960 536 4035 uulgatum
559 3960 713 4035 sagaciores
734 3958 816 4017 etiam
839 3959 964 4015 homines
979 3957 1115 4014 interdu!

91 4046 171 4110 taiiit.
192 4062 285 4121 aeque
306 4046 448 4121 principio,
472 4046 521 4103 sed
538 4045 704 4120 procedente
719 4054 852 4118 tempore,
875 4042 955 4116 quale
971 4051 1022 4106 est,
1045 4040 1116 4114 sodet

91 4141 155 4187 tuto
178 4122 326 4207 cognotciss,
348 4131 467 4203 decedit,
491 4130 564 4207 quod
587 4146 648 4189 curu
667 4129 742 4187 libris
757 4128 810 4186 iilis
826 4128 905 4202 vulgo
922 4125 954 4183 eb
971 4127 1127 4197 haerente,
