2586 4822
158 743 199 806 84
611 756 726 807 rerivu

156 930 218 969 eun.
243 913 388 975 lulianum,
420 910 465 967 ubi
498 911 630 986 perfidum
658 912 732 968 illum
759 913 925 987 transfugam
952 923 1046 970 narrat
1074 930 1183 971 summo

156 1015 208 1054 suo
231 999 256 1054 iu
280 1006 355 1054 metu
376 1015 406 1053 ae
429 998 582 1053 discrimine
604 997 637 1052 ad
660 1000 748 1054 crucis
771 998 924 1072 confugisse
945 1000 1066 1072 siguum,
1092 1016 1181 1074 eoque

157 1084 308 1139 Daemones
331 1083 448 1155 fugasse,
479 1078 525 1138 e'rri
549 1076 602 1139 τὸν
622 1076 758 1158 σταυρὸν
780 1075 973 1161 καταφεύγει,
996 1079 1048 1138 καὶ
1069 1076 1105 1140 τὸ
1120 1103 1180 1140 πα-

157 1160 244 1225 λαιὸν
265 1158 444 1245 φάρμακον,
473 1163 522 1223 καὶ
551 1162 650 1246 τούτῳ
673 1170 851 1241 appetuntur
873 1161 952 1225 κατὰ
973 1170 1038 1226 τῶν
1060 1160 1179 1243 φόβων,

114 1280 117 1285 ’
157 1248 209 1308 καὶ
235 1245 359 1326 βοηθὸν
380 1253 507 1309 ποιεῖται
530 1244 583 1307 τὸν
606 1245 806 1325 διωκόμενον,
834 1250 884 1308 καὶ
906 1246 944 1310 τὰ
967 1243 1037 1327 ἑξῆς
1059 1270 1179 1329 φρικω-

158 1332 285 1413 δέστερα
313 1330 435 1409 ἴσχυσεν
456 1328 473 1410 r‘p
498 1331 643 1412 σφραγίς·
672 1330 821 1411 ἡττῶνται
844 1330 871 1393 oi
899 1334 1059 1411 δαίμονες·
1088 1330 1177 1394 λύον-

156 1441 205 1478 ται
230 1415 258 1478 οἱ
280 1415 383 1500 φόβοι.
414 1422 467 1477 Nec
489 1420 611 1477 absimile
634 1424 771 1495 estquod
794 1423 827 1478 de
849 1433 940 1479 sancta
964 1423 1068 1479 lustina
1085 1424 1177 1497 prodi-

157 1517 214 1563 tum
242 1516 299 1571 est,
329 1523 399 1579 quae
426 1524 487 1562 cum
516 1525 530 1562 a
553 1507 649 1563 iurene
677 1507 795 1582 quodam
824 1506 857 1562 ab
886 1507 1023 1564 libidinem
1054 1508 1176 1582 Cypriani

155 1591 224 1666 blagi
245 1591 349 1648 artibus
370 1593 553 1666 pelliceretur,
575 1593 724 1648 immissum
747 1592 798 1648 sibi
813 1593 976 1649 llacmonem
998 1593 1098 1649 eudem
1113 1610 1177 1650 crn-

155 1677 194 1733 eis
217 1677 295 1751 siguo
316 1678 427 1751 repulit,
451 1678 524 1752 quod
547 1694 579 1733 er
601 1677 733 1734 liudociae
756 1681 893 1751 Augustae
916 1678 990 1734 Orat.
1015 1678 1050 1734 de
1074 1679 1103 1734 S.
1126 1680 1176 1752 Gy·

157 1761 252 1834 priaim
275 1764 357 1820 refert
380 1764 494 1820 Photius
523 1780 549 1818 n.
567 1765 637 1821 484.
667 1754 739 1824 τούς
763 1780 792 1818 τε
813 1753 1013 1834 βιαιοτάτους
1046 1761 1098 1819 καὶ
1116 1781 1176 1837 χα-

155 1842 353 1916 λεπωτάτους
374 1851 435 1905 τῶν
457 1839 611 1919 δαιμόνων
631 1843 758 1919 πέμψας
779 1843 826 1903 ἐπὶ
849 1840 905 1920 τὴν
925 1842 1103 1921 παρθένον,
1128 1844 1174 1903 καὶ

153 1927 383 2010 ᾐσχυμμένους,
413 1930 461 1988 καὶ
492 1927 700 2006 νενικημένους
727 1933 781 1988 τοῦ
809 1935 947 2008 σταυροῦ
971 1935 1013 2011 cpi
1039 1928 1126 2013 τύπῳ
1144 1929 1175 2000 ἐξ

155 2011 259 2074 αὐτῶν
287 2014 405 2074 ἐκείνων
433 2010 616 2088 ἀναμαῧών.
662 2018 746 2090 igitur
775 2019 828 2072 τοῦ
857 2019 993 2092 σταυροῦ
1022 2021 1069 2096 τῷ
1093 2009 1173 2096 τύπῳ

155 2103 266 2176 perinde
290 2111 319 2158 ut
342 2103 425 2156 alteru
448 2101 492 2156 illa
516 2102 616 2157 lustina
636 2102 797 2157 Daemonem
821 2102 928 2176 lugavit.
970 2103 1069 2176 Neque
1090 2104 1171 2160 crucis

153 2187 281 2242 duntaxat
304 2203 430 2258 expressa
454 2186 547 2258 figura,
582 2186 629 2241 sed
652 2188 731 2243 etiam
753 2187 782 2241 B.
806 2187 903 2243 llariae
927 2187 1045 2260 Virginis
1069 2190 1171 2245 inrora-

154 2272 238 2334 tiono,
261 2281 291 2326 ut
307 2271 490 2326 Nazianzenus
508 2271 580 2326 Orat.
595 2273 628 2330 18
653 2273 783 2344 scriptum
796 2273 918 2346 reliquit:
943 2267 1008 2328 Καὶ
1025 2268 1084 2346 τὴν
1098 2290 1170 2346 ποο-

152 2349 246 2411 otyor
261 2351 393 2431 Μαρίαν
414 2346 589 2412 ἱκετεύουσα
602 2354 761 2431 βοηθῆσαι
778 2351 924 2435 παρθένῳ
939 2350 1168 2436 κινδυνευούσῃ.Ι

152 2439 189 2496 Et
209 2439 347 2510 Virginem
358 2440 483 2498 diarium
497 2457 602 2512 rogans
616 2449 647 2496 ut
658 2443 836 2514 periclitanti
855 2443 961 2514 uirgini
982 2459 1066 2514 opem
1080 2445 1166 2515 ferret

151 2525 227 2595 Quae
256 2527 322 2581 tanti
344 2526 430 2582 Patris
458 2527 607 2583 authoritas
630 2527 777 2583 hodiernae
806 2535 895 2583 sectae
929 2527 1095 2600 imperitiam
1124 2529 1166 2585 iut-

151 2611 334 2686 pietatemque
357 2613 527 2668 condemnat.

241 2698 298 2754 1³3
315 2713 338 2750 a.
368 2688 563 2773 ὑποληφθεὶς
585 2690 618 2751 δὲ
640 2693 794 2776 τελευτᾷν]
823 2698 908 2752 Antea
930 2695 1079 2768 legebatur
1098 2690 1164 2754 bno-

149 2775 297 2857 λειφθείς.
333 2780 418 2837 Vertit
440 2782 510 2836 enim
534 2781 615 2838 Corn.
637 2781 806 2853 relictusque
827 2783 903 2837 uelut
923 2783 1090 2839 monterio.
1119 2783 1163 2841 tus

151 2881 184 2922 ex
205 2865 289 2941 Regio
312 2864 408 2921 Codice
430 2858 626 2943 ὑποληφθείς
647 2867 825 2923 restituimus.
856 2865 935 2935 Quod
957 2875 985 2922 et
1008 2867 1163 2925 narrationis

151 2951 235 3008 series
259 2950 388 3024 postulat.
432 2951 524 3023 Neque
554 2952 624 3007 enim
657 2950 849 3007 moribundum
871 2950 1034 3010 ludaeorum
1066 2951 1164 3027 cognati

39 3102 45 3112 1
152 3034 342 3099 deseruerant,
366 3053 434 3108 quos
458 3035 597 3107 llpsticum
620 3036 684 3091 illud
706 3038 892 3092 insusurrasse
915 3036 989 3093 dicit.
1036 3037 1087 3095 llic
1110 3038 1165 3112 tp·

109 3120 280 3192 aepbanium
308 3121 412 3176 otiosus
440 3121 548 3193 quidam
581 3130 697 3193 nugator
724 3122 821 3177 nimiae
854 3121 1022 3178 credulitatis
1050 3132 1163 3185 accusat,

151 3204 223 3276 quod
245 3204 310 3260 laisa
333 3205 422 3260 ludaei
444 3205 524 3262 unius
546 3214 593 3261 aut
615 3206 725 3261 alterius
747 3207 901 3262 narratione
925 3207 1053 3264 inductus
1078 3207 1164 3264 existi-

150 3289 262 3345 maverit
289 3289 425 3345 morituris
455 3289 580 3346 oninibus
612 3292 770 3364 mysterium
800 3291 866 3347 illud
888 3292 915 3347 in
939 3307 1033 3348 aurem
1056 3293 1166 3350 immur-

146 3374 258 3430 murari.
287 3372 386 3429 Scribit
408 3373 479 3430 cuim
503 3367 537 3431 td
559 3367 630 3450 παρ’
654 3367 757 3433 αὐτῶν
778 3367 823 3432 dd
845 3373 1074 3455 μυστοριαιὸῶς
1088 3367 1165 3454 γινό-

146 3476 248 3534 μενον.
288 3459 384 3514 Verum
408 3470 437 3514 ut
459 3461 526 3516 haec
548 3476 622 3516 mera
645 3461 732 3519 sabula
755 3462 806 3525 sit,
828 3463 928 3519 nudam
952 3465 1063 3519 omuino
1088 3477 1166 3520 saut-

147 3544 268 3601 tissimus
283 3544 364 3601 Pater
384 3544 489 3618 culpam
513 3545 563 3600 hac
586 3546 613 3601 in
635 3562 664 3601 re
687 3546 813 3609 sustinet,
836 3547 883 3620 qui
905 3547 978 3619 quod
999 3565 1014 3603 a
1037 3547 1092 3605 lide
1109 3547 1167 3620 dig·

147 3629 190 3686 uis
218 3629 372 3685 bominibus
400 3639 555 3701 acceperat.
585 3630 755 3704 simpliciter,
784 3632 824 3686 uti
851 3641 989 3689 narratum
1021 3632 1075 3689 sibi
1098 3642 1163 3695 emt,

148 3714 224 3771 nullo
252 3730 303 3771 suo
326 3714 487 3788 interposito
510 3713 607 3771 iudicio
636 3716 737 3772 retulit.
782 3715 852 3784 Quid
881 3726 923 3773 est
944 3725 1037 3774 eutem
1060 3735 1114 3776 cur
1133 3719 1167 3775 de

149 3799 257 3856 Christo
278 3799 424 3873 plerosque
446 3801 471 3856 id
494 3798 544 3855 sibi
567 3800 726 3857 ludaeorum
749 3803 917 3875 persuasisse
940 3801 1091 3876 putemus?
1113 3803 1168 3860 lie-

148 3902 202 3959 que
230 3885 300 3942 enim
329 3885 472 3942 mentitum
500 3884 583 3940 luisse
605 3886 750 3959 losephum
773 3886 907 3944 Comitem¹
932 3886 973 3944 vel
996 3888 1168 3947 Catonianos

149 3970 201 4027 iste
223 3969 273 4026 nisi
296 3971 467 4044 impudenter
488 3968 604 4026 finxerit.

239 4058 296 4116 1³5
311 4072 336 4112 a.
366 4045 465 4124 οὕτως
491 4050 633 4113 ἐπιτελεῖν
659 4048 922 4131 προβαλλόμενος]
963 4056 1047 4114 Variis
1078 4059 1170 4117 modis
