2586 4822
132 734 174 798 28
590 744 703 795 remur

134 904 246 961 Selium.
288 902 354 960 Cum
382 902 427 958 hic
448 903 533 958 muita
555 901 588 957 ab
610 899 808 975 Interpretibus
837 908 864 956 et
886 898 1069 974 chronologis
1092 899 1160 957 nde-

133 999 238 1054 rantur,
261 988 350 1062 placet
372 987 558 1043 Hebraeorum
580 987 723 1052 sententia,
748 985 932 1059 imprimisque
955 984 1033 1041 hbeo
1051 984 1159 1043 flesrae

133 1075 159 1130 in
187 1078 212 1131 1.
235 1091 294 1148 cap.
318 1073 385 1132 Dan.
407 1073 438 1129 lt.
462 1073 522 1128 Levi
546 1072 598 1127 hen
622 1072 740 1133 Gerson,
773 1081 800 1127 et
828 1071 858 1126 R.
883 1070 963 1125 David
986 1070 1021 1125 ad
1045 1073 1073 1127 4.
1091 1071 1157 1145 Reg.

134 1176 193 1232 cap.
211 1160 260 1223 23,
285 1158 386 1213 Sellum
410 1158 526 1213 eundem
548 1173 609 1211 esse
631 1172 691 1211 cum
715 1155 842 1218 ioachaz,
867 1157 912 1227 qui
935 1164 1081 1227 paternum
1107 1158 1159 1212 im-

133 1245 239 1317 perium
262 1242 386 1316 populari
408 1241 539 1306 factione,
562 1258 617 1296 non
639 1242 698 1295 iure
720 1241 901 1296 successionis
923 1238 1059 1304 obtinuit,
1083 1241 1158 1314 quod

135 1337 163 1385 et
179 1329 317 1401 Scriptura
333 1343 392 1399 cap.
402 1328 451 1390 23,
462 1328 500 1382 30
517 1325 634 1381 declarat
651 1326 689 1380 eis
702 1325 799 1390 verbis,
820 1325 947 1397 Tetitqee
959 1327 1085 1398 populus
1101 1334 1157 1381 ter-

135 1431 186 1468 roe
208 1412 332 1468 docebar
353 1412 441 1485 fllium
463 1410 574 1466 lorice:
598 1419 623 1466 et
646 1417 787 1466 unxerunt
810 1427 879 1474 eum,
903 1417 929 1464 et
950 1412 1158 1467 conseruerant

136 1515 197 1553 eum
226 1514 318 1568 regem
342 1513 397 1569 pro
423 1503 507 1568 patre
535 1512 595 1550 sco.
640 1495 705 1551 Nam
728 1495 751 1550 si
773 1495 868 1551 aetatis
891 1495 1013 1551 ordinem
1037 1505 1156 1570 spectes,

135 1591 199 1655 post
220 1583 363 1646 luhanaur,
387 1582 433 1654 qui
456 1589 519 1636 ante
541 1580 625 1654 patris
648 1579 751 1636 obitum
774 1589 935 1653 praereptus
958 1581 1073 1646 ridetur,
1098 1597 1157 1636 ma-

136 1668 222 1722 ximus
245 1677 310 1723 natu
334 1667 383 1723 tuit
405 1667 512 1730 loacim,
536 1667 590 1721 sive
613 1664 730 1721 Eliacim.
763 1665 845 1747 Quod·
864 1674 891 1720 et
912 1665 1049 1738 losephus
1075 1669 1154 1731 to,7

137 1752 210 1825 Orig.
234 1752 335 1809 docuit.
365 1752 469 1808 Etenim
491 1751 603 1807 loachaz
626 1768 687 1806 eum
710 1752 743 1807 ad
765 1766 880 1823 regnum
902 1759 1011 1806 evectus
1034 1760 1090 1816 est,
1115 1751 1156 1806 ri-

97 1833 204 1911 19ginti
233 1839 316 1893 trium
339 1854 471 1893 annorum
495 1846 567 1901 erat;
597 1853 621 1891 c.
638 1838 687 1900 23,
706 1837 759 1893 31:
789 1835 888 1891 loahirn
913 1851 992 1898 vero,
1024 1837 1070 1909 qui
1091 1843 1156 1909 post

138 1931 192 1978 tres
215 1939 322 1978 menses
346 1940 459 1995 regnum
483 1921 633 1995 capessivit,
656 1938 788 1975 annorum
812 1929 870 1975 erat
893 1922 950 1985 25;
974 1919 1085 1977 biennio
1102 1921 1155 1977 ita-

135 2024 189 2079 que
216 2009 302 2063 maior
330 2008 388 2063 suit.
433 2008 507 2061 Unde
532 2015 558 2061 et
580 2007 679 2061 louhim
702 2022 772 2061 anuo
794 2005 879 2060 losiae
902 2005 1010 2064 circiter
1034 2008 1053 2063 6
1076 2014 1154 2061 natus

135 2101 185 2153 est,
209 2092 321 2147 loachnz
344 2108 406 2146 vero
430 2094 458 2148 9.
490 2091 597 2146 Tertius
619 2091 747 2146 numlium
769 2090 864 2146 ordine
887 2089 969 2145 debet
991 2106 1054 2146 esse
1070 2090 1155 2147 Sede-

134 2176 203 2240 cias;
226 2175 272 2247 qui
295 2185 359 2248 post
387 2178 417 2231 tt
445 2192 530 2231 anuos
553 2184 581 2231 et
603 2178 621 2232 6
645 2192 752 2232 meuses
774 2191 790 2230 a
811 2184 899 2231 morte
921 2175 1006 2231 iosiae
1030 2175 1155 2231 aNahn-

135 2258 325 2315 ehodonosore
347 2277 432 2333 regno
454 2262 626 2333 praepositus
649 2270 700 2317 est.
729 2261 768 2316 Ae
783 2269 840 2315 tum
863 2261 1024 2315 circuituum
1047 2269 1075 2317 et
1093 2262 1154 2334 pri-

133 2360 207 2398 mum
235 2347 337 2399 aetatis
367 2362 472 2399 annam
492 2345 623 2401 babebat.
669 2346 799 2418 Cap.24,
820 2347 865 2403 18.
911 2345 1001 2413 Quare
1023 2346 1154 2402 loacharo

134 2429 226 2485 iunior
247 2439 297 2495 est,
321 2439 455 2501 natusque
478 2448 548 2485 anno
571 2430 657 2485 losiae
681 2433 730 2494 21,
753 2430 795 2486 vel
818 2431 868 2487 22.
909 2431 990 2502 Atqui
1012 2431 1042 2485 in
1065 2430 1113 2487 lib.
1137 2434 1151 2487 t

134 2513 296 2588 Paralipom.
325 2507 488 2589 postremus>
509 2525 669 2570 numeratur
690 2514 809 2581 Selium,
840 2531 920 2588 quem
952 2515 1066 2571 loachaz
1096 2532 1154 2572 esse

49 2586 57 2603 ‘
134 2599 257 2655 diximus.
302 2600 360 2655 Nou
389 2601 488 2656 desunt
516 2601 705 2665 coniecturae,
735 2616 785 2655 cnr
813 2608 981 2673 postremum
1011 2600 1040 2655 in
1064 2600 1154 2657 locum

133 2685 273 2741 coniectus
296 2686 331 2741 sit
346 2685 457 2747 Selium,
481 2702 557 2757 quas,
582 2703 616 2741 ne
632 2684 770 2759 longiores
786 2687 879 2748 simus,
904 2684 1073 2759 chronologi
1088 2703 1157 2760 sup-

132 2769 301 2842 peditabunt.
333 2770 492 2842 Quanquam
515 2769 628 2826 Hebraei
652 2771 769 2843 quidam,
793 2778 825 2825 ut
839 2769 914 2825 hben
930 2769 997 2824 Ezra
1011 2769 1040 2824 in
1057 2775 1154 2844 capl.

133 2854 198 2909 ban.
215 2854 316 2911 Selium
340 2855 395 2911 sive
417 2856 528 2910 loachaz
551 2865 719 2928 postremum
743 2855 828 2910 {osiae
850 2853 998 2910 liberorum
1021 2871 1087 2912 esse
1109 2873 1158 2912 re·

132 2939 198 3003 lint,
229 2949 256 2996 et
278 2941 351 3014 quod
375 2940 514 3003 Sedecias,
544 2956 605 2995 cum
627 2957 742 3013 regnare
764 2940 869 3013 coepit,
900 2941 935 2997 21
962 2956 1050 2995 annos
1075 2948 1158 2996 natus

131 3022 217 3081 fuisse
247 3025 359 3090 dicitur,
388 3025 560 3097 interpretari
588 3027 708 3081 student.
752 3024 853 3081 Scribit
875 3025 945 3081 enim
967 3024 1012 3079 ille
1036 3025 1158 3082 triennio

132 3116 195 3163 ante
223 3110 309 3165 iosiae
336 3127 430 3165 necem
454 3109 593 3165 Sedeciam
616 3111 715 3184 Regem
744 3127 804 3166 esse
833 3109 1049 3165 consalutatum:
1081 3110 1158 3166 uude

90 3205 93 3209 ’
133 3209 194 3249 cum
218 3195 300 3249 Iosias
323 3204 448 3250 mortuus
471 3204 513 3249 est
535 3208 634 3250 annum
658 3196 714 3268 egit
736 3196 786 3252 24.
827 3195 910 3269 ldqrre
932 3210 963 3249 ex
987 3209 1020 3249 eo
1044 3194 1155 3266 prohat,

133 3276 206 3352 quod
229 3278 301 3334 Hier.
319 3281 374 3343 27,
404 3280 431 3334 in
460 3278 592 3352 principio
616 3281 691 3353 regni
713 3279 814 3335 loalrim
836 3280 927 3335 iussus
951 3288 992 3334 est
1014 3278 1158 3353 Propheta

132 3361 237 3418 vinculo
259 3381 429 3438 praeparare,
452 3380 484 3419 ac
506 3363 608 3437 Legum
632 3365 737 3420 nunciis
760 3364 833 3429 dare,
857 3365 904 3437 qui
927 3372 1058 3419 venerant
1076 3364 1158 3420 lern-

133 3447 216 3504 saiem
244 3449 278 3504 ad
300 3450 438 3505 sedeciam
469 3465 560 3521 regern
583 3449 661 3504 huia:
692 3449 817 3505 nimirum
846 3449 919 3522 quod
940 3448 1048 3503 finitimi
1072 3465 1155 3523 reges

133 3533 281 3598 sedeciam,
305 3552 385 3607 quem
407 3533 505 3589 abhinc
528 3533 645 3590 triennio
668 3551 760 3608 regem
782 3550 843 3590 esse
870 3533 969 3589 factum
991 3532 1155 3599 didicerant,

132 3628 242 3675 mortuo
265 3619 344 3675 Patre
367 3619 455 3675 adhuc
477 3634 591 3690 regnare
614 3618 666 3674 sibi
688 3628 889 3693 persuaserant,
913 3618 945 3673 ad
968 3634 1089 3690 eumque
1111 3618 1158 3674 ie-

132 3711 210 3778 gatos
237 3705 381 3760 miserant:
410 3705 445 3759 ita
467 3702 544 3758 hben
566 3703 642 3759 Erra.
687 3704 761 3772 Quae
789 3704 855 3758 mihi
883 3703 1073 3775 interpretatio
1096 3720 1154 3760 non

132 3805 296 3864 magnopere
318 3790 414 3863 piacet.
459 3787 514 3843 Sed
536 3797 598 3844 utut
620 3806 703 3845 ease
724 3806 768 3844 res
791 3788 887 3852 habet,
911 3786 1021 3843 omniuo
1044 3787 1152 3844 Selium

133 3882 175 3931 cst
197 3874 318 3931 toacher.
348 3874 414 3929 Nam
436 3872 531 3928 terem.
549 3875 598 3937 22,
619 3877 665 3930 ll.
696 3872 801 3930 Selturn
822 3875 897 3947 fletur
919 3872 1014 3928 lorice
1033 3889 1090 3945 pro
1105 3873 1155 3928 Io-

132 3961 179 4015 rt'o
204 3968 287 4035 petre
314 3975 365 4014 euo
393 3973 527 4029 regnasse
549 3958 660 4014 dicitur:
692 3959 715 4014 is
737 3966 828 4014 autem
851 3966 893 4014 est
914 3957 1036 4014 loaehaz.
1084 3958 1153 4015 Cum

133 4044 201 4102 haec
222 4045 319 4121 partim
341 4043 500 4108 certissima,
523 4052 604 4116 atque
627 4060 643 4099 e
664 4059 803 4100 sacrorum
818 4042 961 4099 Librorum
983 4043 1155 4100 authoritate

372 4294 395 4355 Ο
