<?xml version="1.0" encoding="UTF-8"?>
<!DOCTYPE html PUBLIC "-//W3C//DTD XHTML 1.0 Transitional//EN"
    "http://www.w3.org/TR/xhtml1/DTD/xhtml1-transitional.dtd">
<html xmlns="http://www.w3.org/1999/xhtml" xml:lang="en" lang="en">
 <head>
  <title>
</title>
<meta http-equiv="Content-Type" content="text/html;charset=utf-8" />
  <meta name='ocr-system' content='tesseract 3.04.00' />
  <meta name='ocr-capabilities' content='ocr_page ocr_carea ocr_par ocr_line ocrx_word'/>
</head>
<body>
  <div class='ocr_page' id='page_1' title='image "./opera02dindgoog_0116.png"; bbox 0 0 2586 4822; ppageno 0'>
   <div class='ocr_carea' id='block_1_1' title="bbox 331 809 1077 875">
    <p class='ocr_par' dir='ltr' id='par_1_1' title="bbox 331 809 1077 875">
     <span class='ocr_line' id='line_1_1' title="bbox 331 809 1077 875; baseline 0.004 -4"><span class='ocrx_word' id='word_1_1' title='bbox 331 821 373 873; x_wconf 80' lang='lat' dir='ltr'><strong>oa</strong></span> <span class='ocrx_word' id='word_1_2' title='bbox 386 820 538 873; x_wconf 75' lang='lat' dir='ltr'><strong>musonis</strong></span> <span class='ocrx_word' id='word_1_3' title='bbox 556 823 593 873; x_wconf 82' lang='grc' dir='ltr'><strong>ιτ</strong></span> <span class='ocrx_word' id='word_1_4' title='bbox 610 822 807 875; x_wconf 78' lang='lat' dir='ltr'><strong>mauranus.</strong></span> <span class='ocrx_word' id='word_1_5' title='bbox 1036 809 1077 874; x_wconf 82' lang='lat' dir='ltr'><strong>ct</strong></span> 
     </span>
    </p>
   </div>
   <div class='ocr_carea' id='block_1_2' title="bbox 55 977 1137 4196">
    <p class='ocr_par' dir='ltr' id='par_1_2' title="bbox 55 977 1137 4196">
     <span class='ocr_line' id='line_1_2' title="bbox 55 977 1080 1053; baseline 0.002 -18"><span class='ocrx_word' id='word_1_6' title='bbox 55 994 149 1053; x_wconf 82' lang='lat' dir='ltr'><strong>neque</strong></span> <span class='ocrx_word' id='word_1_7' title='bbox 170 977 265 1052; x_wconf 88' lang='lat' dir='ltr'><strong>plures</strong></span> <span class='ocrx_word' id='word_1_8' title='bbox 285 977 338 1050; x_wconf 91' lang='lat' dir='ltr'><strong>ipsi</strong></span> <span class='ocrx_word' id='word_1_9' title='bbox 360 977 387 1033; x_wconf 86' lang='lat' dir='ltr'><strong>iu</strong></span> <span class='ocrx_word' id='word_1_10' title='bbox 409 977 587 1035; x_wconf 78' lang='lat' dir='ltr'><strong>Alexandrino</strong></span> <span class='ocrx_word' id='word_1_11' title='bbox 610 978 744 1035; x_wconf 88' lang='lat' dir='ltr'><strong>Chronico</strong></span> <span class='ocrx_word' id='word_1_12' title='bbox 767 978 934 1036; x_wconf 90' lang='lat' dir='ltr'><strong>tribuuntur.</strong></span> <span class='ocrx_word' id='word_1_13' title='bbox 979 979 1080 1037; x_wconf 79' lang='lat' dir='ltr'><strong>Seri-si</strong></span> 
     </span>
     <span class='ocr_line' id='line_1_3' title="bbox 56 1061 1081 1139; baseline 0.002 -17"><span class='ocrx_word' id='word_1_14' title='bbox 56 1068 96 1123; x_wconf 85' lang='grc'><strong>20</strong></span> <span class='ocrx_word' id='word_1_15' title='bbox 120 1080 225 1120; x_wconf 82' lang='lat' dir='ltr'><strong>anuum</strong></span> <span class='ocrx_word' id='word_1_16' title='bbox 246 1061 398 1127; x_wconf 75' lang='lat' dir='ltr'><strong>inchoavit,</strong></span> <span class='ocrx_word' id='word_1_17' title='bbox 425 1063 549 1136; x_wconf 84' lang='lat' dir='ltr'><strong>proximo</strong></span> <span class='ocrx_word' id='word_1_18' title='bbox 571 1072 633 1135; x_wconf 90' lang='lat' dir='ltr'><strong>post</strong></span> <span class='ocrx_word' id='word_1_19' title='bbox 656 1062 850 1121; x_wconf 75' lang='lat' dir='ltr'><strong>Diocletianum</strong></span> <span class='ocrx_word' id='word_1_20' title='bbox 872 1081 943 1121; x_wconf 88' lang='lat' dir='ltr'><strong>anno</strong></span> <span class='ocrx_word' id='word_1_21' title='bbox 966 1073 1081 1139; x_wconf 77' lang='lat' dir='ltr'><strong>coopta-</strong></span> 
     </span>
     <span class='ocr_line' id='line_1_4' title="bbox 56 1148 1078 1223; baseline 0.004 -18"><span class='ocrx_word' id='word_1_22' title='bbox 56 1149 163 1206; x_wconf 83' lang='lat' dir='ltr'><strong>tussit</strong></span> <span class='ocrx_word' id='word_1_23' title='bbox 185 1156 304 1221; x_wconf 88' lang='lat' dir='ltr'><strong>oportet,</strong></span> <span class='ocrx_word' id='word_1_24' title='bbox 327 1156 358 1204; x_wconf 89' lang='lat' dir='ltr'><strong>ut</strong></span> <span class='ocrx_word' id='word_1_25' title='bbox 380 1148 572 1220; x_wconf 78' lang='lat' dir='ltr'><strong>anticipatione</strong></span> <span class='ocrx_word' id='word_1_26' title='bbox 594 1148 708 1223; x_wconf 87' lang='lat' dir='ltr'><strong>quadarn</strong></span> <span class='ocrx_word' id='word_1_27' title='bbox 731 1166 747 1204; x_wconf 90' lang='lat' dir='ltr'><strong>a</strong></span> <span class='ocrx_word' id='word_1_28' title='bbox 770 1148 826 1204; x_wconf 82' lang='lat' dir='ltr'><strong>Mal.</strong></span> <span class='ocrx_word' id='word_1_29' title='bbox 850 1149 905 1204; x_wconf 89' lang='lat' dir='ltr'><strong>lau.</strong></span> <span class='ocrx_word' id='word_1_30' title='bbox 927 1150 991 1206; x_wconf 89' lang='lat' dir='ltr'><strong>anni</strong></span> <span class='ocrx_word' id='word_1_31' title='bbox 1008 1152 1078 1217; x_wconf 66' lang='grc'>300,</span> 
     </span>
     <span class='ocr_line' id='line_1_5' title="bbox 56 1230 1080 1309; baseline 0.004 -20"><span class='ocrx_word' id='word_1_32' title='bbox 56 1234 203 1290; x_wconf 78' lang='lat' dir='ltr'><strong>vicesimus</strong></span> <span class='ocrx_word' id='word_1_33' title='bbox 225 1232 297 1298; x_wconf 83' lang='lat' dir='ltr'><strong>illius</strong></span> <span class='ocrx_word' id='word_1_34' title='bbox 320 1230 353 1288; x_wconf 89' lang='lat' dir='ltr'><strong>ab</strong></span> <span class='ocrx_word' id='word_1_35' title='bbox 377 1233 490 1289; x_wconf 89' lang='lat' dir='ltr'><strong>Dratore</strong></span> <span class='ocrx_word' id='word_1_36' title='bbox 512 1242 681 1288; x_wconf 75' lang='lat' dir='ltr'><strong>numeretur.</strong></span> <span class='ocrx_word' id='word_1_37' title='bbox 712 1233 780 1301; x_wconf 79' lang='lat' dir='ltr'><strong>Quid</strong></span> <span class='ocrx_word' id='word_1_38' title='bbox 803 1243 893 1290; x_wconf 89' lang='lat' dir='ltr'><strong>autem</strong></span> <span class='ocrx_word' id='word_1_39' title='bbox 917 1235 1080 1309; x_wconf 74' lang='lat' dir='ltr'><strong>tergiversa-</strong></span> 
     </span>
     <span class='ocr_line' id='line_1_6' title="bbox 56 1315 1078 1394; baseline 0.002 -19"><span class='ocrx_word' id='word_1_40' title='bbox 56 1315 140 1375; x_wconf 78' lang='lat' dir='ltr'><strong>mur?</strong></span> <span class='ocrx_word' id='word_1_41' title='bbox 183 1317 254 1374; x_wconf 77' lang='lat' dir='ltr'><strong>Ecce</strong></span> <span class='ocrx_word' id='word_1_42' title='bbox 282 1316 331 1373; x_wconf 90' lang='lat' dir='ltr'><strong>tibi</strong></span> <span class='ocrx_word' id='word_1_43' title='bbox 352 1318 478 1374; x_wconf 75' lang='lat' dir='ltr'><strong>Aurelius</strong></span> <span class='ocrx_word' id='word_1_44' title='bbox 501 1318 593 1374; x_wconf 89' lang='lat' dir='ltr'><strong>Victor</strong></span> <span class='ocrx_word' id='word_1_45' title='bbox 619 1334 634 1372; x_wconf 94' lang='lat' dir='ltr'><strong>a</strong></span> <span class='ocrx_word' id='word_1_46' title='bbox 656 1317 771 1375; x_wconf 88' lang='lat' dir='ltr'><strong>Schotto</strong></span> <span class='ocrx_word' id='word_1_47' title='bbox 798 1328 893 1375; x_wconf 89' lang='lat' dir='ltr'><strong>nostro</strong></span> <span class='ocrx_word' id='word_1_48' title='bbox 915 1318 1078 1394; x_wconf 86' lang='lat' dir='ltr'><strong>publicatus,</strong></span> 
     </span>
     <span class='ocr_line' id='line_1_7' title="bbox 56 1403 1080 1477; baseline 0.001 -18"><span class='ocrx_word' id='word_1_49' title='bbox 56 1403 256 1459; x_wconf 86' lang='lat' dir='ltr'><strong>Diocletianum</strong></span> <span class='ocrx_word' id='word_1_50' title='bbox 284 1403 425 1477; x_wconf 72' lang='lat' dir='ltr'><strong>celebrato</strong></span> <span class='ocrx_word' id='word_1_51' title='bbox 452 1404 533 1474; x_wconf 76' lang='lat' dir='ltr'><strong>repeti</strong></span> <span class='ocrx_word' id='word_1_52' title='bbox 559 1403 690 1458; x_wconf 79' lang='lat' dir='ltr'><strong>ciccat&#39;mo</strong></span> <span class='ocrx_word' id='word_1_53' title='bbox 718 1420 794 1459; x_wconf 81' lang='lat' dir='ltr'><strong>anuo</strong></span> <span class='ocrx_word' id='word_1_54' title='bbox 824 1421 922 1460; x_wconf 85' lang='lat' dir='ltr'><strong>curam</strong></span> <span class='ocrx_word' id='word_1_55' title='bbox 943 1406 1080 1461; x_wconf 77' lang='lat' dir='ltr'><strong>obiecisse</strong></span> 
     </span>
     <span class='ocr_line' id='line_1_8' title="bbox 58 1486 1079 1562; baseline 0.003 -19"><span class='ocrx_word' id='word_1_56' title='bbox 58 1489 140 1560; x_wconf 73' lang='lat' dir='ltr'><strong>Deip.</strong></span> <span class='ocrx_word' id='word_1_57' title='bbox 165 1486 271 1562; x_wconf 84' lang='lat' dir='ltr'><strong>prodit,</strong></span> <span class='ocrx_word' id='word_1_58' title='bbox 301 1495 328 1542; x_wconf 89' lang='lat' dir='ltr'><strong>et</strong></span> <span class='ocrx_word' id='word_1_59' title='bbox 354 1488 385 1543; x_wconf 83' lang='lat' dir='ltr'><strong>t‘n</strong></span> <span class='ocrx_word' id='word_1_60' title='bbox 414 1489 580 1543; x_wconf 77' lang='lat' dir='ltr'><strong>sententiam</strong></span> <span class='ocrx_word' id='word_1_61' title='bbox 602 1488 768 1544; x_wconf 70' lang='lat' dir='ltr'><strong>Hmoulium</strong></span> <span class='ocrx_word' id='word_1_62' title='bbox 796 1505 880 1561; x_wconf 78' lang='lat' dir='ltr'><strong>capre</strong></span> <span class='ocrx_word' id='word_1_63' title='bbox 909 1491 1079 1554; x_wconf 68' lang='lat' dir='ltr'><strong>traduciano,</strong></span> 
     </span>
     <span class='ocr_line' id='line_1_9' title="bbox 58 1573 1080 1646; baseline 0.002 -17"><span class='ocrx_word' id='word_1_64' title='bbox 58 1574 107 1629; x_wconf 84' lang='lat' dir='ltr'><strong>cati</strong></span> <span class='ocrx_word' id='word_1_65' title='bbox 127 1590 205 1628; x_wconf 79' lang='lat' dir='ltr'><strong>cano</strong></span> <span class='ocrx_word' id='word_1_66' title='bbox 232 1573 325 1628; x_wconf 70' lang='lat' dir='ltr'><strong>nisu</strong></span> <span class='ocrx_word' id='word_1_67' title='bbox 343 1574 473 1645; x_wconf 79' lang='lat' dir='ltr'><strong>potentin</strong></span> <span class='ocrx_word' id='word_1_68' title='bbox 492 1573 597 1643; x_wconf 78' lang='lat' dir='ltr'><strong>suerat.</strong></span> <span class='ocrx_word' id='word_1_69' title='bbox 642 1573 712 1646; x_wconf 78' lang='lat' dir='ltr'><strong>Ergo</strong></span> <span class='ocrx_word' id='word_1_70' title='bbox 740 1576 775 1631; x_wconf 87' lang='lat'><strong>19</strong></span> <span class='ocrx_word' id='word_1_71' title='bbox 799 1590 885 1629; x_wconf 91' lang='lat' dir='ltr'><strong>annos</strong></span> <span class='ocrx_word' id='word_1_72' title='bbox 907 1573 1080 1631; x_wconf 70' lang='lat' dir='ltr'><strong>Maximianus</strong></span> 
     </span>
     <span class='ocr_line' id='line_1_10' title="bbox 58 1657 1080 1732; baseline 0.001 -18"><span class='ocrx_word' id='word_1_73' title='bbox 58 1658 186 1732; x_wconf 75' lang='lat' dir='ltr'><strong>explerit,</strong></span> <span class='ocrx_word' id='word_1_74' title='bbox 210 1658 251 1712; x_wconf 92' lang='lat' dir='ltr'><strong>uti</strong></span> <span class='ocrx_word' id='word_1_75' title='bbox 273 1657 454 1713; x_wconf 81' lang='lat' dir='ltr'><strong>Diocletianus</strong></span> <span class='ocrx_word' id='word_1_76' title='bbox 479 1659 528 1721; x_wconf 85' lang='grc'><strong>20,</strong></span> <span class='ocrx_word' id='word_1_77' title='bbox 552 1658 667 1730; x_wconf 88' lang='lat' dir='ltr'><strong>ideoque</strong></span> <span class='ocrx_word' id='word_1_78' title='bbox 689 1660 779 1730; x_wconf 89' lang='lat' dir='ltr'><strong>coepit</strong></span> <span class='ocrx_word' id='word_1_79' title='bbox 801 1676 873 1715; x_wconf 87' lang='lat' dir='ltr'><strong>anuo</strong></span> <span class='ocrx_word' id='word_1_80' title='bbox 897 1660 967 1717; x_wconf 73' lang='lat'><strong>285.</strong></span> <span class='ocrx_word' id='word_1_81' title='bbox 997 1659 1080 1715; x_wconf 81' lang='lat' dir='ltr'><strong>ntia</strong></span> 
     </span>
     <span class='ocr_line' id='line_1_11' title="bbox 58 1743 1080 1817; baseline -0.001 -17"><span class='ocrx_word' id='word_1_82' title='bbox 58 1743 185 1817; x_wconf 76' lang='lat' dir='ltr'><strong>Epitomc</strong></span> <span class='ocrx_word' id='word_1_83' title='bbox 207 1744 396 1798; x_wconf 76' lang='lat' dir='ltr'><strong>aeramnae</strong></span> <span class='ocrx_word' id='word_1_84' title='bbox 420 1743 571 1815; x_wconf 86' lang='lat' dir='ltr'><strong>imperator</strong></span> <span class='ocrx_word' id='word_1_85' title='bbox 591 1743 698 1798; x_wconf 90' lang='lat' dir='ltr'><strong>dicitur.</strong></span> <span class='ocrx_word' id='word_1_86' title='bbox 730 1744 878 1799; x_wconf 80' lang='lat' dir='ltr'><strong>Videndum</strong></span> <span class='ocrx_word' id='word_1_87' title='bbox 901 1744 984 1817; x_wconf 80' lang='lat' dir='ltr'><strong>igitur</strong></span> <span class='ocrx_word' id='word_1_88' title='bbox 1001 1744 1080 1801; x_wconf 83' lang='lat' dir='ltr'><strong>ctiam</strong></span> 
     </span>
     <span class='ocr_line' id='line_1_12' title="bbox 56 1826 1080 1903; baseline 0.001 -20"><span class='ocrx_word' id='word_1_89' title='bbox 56 1838 141 1903; x_wconf 84' lang='lat' dir='ltr'><strong>atque</strong></span> <span class='ocrx_word' id='word_1_90' title='bbox 171 1828 252 1883; x_wconf 87' lang='lat' dir='ltr'><strong>ctiam</strong></span> <span class='ocrx_word' id='word_1_91' title='bbox 280 1836 371 1882; x_wconf 89' lang='lat' dir='ltr'><strong>utrum</strong></span> <span class='ocrx_word' id='word_1_92' title='bbox 394 1826 559 1883; x_wconf 88' lang='lat' dir='ltr'><strong>Diocletiano</strong></span> <span class='ocrx_word' id='word_1_93' title='bbox 588 1836 615 1884; x_wconf 86' lang='lat' dir='ltr'><strong>et</strong></span> <span class='ocrx_word' id='word_1_94' title='bbox 637 1828 793 1884; x_wconf 80' lang='lat' dir='ltr'><strong>Aristobulo</strong></span> <span class='ocrx_word' id='word_1_95' title='bbox 817 1829 893 1884; x_wconf 89' lang='lat' dir='ltr'><strong>Coss.</strong></span> <span class='ocrx_word' id='word_1_96' title='bbox 922 1845 993 1885; x_wconf 92' lang='lat' dir='ltr'><strong>anno</strong></span> <span class='ocrx_word' id='word_1_97' title='bbox 1020 1830 1080 1902; x_wconf 86' lang='lat' dir='ltr'><strong>ipso</strong></span> 
     </span>
     <span class='ocr_line' id='line_1_13' title="bbox 60 1911 1083 1989; baseline -0.004 -18"><span class='ocrx_word' id='word_1_98' title='bbox 60 1911 320 1971; x_wconf 71' lang='lat' dir='ltr'><strong>autumnitanus</strong></span> <span class='ocrx_word' id='word_1_99' title='bbox 348 1911 467 1989; x_wconf 71' lang='lat' dir='ltr'><strong>adscitus</strong></span> <span class='ocrx_word' id='word_1_100' title='bbox 496 1913 582 1968; x_wconf 80' lang='lat' dir='ltr'><strong>fucrit·</strong></span> <span class='ocrx_word' id='word_1_101' title='bbox 606 1922 633 1968; x_wconf 90' lang='lat' dir='ltr'><strong>ct</strong></span> <span class='ocrx_word' id='word_1_102' title='bbox 655 1929 725 1968; x_wconf 89' lang='lat' dir='ltr'><strong>anno</strong></span> <span class='ocrx_word' id='word_1_103' title='bbox 748 1913 909 1986; x_wconf 84' lang='lat' dir='ltr'><strong>insequente</strong></span> <span class='ocrx_word' id='word_1_104' title='bbox 932 1931 993 1969; x_wconf 92' lang='lat' dir='ltr'><strong>cum</strong></span> <span class='ocrx_word' id='word_1_105' title='bbox 1017 1913 1083 1968; x_wconf 90' lang='lat' dir='ltr'><strong>Din-</strong></span> 
     </span>
     <span class='ocr_line' id='line_1_14' title="bbox 58 1992 1082 2072; baseline -0.001 -17"><span class='ocrx_word' id='word_1_106' title='bbox 58 1998 178 2055; x_wconf 88' lang='lat' dir='ltr'><strong>clctiano</strong></span> <span class='ocrx_word' id='word_1_107' title='bbox 202 1996 378 2054; x_wconf 86' lang='lat' dir='ltr'><strong>Consulatum</strong></span> <span class='ocrx_word' id='word_1_108' title='bbox 400 1997 500 2052; x_wconf 89' lang='lat' dir='ltr'><strong>inierit.</strong></span> <span class='ocrx_word' id='word_1_109' title='bbox 530 1998 569 2052; x_wconf 93' lang='lat' dir='ltr'><strong>lta</strong></span> <span class='ocrx_word' id='word_1_110' title='bbox 592 1997 663 2052; x_wconf 87' lang='lat' dir='ltr'><strong>cuim</strong></span> <span class='ocrx_word' id='word_1_111' title='bbox 686 2014 777 2053; x_wconf 86' lang='lat' dir='ltr'><strong>verum</strong></span> <span class='ocrx_word' id='word_1_112' title='bbox 801 2015 861 2054; x_wconf 89' lang='lat' dir='ltr'><strong>csse</strong></span> <span class='ocrx_word' id='word_1_113' title='bbox 883 2007 985 2071; x_wconf 88' lang='lat' dir='ltr'><strong>potest,</strong></span> <span class='ocrx_word' id='word_1_114' title='bbox 1009 1992 1082 2072; x_wconf 81' lang='lat' dir='ltr'><strong>quoti</strong></span> 
     </span>
     <span class='ocr_line' id='line_1_15' title="bbox 59 2080 1082 2158; baseline -0.001 -19"><span class='ocrx_word' id='word_1_115' title='bbox 59 2083 164 2158; x_wconf 83' lang='lat' dir='ltr'><strong>antiqui</strong></span> <span class='ocrx_word' id='word_1_116' title='bbox 186 2080 290 2155; x_wconf 85' lang='lat' dir='ltr'><strong>lapides</strong></span> <span class='ocrx_word' id='word_1_117' title='bbox 313 2091 475 2154; x_wconf 78' lang='lat' dir='ltr'><strong>suggerunt,</strong></span> <span class='ocrx_word' id='word_1_118' title='bbox 498 2091 528 2137; x_wconf 88' lang='lat' dir='ltr'><strong>nt</strong></span> <span class='ocrx_word' id='word_1_119' title='bbox 551 2082 654 2156; x_wconf 87' lang='lat' dir='ltr'><strong>primus</strong></span> <span class='ocrx_word' id='word_1_120' title='bbox 670 2081 818 2139; x_wconf 81' lang='lat' dir='ltr'><strong>Maximiani</strong></span> <span class='ocrx_word' id='word_1_121' title='bbox 835 2082 997 2138; x_wconf 82' lang='lat' dir='ltr'><strong>Consulatus</strong></span> <span class='ocrx_word' id='word_1_122' title='bbox 1020 2098 1082 2138; x_wconf 88' lang='lat' dir='ltr'><strong>cum</strong></span> 
     </span>
     <span class='ocr_line' id='line_1_16' title="bbox 58 2166 1082 2239; baseline -0.003 -14"><span class='ocrx_word' id='word_1_123' title='bbox 58 2168 182 2225; x_wconf 71' lang='lat' dir='ltr'><strong>mundo</strong></span> <span class='ocrx_word' id='word_1_124' title='bbox 206 2166 362 2223; x_wconf 88' lang='lat' dir='ltr'><strong>Diocletiani</strong></span> <span class='ocrx_word' id='word_1_125' title='bbox 386 2174 413 2222; x_wconf 87' lang='lat' dir='ltr'><strong>et</strong></span> <span class='ocrx_word' id='word_1_126' title='bbox 428 2166 576 2223; x_wconf 82' lang='lat' dir='ltr'><strong>Tribunitia</strong></span> <span class='ocrx_word' id='word_1_127' title='bbox 599 2176 721 2239; x_wconf 88' lang='lat' dir='ltr'><strong>potestas</strong></span> <span class='ocrx_word' id='word_1_128' title='bbox 744 2170 763 2225; x_wconf 83' lang='lat'><strong>2</strong></span> <span class='ocrx_word' id='word_1_129' title='bbox 784 2167 932 2235; x_wconf 80' lang='lat' dir='ltr'><strong>Maximiani</strong></span> <span class='ocrx_word' id='word_1_130' title='bbox 955 2184 1016 2223; x_wconf 87' lang='lat' dir='ltr'><strong>curn</strong></span> <span class='ocrx_word' id='word_1_131' title='bbox 1032 2183 1082 2223; x_wconf 87' lang='lat' dir='ltr'><strong>eo·</strong></span> 
     </span>
     <span class='ocr_line' id='line_1_17' title="bbox 60 2251 1082 2326; baseline -0.004 -15"><span class='ocrx_word' id='word_1_132' title='bbox 60 2253 122 2311; x_wconf 81' lang='lat' dir='ltr'><strong>dam</strong></span> <span class='ocrx_word' id='word_1_133' title='bbox 136 2251 288 2310; x_wconf 80' lang='lat' dir='ltr'><strong>Consulatu</strong></span> <span class='ocrx_word' id='word_1_134' title='bbox 311 2261 453 2324; x_wconf 80' lang='lat' dir='ltr'><strong>congruat,</strong></span> <span class='ocrx_word' id='word_1_135' title='bbox 477 2269 508 2307; x_wconf 87' lang='lat' dir='ltr'><strong>ac</strong></span> <span class='ocrx_word' id='word_1_136' title='bbox 530 2252 646 2325; x_wconf 88' lang='lat' dir='ltr'><strong>denique</strong></span> <span class='ocrx_word' id='word_1_137' title='bbox 664 2253 860 2309; x_wconf 72' lang='lat' dir='ltr'><strong>ConsulatusD</strong></span> <span class='ocrx_word' id='word_1_138' title='bbox 884 2261 911 2309; x_wconf 89' lang='lat' dir='ltr'><strong>ct</strong></span> <span class='ocrx_word' id='word_1_139' title='bbox 935 2255 952 2310; x_wconf 82' lang='lat'><strong>2</strong></span> <span class='ocrx_word' id='word_1_140' title='bbox 970 2251 1082 2326; x_wconf 85' lang='lat' dir='ltr'><strong>perinde</strong></span> 
     </span>
     <span class='ocr_line' id='line_1_18' title="bbox 62 2336 1081 2411; baseline -0.002 -15"><span class='ocrx_word' id='word_1_141' title='bbox 62 2338 213 2396; x_wconf 75' lang='lat' dir='ltr'><strong>Trihumtm</strong></span> <span class='ocrx_word' id='word_1_142' title='bbox 229 2336 386 2393; x_wconf 78' lang='lat' dir='ltr'><strong>Diocletiani</strong></span> <span class='ocrx_word' id='word_1_143' title='bbox 408 2345 530 2410; x_wconf 88' lang='lat' dir='ltr'><strong>potestas</strong></span> <span class='ocrx_word' id='word_1_144' title='bbox 553 2338 733 2393; x_wconf 90' lang='lat' dir='ltr'><strong>consentient.</strong></span> <span class='ocrx_word' id='word_1_145' title='bbox 758 2337 870 2411; x_wconf 75' lang='lat' dir='ltr'><strong>‘Quippe</strong></span> <span class='ocrx_word' id='word_1_146' title='bbox 885 2338 995 2394; x_wconf 90' lang='lat' dir='ltr'><strong>incunte</strong></span> <span class='ocrx_word' id='word_1_147' title='bbox 1011 2352 1081 2394; x_wconf 81' lang='lat' dir='ltr'><strong>anuo</strong></span> 
     </span>
     <span class='ocr_line' id='line_1_19' title="bbox 62 2420 1082 2495; baseline -0.004 -15"><span class='ocrx_word' id='word_1_148' title='bbox 62 2423 162 2480; x_wconf 81' lang='lat' dir='ltr'><strong>Christi</strong></span> <span class='ocrx_word' id='word_1_149' title='bbox 179 2424 251 2487; x_wconf 83' lang='grc'>286,</span> <span class='ocrx_word' id='word_1_150' title='bbox 275 2430 403 2478; x_wconf 80' lang='lat' dir='ltr'><strong>eximente</strong></span> <span class='ocrx_word' id='word_1_151' title='bbox 418 2420 567 2478; x_wconf 84' lang='lat' dir='ltr'><strong>Tribunitia</strong></span> <span class='ocrx_word' id='word_1_152' title='bbox 586 2431 722 2495; x_wconf 81' lang='lat' dir='ltr'><strong>potestate</strong></span> <span class='ocrx_word' id='word_1_153' title='bbox 739 2424 756 2480; x_wconf 83' lang='lat'><strong>2</strong></span> <span class='ocrx_word' id='word_1_154' title='bbox 774 2422 940 2483; x_wconf 84' lang='lat' dir='ltr'><strong>Diocletiani.</strong></span> <span class='ocrx_word' id='word_1_155' title='bbox 962 2422 1082 2495; x_wconf 81' lang='lat' dir='ltr'><strong>lapidum</strong></span> 
     </span>
     <span class='ocr_line' id='line_1_20' title="bbox 61 2505 1083 2580; baseline -0.005 -14"><span class='ocrx_word' id='word_1_156' title='bbox 61 2510 129 2566; x_wconf 83' lang='lat' dir='ltr'><strong>aiter</strong></span> <span class='ocrx_word' id='word_1_157' title='bbox 151 2506 265 2565; x_wconf 84' lang='lat' dir='ltr'><strong>inscribi</strong></span> <span class='ocrx_word' id='word_1_158' title='bbox 287 2507 387 2579; x_wconf 68' lang='lat' dir='ltr'><strong>potuit,</strong></span> <span class='ocrx_word' id='word_1_159' title='bbox 409 2505 478 2562; x_wconf 86' lang='lat' dir='ltr'><strong>alter</strong></span> <span class='ocrx_word' id='word_1_160' title='bbox 500 2523 563 2562; x_wconf 84' lang='lat' dir='ltr'><strong>vero</strong></span> <span class='ocrx_word' id='word_1_161' title='bbox 587 2516 650 2580; x_wconf 88' lang='lat' dir='ltr'><strong>post</strong></span> <span class='ocrx_word' id='word_1_162' title='bbox 664 2507 764 2570; x_wconf 85' lang='lat' dir='ltr'><strong>Palilia,</strong></span> <span class='ocrx_word' id='word_1_163' title='bbox 789 2523 849 2561; x_wconf 87' lang='lat' dir='ltr'><strong>cum</strong></span> <span class='ocrx_word' id='word_1_164' title='bbox 866 2507 917 2562; x_wconf 91' lang='lat' dir='ltr'><strong>iam</strong></span> <span class='ocrx_word' id='word_1_165' title='bbox 933 2507 1083 2562; x_wconf 86' lang='lat' dir='ltr'><strong>secundum</strong></span> 
     </span>
     <span class='ocr_line' id='line_1_21' title="bbox 63 2591 1084 2668; baseline -0.005 -18"><span class='ocrx_word' id='word_1_166' title='bbox 63 2594 169 2668; x_wconf 81' lang='lat' dir='ltr'><strong>luperii</strong></span> <span class='ocrx_word' id='word_1_167' title='bbox 197 2610 230 2649; x_wconf 90' lang='lat' dir='ltr'><strong>ac</strong></span> <span class='ocrx_word' id='word_1_168' title='bbox 252 2591 417 2647; x_wconf 83' lang='lat' dir='ltr'><strong>Tribuuitiae</strong></span> <span class='ocrx_word' id='word_1_169' title='bbox 445 2592 588 2665; x_wconf 89' lang='lat' dir='ltr'><strong>potestatis</strong></span> <span class='ocrx_word' id='word_1_170' title='bbox 617 2608 717 2647; x_wconf 87' lang='lat' dir='ltr'><strong>annum</strong></span> <span class='ocrx_word' id='word_1_171' title='bbox 740 2591 913 2647; x_wconf 78' lang='lat' dir='ltr'><strong>Maximianus</strong></span> <span class='ocrx_word' id='word_1_172' title='bbox 941 2598 1015 2647; x_wconf 86' lang='lat' dir='ltr'><strong>essct</strong></span> <span class='ocrx_word' id='word_1_173' title='bbox 1039 2591 1084 2646; x_wconf 90' lang='lat' dir='ltr'><strong>in-</strong></span> 
     </span>
     <span class='ocr_line' id='line_1_22' title="bbox 62 2675 1084 2753; baseline -0.006 -17"><span class='ocrx_word' id='word_1_174' title='bbox 62 2696 173 2753; x_wconf 70' lang='lat' dir='ltr'><strong>gressus</strong></span> <span class='ocrx_word' id='word_1_175' title='bbox 196 2686 226 2735; x_wconf 90' lang='lat' dir='ltr'><strong>ct</strong></span> <span class='ocrx_word' id='word_1_176' title='bbox 247 2685 364 2751; x_wconf 88' lang='lat' dir='ltr'><strong>uterque</strong></span> <span class='ocrx_word' id='word_1_177' title='bbox 386 2676 562 2733; x_wconf 89' lang='lat' dir='ltr'><strong>Consulatum</strong></span> <span class='ocrx_word' id='word_1_178' title='bbox 584 2685 702 2749; x_wconf 80' lang='lat' dir='ltr'><strong>gereret.</strong></span> <span class='ocrx_word' id='word_1_179' title='bbox 733 2675 801 2731; x_wconf 90' lang='lat' dir='ltr'><strong>Huic</strong></span> <span class='ocrx_word' id='word_1_180' title='bbox 824 2677 996 2732; x_wconf 88' lang='lat' dir='ltr'><strong>coniecturae</strong></span> <span class='ocrx_word' id='word_1_181' title='bbox 1011 2685 1084 2731; x_wconf 88' lang='lat' dir='ltr'><strong>tam—</strong></span> 
     </span>
     <span class='ocr_line' id='line_1_23' title="bbox 64 2760 1084 2835; baseline -0.005 -15"><span class='ocrx_word' id='word_1_182' title='bbox 64 2764 106 2820; x_wconf 86' lang='lat' dir='ltr'><strong>diu</strong></span> <span class='ocrx_word' id='word_1_183' title='bbox 128 2780 182 2820; x_wconf 87' lang='lat' dir='ltr'><strong>nos</strong></span> <span class='ocrx_word' id='word_1_184' title='bbox 204 2760 415 2825; x_wconf 83' lang='lat' dir='ltr'><strong>inhaerebimus,</strong></span> <span class='ocrx_word' id='word_1_185' title='bbox 439 2761 502 2818; x_wconf 91' lang='lat' dir='ltr'><strong>dum</strong></span> <span class='ocrx_word' id='word_1_186' title='bbox 526 2761 690 2835; x_wconf 81' lang='lat' dir='ltr'><strong>exploratius</strong></span> <span class='ocrx_word' id='word_1_187' title='bbox 713 2778 744 2816; x_wconf 88' lang='lat' dir='ltr'><strong>ae</strong></span> <span class='ocrx_word' id='word_1_188' title='bbox 765 2760 866 2816; x_wconf 86' lang='lat' dir='ltr'><strong>certius</strong></span> <span class='ocrx_word' id='word_1_189' title='bbox 888 2761 988 2834; x_wconf 85' lang='lat' dir='ltr'><strong>aliquid</strong></span> <span class='ocrx_word' id='word_1_190' title='bbox 1011 2760 1084 2816; x_wconf 87' lang='lat' dir='ltr'><strong>docti</strong></span> 
     </span>
     <span class='ocr_line' id='line_1_24' title="bbox 64 2844 1084 2920; baseline -0.004 -15"><span class='ocrx_word' id='word_1_191' title='bbox 64 2849 187 2905; x_wconf 85' lang='lat' dir='ltr'><strong>homines</strong></span> <span class='ocrx_word' id='word_1_192' title='bbox 209 2847 434 2920; x_wconf 77' lang='lat' dir='ltr'><strong>excogitaverint,</strong></span> <span class='ocrx_word' id='word_1_193' title='bbox 464 2847 538 2920; x_wconf 86' lang='lat' dir='ltr'><strong>quod</strong></span> <span class='ocrx_word' id='word_1_194' title='bbox 563 2848 589 2902; x_wconf 90' lang='lat' dir='ltr'><strong>in</strong></span> <span class='ocrx_word' id='word_1_195' title='bbox 612 2845 855 2920; x_wconf 85' lang='lat' dir='ltr'><strong>perturbatissimis</strong></span> <span class='ocrx_word' id='word_1_196' title='bbox 878 2846 929 2901; x_wconf 87' lang='lat' dir='ltr'><strong>illis</strong></span> <span class='ocrx_word' id='word_1_197' title='bbox 953 2844 1084 2918; x_wconf 83' lang='lat' dir='ltr'><strong>tempori-</strong></span> 
     </span>
     <span class='ocr_line' id='line_1_25' title="bbox 65 2931 1083 2996; baseline -0.003 -7"><span class='ocrx_word' id='word_1_198' title='bbox 65 2931 114 2989; x_wconf 83' lang='lat' dir='ltr'><strong>bus</strong></span> <span class='ocrx_word' id='word_1_199' title='bbox 140 2943 173 2989; x_wconf 92' lang='lat' dir='ltr'><strong>ut</strong></span> <span class='ocrx_word' id='word_1_200' title='bbox 201 2941 245 2989; x_wconf 86' lang='lat' dir='ltr'><strong>cst</strong></span> <span class='ocrx_word' id='word_1_201' title='bbox 266 2931 390 2996; x_wconf 78' lang='lat' dir='ltr'><strong>difficile,</strong></span> <span class='ocrx_word' id='word_1_202' title='bbox 417 2932 454 2988; x_wconf 89' lang='lat' dir='ltr'><strong>ita</strong></span> <span class='ocrx_word' id='word_1_203' title='bbox 477 2932 636 2988; x_wconf 88' lang='lat' dir='ltr'><strong>couiieicudi</strong></span> <span class='ocrx_word' id='word_1_204' title='bbox 658 2932 744 2987; x_wconf 88' lang='lat' dir='ltr'><strong>multo</strong></span> <span class='ocrx_word' id='word_1_205' title='bbox 767 2932 868 2996; x_wconf 87' lang='lat' dir='ltr'><strong>maior,</strong></span> <span class='ocrx_word' id='word_1_206' title='bbox 898 2931 986 2986; x_wconf 89' lang='lat' dir='ltr'><strong>minus</strong></span> <span class='ocrx_word' id='word_1_207' title='bbox 1009 2937 1083 2986; x_wconf 85' lang='lat' dir='ltr'><strong>certe</strong></span> 
     </span>
     <span class='ocr_line' id='line_1_26' title="bbox 64 3015 1085 3089; baseline -0.004 -15"><span class='ocrx_word' id='word_1_208' title='bbox 64 3018 192 3075; x_wconf 78' lang='lat' dir='ltr'><strong>invidiosa</strong></span> <span class='ocrx_word' id='word_1_209' title='bbox 220 3015 332 3073; x_wconf 89' lang='lat' dir='ltr'><strong>libertas</strong></span> <span class='ocrx_word' id='word_1_210' title='bbox 361 3033 423 3072; x_wconf 86' lang='lat' dir='ltr'><strong>esse</strong></span> <span class='ocrx_word' id='word_1_211' title='bbox 445 3016 535 3072; x_wconf 77' lang='lat' dir='ltr'><strong>dehet</strong></span> <span class='ocrx_word' id='word_1_212' title='bbox 578 3017 616 3072; x_wconf 82' lang='lat' dir='ltr'><strong>Ex</strong></span> <span class='ocrx_word' id='word_1_213' title='bbox 638 3017 671 3071; x_wconf 92' lang='lat' dir='ltr'><strong>iis</strong></span> <span class='ocrx_word' id='word_1_214' title='bbox 693 3016 819 3073; x_wconf 88' lang='lat' dir='ltr'><strong>omnibus</strong></span> <span class='ocrx_word' id='word_1_215' title='bbox 841 3017 1018 3089; x_wconf 71' lang='lat' dir='ltr'><strong>corrigendus</strong></span> <span class='ocrx_word' id='word_1_216' title='bbox 1042 3023 1085 3070; x_wconf 88' lang='lat' dir='ltr'><strong>est</strong></span> 
     </span>
     <span class='ocr_line' id='line_1_27' title="bbox 66 3100 1084 3175; baseline -0.006 -15"><span class='ocrx_word' id='word_1_217' title='bbox 66 3106 175 3160; x_wconf 76' lang='lat' dir='ltr'><strong>vitiosus</strong></span> <span class='ocrx_word' id='word_1_218' title='bbox 198 3101 341 3175; x_wconf 77' lang='lat' dir='ltr'><strong>Epiplranii</strong></span> <span class='ocrx_word' id='word_1_219' title='bbox 369 3118 514 3165; x_wconf 89' lang='lat' dir='ltr'><strong>numerus,</strong></span> <span class='ocrx_word' id='word_1_220' title='bbox 544 3101 589 3173; x_wconf 88' lang='lat' dir='ltr'><strong>qni</strong></span> <span class='ocrx_word' id='word_1_221' title='bbox 614 3100 778 3159; x_wconf 84' lang='lat' dir='ltr'><strong>Diocletiano</strong></span> <span class='ocrx_word' id='word_1_222' title='bbox 804 3110 832 3156; x_wconf 90' lang='lat' dir='ltr'><strong>et</strong></span> <span class='ocrx_word' id='word_1_223' title='bbox 852 3101 1010 3157; x_wconf 78' lang='lat' dir='ltr'><strong>Maximiano</strong></span> <span class='ocrx_word' id='word_1_224' title='bbox 1033 3100 1084 3154; x_wconf 80' lang='lat' dir='ltr'><strong>tri·</strong></span> 
     </span>
     <span class='ocr_line' id='line_1_28' title="bbox 65 3183 1083 3259; baseline -0.007 -14"><span class='ocrx_word' id='word_1_225' title='bbox 65 3190 122 3245; x_wconf 89' lang='lat' dir='ltr'><strong>huit</strong></span> <span class='ocrx_word' id='word_1_226' title='bbox 146 3204 238 3244; x_wconf 83' lang='lat' dir='ltr'><strong>anuos</strong></span> <span class='ocrx_word' id='word_1_227' title='bbox 264 3189 310 3244; x_wconf 84' lang='grc'><strong>13.</strong></span> <span class='ocrx_word' id='word_1_228' title='bbox 355 3185 432 3253; x_wconf 82' lang='lat' dir='ltr'><strong>Quod</strong></span> <span class='ocrx_word' id='word_1_229' title='bbox 462 3186 571 3241; x_wconf 88' lang='lat' dir='ltr'><strong>minime</strong></span> <span class='ocrx_word' id='word_1_230' title='bbox 597 3185 698 3241; x_wconf 89' lang='lat' dir='ltr'><strong>librarii</strong></span> <span class='ocrx_word' id='word_1_231' title='bbox 726 3187 822 3258; x_wconf 85' lang='lat' dir='ltr'><strong>culpae</strong></span> <span class='ocrx_word' id='word_1_232' title='bbox 843 3196 935 3259; x_wconf 88' lang='lat' dir='ltr'><strong>potest</strong></span> <span class='ocrx_word' id='word_1_233' title='bbox 957 3183 1083 3241; x_wconf 90' lang='lat' dir='ltr'><strong>adscribi.</strong></span> 
     </span>
     <span class='ocr_line' id='line_1_29' title="bbox 67 3269 1085 3345; baseline -0.006 -15"><span class='ocrx_word' id='word_1_234' title='bbox 67 3273 128 3330; x_wconf 81' lang='lat' dir='ltr'><strong>Mam</strong></span> <span class='ocrx_word' id='word_1_235' title='bbox 149 3273 280 3330; x_wconf 86' lang='lat' dir='ltr'><strong>distincte</strong></span> <span class='ocrx_word' id='word_1_236' title='bbox 300 3286 388 3327; x_wconf 84' lang='lat' dir='ltr'><strong>anuos</strong></span> <span class='ocrx_word' id='word_1_237' title='bbox 409 3271 447 3328; x_wconf 89' lang='lat' dir='ltr'><strong>ita</strong></span> <span class='ocrx_word' id='word_1_238' title='bbox 467 3272 600 3345; x_wconf 81' lang='lat' dir='ltr'><strong>partum,</strong></span> <span class='ocrx_word' id='word_1_239' title='bbox 625 3281 654 3326; x_wconf 92' lang='lat' dir='ltr'><strong>ut</strong></span> <span class='ocrx_word' id='word_1_240' title='bbox 677 3281 740 3344; x_wconf 89' lang='lat' dir='ltr'><strong>post</strong></span> <span class='ocrx_word' id='word_1_241' title='bbox 768 3272 818 3335; x_wconf 89' lang='grc'><strong>12,</strong></span> <span class='ocrx_word' id='word_1_242' title='bbox 842 3269 941 3343; x_wconf 89' lang='lat' dir='ltr'><strong>quibus</strong></span> <span class='ocrx_word' id='word_1_243' title='bbox 962 3276 1085 3344; x_wconf 74' lang='lat' dir='ltr'><strong>grassata</strong></span> 
     </span>
     <span class='ocr_line' id='line_1_30' title="bbox 67 3355 1084 3433; baseline -0.004 -19"><span class='ocrx_word' id='word_1_244' title='bbox 67 3359 220 3433; x_wconf 72' lang='lat' dir='ltr'><strong>pmecutio</strong></span> <span class='ocrx_word' id='word_1_245' title='bbox 243 3365 295 3420; x_wconf 86' lang='lat' dir='ltr'><strong>est,</strong></span> <span class='ocrx_word' id='word_1_246' title='bbox 317 3373 418 3412; x_wconf 86' lang='lat' dir='ltr'><strong>anuum</strong></span> <span class='ocrx_word' id='word_1_247' title='bbox 439 3372 524 3411; x_wconf 91' lang='lat' dir='ltr'><strong>unum</strong></span> <span class='ocrx_word' id='word_1_248' title='bbox 546 3364 610 3411; x_wconf 85' lang='lat' dir='ltr'><strong>aute</strong></span> <span class='ocrx_word' id='word_1_249' title='bbox 631 3355 827 3411; x_wconf 86' lang='lat' dir='ltr'><strong>abdicationem</strong></span> <span class='ocrx_word' id='word_1_250' title='bbox 849 3355 997 3429; x_wconf 85' lang='lat' dir='ltr'><strong>imperarit.</strong></span> <span class='ocrx_word' id='word_1_251' title='bbox 1036 3356 1084 3410; x_wconf 86' lang='lat' dir='ltr'><strong>tlt-</strong></span> 
     </span>
     <span class='ocr_line' id='line_1_31' title="bbox 66 3439 1083 3518; baseline -0.008 -15"><span class='ocrx_word' id='word_1_252' title='bbox 66 3446 110 3518; x_wconf 76' lang='lat' dir='ltr'><strong>qai</strong></span> <span class='ocrx_word' id='word_1_253' title='bbox 132 3447 172 3503; x_wconf 90' lang='grc'><strong>20</strong></span> <span class='ocrx_word' id='word_1_254' title='bbox 195 3459 283 3499; x_wconf 82' lang='lat' dir='ltr'><strong>anuos</strong></span> <span class='ocrx_word' id='word_1_255' title='bbox 305 3440 409 3497; x_wconf 87' lang='lat' dir='ltr'><strong>solidos</strong></span> <span class='ocrx_word' id='word_1_256' title='bbox 430 3441 579 3514; x_wconf 85' lang='lat' dir='ltr'><strong>imperavit,</strong></span> <span class='ocrx_word' id='word_1_257' title='bbox 603 3441 728 3495; x_wconf 87' lang='lat' dir='ltr'><strong>rrimirum</strong></span> <span class='ocrx_word' id='word_1_258' title='bbox 751 3457 764 3495; x_wconf 92' lang='lat' dir='ltr'><strong>a</strong></span> <span class='ocrx_word' id='word_1_259' title='bbox 788 3439 914 3495; x_wconf 87' lang='lat' dir='ltr'><strong>Palilibus</strong></span> <span class='ocrx_word' id='word_1_260' title='bbox 937 3439 999 3495; x_wconf 91' lang='lat' dir='ltr'><strong>anni</strong></span> <span class='ocrx_word' id='word_1_261' title='bbox 1023 3439 1083 3496; x_wconf 76' lang='grc'><strong>284</strong></span> 
     </span>
     <span class='ocr_line' id='line_1_32' title="bbox 67 3523 1137 3598; baseline -0.006 -14"><span class='ocrx_word' id='word_1_262' title='bbox 67 3529 98 3584; x_wconf 82' lang='lat' dir='ltr'><strong>ad</strong></span> <span class='ocrx_word' id='word_1_263' title='bbox 117 3529 209 3585; x_wconf 80' lang='lat' dir='ltr'><strong>Palilia</strong></span> <span class='ocrx_word' id='word_1_264' title='bbox 234 3526 296 3582; x_wconf 88' lang='lat' dir='ltr'><strong>anai</strong></span> <span class='ocrx_word' id='word_1_265' title='bbox 321 3529 392 3584; x_wconf 79' lang='lat' dir='ltr'><strong>tut.</strong></span> <span class='ocrx_word' id='word_1_266' title='bbox 422 3525 523 3582; x_wconf 81' lang='lat' dir='ltr'><strong>Eodem</strong></span> <span class='ocrx_word' id='word_1_267' title='bbox 547 3524 617 3580; x_wconf 78' lang='lat' dir='ltr'><strong>anun</strong></span> <span class='ocrx_word' id='word_1_268' title='bbox 641 3534 772 3598; x_wconf 87' lang='lat' dir='ltr'><strong>tempora,</strong></span> <span class='ocrx_word' id='word_1_269' title='bbox 797 3542 851 3597; x_wconf 85' lang='lat' dir='ltr'><strong>quo</strong></span> <span class='ocrx_word' id='word_1_270' title='bbox 874 3533 1001 3598; x_wconf 86' lang='lat' dir='ltr'><strong>coeperat</strong></span> <span class='ocrx_word' id='word_1_271' title='bbox 1020 3523 1137 3589; x_wconf 67' lang='lat' dir='ltr'><strong>Dio-418</strong></span> 
     </span>
     <span class='ocr_line' id='line_1_33' title="bbox 67 3606 1083 3684; baseline -0.007 -13"><span class='ocrx_word' id='word_1_272' title='bbox 67 3614 214 3678; x_wconf 63' lang='lat' dir='ltr'><strong>Munus,</strong></span> <span class='ocrx_word' id='word_1_273' title='bbox 244 3612 388 3684; x_wconf 84' lang='lat' dir='ltr'><strong>imperium</strong></span> <span class='ocrx_word' id='word_1_274' title='bbox 415 3611 522 3684; x_wconf 87' lang='lat' dir='ltr'><strong>posuit,</strong></span> <span class='ocrx_word' id='word_1_275' title='bbox 545 3618 578 3666; x_wconf 90' lang='lat' dir='ltr'><strong>ut</strong></span> <span class='ocrx_word' id='word_1_276' title='bbox 600 3609 727 3666; x_wconf 78' lang='lat' dir='ltr'><strong>Dnulrius</strong></span> <span class='ocrx_word' id='word_1_277' title='bbox 752 3609 841 3665; x_wconf 90' lang='lat' dir='ltr'><strong>tradit.</strong></span> <span class='ocrx_word' id='word_1_278' title='bbox 886 3606 1083 3669; x_wconf 68' lang='lat' dir='ltr'><strong>Zosimus&#39;l.2</strong></span> 
     </span>
     <span class='ocr_line' id='line_1_34' title="bbox 68 3692 1085 3769; baseline -0.008 -14"><span class='ocrx_word' id='word_1_279' title='bbox 68 3698 158 3755; x_wconf 79' lang='lat' dir='ltr'><strong>scribit</strong></span> <span class='ocrx_word' id='word_1_280' title='bbox 180 3716 196 3754; x_wconf 94' lang='lat' dir='ltr'><strong>a</strong></span> <span class='ocrx_word' id='word_1_281' title='bbox 219 3697 370 3754; x_wconf 82' lang='lat' dir='ltr'><strong>Consulatu</strong></span> <span class='ocrx_word' id='word_1_282' title='bbox 392 3695 511 3752; x_wconf 85' lang='lat' dir='ltr'><strong>Chilonis</strong></span> <span class='ocrx_word' id='word_1_283' title='bbox 534 3705 562 3752; x_wconf 91' lang='lat' dir='ltr'><strong>et</strong></span> <span class='ocrx_word' id='word_1_284' title='bbox 582 3695 700 3757; x_wconf 86' lang='lat' dir='ltr'><strong>Libonis,</strong></span> <span class='ocrx_word' id='word_1_285' title='bbox 724 3711 779 3769; x_wconf 84' lang='lat' dir='ltr'><strong>quo</strong></span> <span class='ocrx_word' id='word_1_286' title='bbox 795 3693 912 3750; x_wconf 87' lang='lat' dir='ltr'><strong>Severus</strong></span> <span class='ocrx_word' id='word_1_287' title='bbox 933 3692 1085 3750; x_wconf 81' lang='lat' dir='ltr'><strong>saeculares</strong></span> 
     </span>
     <span class='ocr_line' id='line_1_35' title="bbox 68 3778 1087 3844; baseline -0.01 -3"><span class='ocrx_word' id='word_1_288' title='bbox 68 3783 144 3840; x_wconf 80' lang='lat' dir='ltr'><strong>iatius</strong></span> <span class='ocrx_word' id='word_1_289' title='bbox 157 3780 329 3844; x_wconf 74' lang='lat' dir='ltr'><strong>instauravit,</strong></span> <span class='ocrx_word' id='word_1_290' title='bbox 351 3782 385 3839; x_wconf 91' lang='lat' dir='ltr'><strong>ad</strong></span> <span class='ocrx_word' id='word_1_291' title='bbox 400 3780 575 3837; x_wconf 79' lang='lat' dir='ltr'><strong>Consulatum</strong></span> <span class='ocrx_word' id='word_1_292' title='bbox 593 3779 749 3836; x_wconf 83' lang='lat' dir='ltr'><strong>Diocletiani</strong></span> <span class='ocrx_word' id='word_1_293' title='bbox 766 3780 795 3843; x_wconf 87' lang='grc'><strong>9,</strong></span> <span class='ocrx_word' id='word_1_294' title='bbox 819 3778 967 3835; x_wconf 84' lang='lat' dir='ltr'><strong>Maximiani</strong></span> <span class='ocrx_word' id='word_1_295' title='bbox 984 3780 1012 3842; x_wconf 81' lang='lat'><strong>8,</strong></span> <span class='ocrx_word' id='word_1_296' title='bbox 1034 3794 1087 3832; x_wconf 91' lang='lat' dir='ltr'><strong>an-</strong></span> 
     </span>
     <span class='ocr_line' id='line_1_36' title="bbox 69 3859 1086 3939; baseline -0.009 -14"><span class='ocrx_word' id='word_1_297' title='bbox 69 3886 114 3926; x_wconf 85' lang='lat' dir='ltr'><strong>aos</strong></span> <span class='ocrx_word' id='word_1_298' title='bbox 135 3868 248 3927; x_wconf 79' lang='lat' dir='ltr'><strong>fluxisse</strong></span> <span class='ocrx_word' id='word_1_299' title='bbox 276 3870 343 3924; x_wconf 88' lang='grc'>101.</span> <span class='ocrx_word' id='word_1_300' title='bbox 375 3865 412 3920; x_wconf 89' lang='lat' dir='ltr'><strong>De</strong></span> <span class='ocrx_word' id='word_1_301' title='bbox 434 3863 535 3939; x_wconf 91' lang='lat' dir='ltr'><strong>quibus</strong></span> <span class='ocrx_word' id='word_1_302' title='bbox 556 3864 628 3920; x_wconf 87' lang='lat' dir='ltr'><strong>ludis</strong></span> <span class='ocrx_word' id='word_1_303' title='bbox 650 3864 816 3920; x_wconf 82' lang='lat' dir='ltr'><strong>Censorinus</strong></span> <span class='ocrx_word' id='word_1_304' title='bbox 837 3864 873 3919; x_wconf 90' lang='lat' dir='ltr'><strong>ita</strong></span> <span class='ocrx_word' id='word_1_305' title='bbox 896 3862 1005 3919; x_wconf 88' lang='lat' dir='ltr'><strong>scribit:</strong></span> <span class='ocrx_word' id='word_1_306' title='bbox 1031 3859 1086 3916; x_wconf 86' lang='lat' dir='ltr'><strong>Oo-</strong></span> 
     </span>
     <span class='ocr_line' id='line_1_37' title="bbox 69 3944 1087 4026; baseline -0.011 -15"><span class='ocrx_word' id='word_1_307' title='bbox 69 3964 143 4011; x_wconf 79' lang='lat' dir='ltr'><strong>taaoa</strong></span> <span class='ocrx_word' id='word_1_308' title='bbox 164 3954 358 4026; x_wconf 61' lang='lat' dir='ltr'><strong>Imperatores</strong></span> <span class='ocrx_word' id='word_1_309' title='bbox 379 3950 520 4023; x_wconf 73' lang='lat' dir='ltr'><strong>Septimus</strong></span> <span class='ocrx_word' id='word_1_310' title='bbox 548 3957 574 4004; x_wconf 89' lang='lat' dir='ltr'><strong>et</strong></span> <span class='ocrx_word' id='word_1_311' title='bbox 595 3948 635 4006; x_wconf 86' lang='lat' dir='ltr'><strong>M.</strong></span> <span class='ocrx_word' id='word_1_312' title='bbox 657 3947 789 4005; x_wconf 78' lang='lat' dir='ltr'><strong>Aurelius</strong></span> <span class='ocrx_word' id='word_1_313' title='bbox 811 3949 948 4004; x_wconf 77' lang='lat' dir='ltr'><strong>Antonius</strong></span> <span class='ocrx_word' id='word_1_314' title='bbox 972 3944 1087 4001; x_wconf 81' lang='lat' dir='ltr'><strong>Chilone</strong></span> 
     </span>
     <span class='ocr_line' id='line_1_38' title="bbox 69 4030 1087 4107; baseline -0.01 -12"><span class='ocrx_word' id='word_1_315' title='bbox 69 4048 93 4095; x_wconf 80' lang='lat' dir='ltr'><strong>at</strong></span> <span class='ocrx_word' id='word_1_316' title='bbox 109 4039 220 4097; x_wconf 64' lang='lat' dir='ltr'><strong>mone</strong></span> <span class='ocrx_word' id='word_1_317' title='bbox 241 4036 321 4094; x_wconf 81' lang='lat' dir='ltr'><strong>Coss.</strong></span> <span class='ocrx_word' id='word_1_318' title='bbox 345 4046 422 4092; x_wconf 73' lang='lat' dir='ltr'><strong>anuo</strong></span> <span class='ocrx_word' id='word_1_319' title='bbox 446 4037 517 4093; x_wconf 81' lang='lat'><strong>857.</strong></span> <span class='ocrx_word' id='word_1_320' title='bbox 563 4033 674 4107; x_wconf 79' lang='lat' dir='ltr'><strong>Corrige</strong></span> <span class='ocrx_word' id='word_1_321' title='bbox 697 4037 768 4093; x_wconf 79' lang='lat' dir='ltr'><strong>unt.</strong></span> <span class='ocrx_word' id='word_1_322' title='bbox 814 4033 993 4105; x_wconf 79' lang='lat' dir='ltr'><strong>Contigerunt</strong></span> <span class='ocrx_word' id='word_1_323' title='bbox 1015 4030 1087 4086; x_wconf 84' lang='lat' dir='ltr'><strong>enim</strong></span> 
     </span>
     <span class='ocr_line' id='line_1_39' title="bbox 70 4116 1085 4196; baseline -0.01 -13"><span class='ocrx_word' id='word_1_324' title='bbox 70 4140 134 4183; x_wconf 76' lang='lat' dir='ltr'><strong>ano</strong></span> <span class='ocrx_word' id='word_1_325' title='bbox 157 4122 237 4181; x_wconf 83' lang='lat' dir='ltr'><strong>llrhis</strong></span> <span class='ocrx_word' id='word_1_326' title='bbox 258 4119 471 4196; x_wconf 73' lang='lat' dir='ltr'><strong>nongentesimo</strong></span> <span class='ocrx_word' id='word_1_327' title='bbox 494 4119 719 4194; x_wconf 80' lang='lat' dir='ltr'><strong>quiuquagesimo</strong></span> <span class='ocrx_word' id='word_1_328' title='bbox 740 4119 871 4194; x_wconf 86' lang='lat' dir='ltr'><strong>septimo,</strong></span> <span class='ocrx_word' id='word_1_329' title='bbox 901 4116 994 4172; x_wconf 83' lang='lat' dir='ltr'><strong>Severi</strong></span> <span class='ocrx_word' id='word_1_330' title='bbox 1015 4131 1085 4173; x_wconf 87' lang='lat' dir='ltr'><strong>auno</strong></span> 
     </span>
    </p>
   </div>
   <div class='ocr_carea' id='block_1_3' title="bbox 0 0 1315 4822">
    <p class='ocr_par' dir='ltr' id='par_1_3' title="bbox 0 0 1315 4822">
     <span class='ocr_line' id='line_1_40' title="bbox 0 0 1315 4822; baseline 0 0"><span class='ocrx_word' id='word_1_331' title='bbox 0 0 1315 4822; x_wconf 95' lang='lat' dir='ltr'><strong> </strong></span> 
     </span>
    </p>
   </div>
  </div>
 </body>
</html>
