2586 4822
78 792 84 799 ’
116 802 154 847 hx
394 827 398 834 ·
491 816 495 827 ·
526 793 721 851 mihimilli

116 955 335 1029 umhristemtur
348 955 383 1012 ad
397 953 539 1028 synodum,
554 969 608 1027 qua
622 952 730 1009 loannis
742 950 878 1025 depositio
893 951 1006 1009 ternu
1019 959 1071 1016 est.
1091 949 1127 1009 ἰι

117 1040 150 1099 de
177 1057 212 1097 eu
237 1041 271 1097 ad
292 1040 323 1097 S.
338 1039 531 1115 Hieronymum
556 1037 678 1111 scripsit,
703 1036 890 1111 “origenistas
912 1036 941 1093 in
962 1051 1041 1093 sen
1061 1035 1130 1094 red·

116 1126 193 1201 niem
221 1125 425 1183 familiaritatem
453 1133 481 1181 et
502 1140 535 1180 er
558 1123 600 1179 his
621 1121 753 1195 planem
774 1121 809 1179 ed
830 1120 1013 1179 ucerduliun
1033 1136 1133 1196 ριιιιι-

117 1211 194 1273 hene,
216 1219 299 1283 atnoe
320 1209 357 1267 oh
379 1210 432 1266 hoe
453 1208 543 1265 scelus
565 1206 660 1265 heatae
680 1206 828 1265 memoriae
848 1206 989 1263 hundeum
1005 1205 1054 1263 ud
1067 1205 1133 1280 tnt-

115 1295 260 1370 pharium,
292 1295 341 1370 qui
373 1294 445 1350 iuter
472 1292 616 1366 epheogos
643 1291 745 1350 clarum
773 1291 800 1349 in
828 1290 896 1348 orbe
924 1291 1001 1349 sidem
1023 1290 1132 1357 adast

116 1381 186 1437 haud
209 1396 291 1452 parvo
315 1394 439 1436 moerore
461 1377 634 1442 contristans.
655 1378 757 1458 ⁸rueruit
777 1376 885 1433 audire:
910 1374 1019 1434 Cecidit
1036 1376 1134 1449 Bah-

115 1467 163 1523 lort
185 1464 255 1521 tlao.
270 1464 336 1527 tit,
352 1459 410 1533 ⁹l''·
454 1462 541 1531 Quem
562 1461 653 1519 loriam
675 1461 735 1519 ideo
758 1461 803 1519 hie
822 1461 967 1519 adductum
992 1461 1080 1526 vulti,
1102 1470 1133 1518 ut

115 1549 281 1623 inteligitur
302 1564 472 1622 nequaqnam
494 1545 699 1620 ambigendum,
729 1546 795 1620 quin
816 1546 906 1603 statim
930 1555 995 1620 post
1015 1558 1131 1605 soona

115 1633 348 1707 Constantinopoli
362 1633 521 1694 discessum.
537 1631 576 1687 uti
591 1632 760 1689 sozomenus
775 1629 877 1693 serihit.
900 1630 1001 1689 obierit
1014 1630 1135 1706 Epipha-

116 1719 192 1783 nius,
221 1719 255 1775 de
284 1735 340 1793 qam
369 1727 399 1775 ut
427 1718 479 1775 iam
507 1726 617 1773 mortuo
645 1715 813 1790 Theophilus
845 1715 983 1791 loquitur;
1017 1732 1134 1791 οιιιηιιι

119 1805 156 1863 tt
174 1803 231 1860 llaii
254 1803 350 1860 saltem
372 1803 407 1860 sit
428 1803 486 1859 dies
509 1802 687 1875 depositionis
708 1801 736 1859 in
751 1800 850 1874 Cypro,
874 1817 962 1875 neque
985 1800 1031 1857 din
1051 1810 1133 1859 attat

115 1887 216 1945 ohiisse
237 1889 366 1962 potuerit.
389 1888 469 1945 euius
490 1888 573 1951 araris,
597 1895 628 1942 ut
649 1895 758 1960 praeter
779 1887 837 1941 eius
852 1885 1018 1944 voluntatem
1033 1902 1135 1961 ιιιιιιι-

115 1973 296 2037 dormiente,
319 1989 440 2029 mensam
462 1982 552 2029 tamen
575 1971 616 2028 rel
637 1973 852 2044 sesquimensern
875 1970 964 2027 itineri
987 1971 1028 2027 rix
1044 1972 1135 2046 potuit

114 2058 293 2130 impendisse3
324 2074 496 2131 const-quens
524 2066 567 2114 est
594 2073 656 2113 eum
684 2054 786 2113 obiisse
813 2072 907 2111 mense
928 2056 1026 2113 saltem
1048 2056 1134 2131 tunt

114 2141 176 2200 anui
200 2145 271 2205 403,
295 2142 391 2198 idaium
414 2150 488 2199 rorte
510 2158 590 2215 aegre
613 2141 744 2216 attigisse.
777 2140 852 2198 Uinde
868 2141 959 2197 mirari
972 2140 1058 2206 suhit,
1081 2156 1135 2216 gn

114 2226 219 2284 ratione
240 2226 337 2285 dixerit
358 2227 497 2289 Baronins.
521 2227 660 2300 “ignorari
682 2235 768 2301 quoto
786 2225 892 2283 llomini
913 2240 986 2283 anno
1008 2225 1134 2285 obierit”.

114 2311 191 2371 sient
211 2312 284 2368 enim
305 2328 337 2367 en
360 2312 504 2385 Apologiie
526 2310 683 2385 llierooymi
703 2311 737 2367 nd
758 2310 904 2376 Rufinum.
930 2311 1040 2384 wriptis
1062 2327 1134 2369 ιιιι

115 2398 193 2457 tot.
216 2405 291 2453 recte
312 2396 411 2471 prohat
432 2413 494 2455 eum
516 2413 572 2454 non
593 2395 696 2454 obiisse
717 2396 813 2453 eodem
834 2412 906 2453 anno
936 2412 1032 2454 mense
1054 2395 1134 2460 tea.

113 2482 150 2537 ita
172 2498 204 2539 ex
226 2482 284 2539 iani·
300 2482 378 2539 dietis
401 2481 548 2556 colligitur.
574 2483 626 2539 isto
649 2481 758 2555 quidem
779 2496 851 2538 enno
873 2498 929 2537 nou
951 2479 1063 2547 obiise,
1085 2480 1135 2539 aed

114 2584 165 2625 nte
186 2567 257 2625 ultra
276 2567 380 2640 primos
402 2568 459 2626 dies
482 2566 541 2623 ltaii
562 2567 625 2623 anni
647 2565 787 2639 uquentis
809 2564 888 2623 eitam
910 2582 1112 2640 prorogasse·-

199 2654 250 2711 43.
280 2652 395 2710 Excusat
418 2652 487 2708 idem
510 2651 640 2708 Batonius
661 2650 858 2724 Epiphaniam,
880 2659 909 2707 et
929 2650 1029 2708 merito
1049 2666 1134 2709 esae-

113 2747 163 2803 sat,
187 2737 215 2795 in
236 2737 269 2793 iis
291 2754 361 2811 quae
383 2737 417 2795 de
433 2737 574 2794 Ammonio
589 2744 618 2793 et
632 2735 713 2791 soriis
728 2735 857 2801 credidit;
880 2752 914 2792 oo
928 2734 1005 2810 quod
1020 2735 1134 2793 “linee-

112 2822 203 2896 philus
226 2839 280 2880 noo
302 2823 413 2897 privatis
435 2831 538 2879 tantum
563 2821 668 2885 litteris,
695 2819 743 2876 sed
764 2820 940 2893 synodalibus
961 2837 996 2878 ex
1016 2820 1133 2879 mento

112 2907 290 2965 Mesetrdrino
311 2907 430 2980 scriptia.
453 2907 574 2965 haeresis
596 2922 644 2962 eos
665 2905 805 2962 convietus
825 2914 906 2978 atque
928 2905 1075 2965 damnatos
1094 2905 1134 2963 ei·

70 2986 72 2990 ’
112 2988 316 3064 gniiieevernt;''
344 2991 392 3048 ted
420 3008 473 3049 non
503 2991 563 3049 ideo
586 2991 767 3048 Soaomenum
790 2991 925 3064 arguerim
947 2990 1064 3048 iniuriae
1083 2990 1133 3049 at-

113 3092 206 3132 norsus
229 3075 423 3148 Epiphaniam,
446 3086 493 3132 aut
515 3076 588 3133 nimii
611 3093 676 3149 erga
697 3075 842 3149 Origenem
865 3075 977 3138 tatoris,
1001 3075 1067 3133 dum
1089 3074 1133 3133 ιι-

113 3159 186 3215 aluoit
209 3159 282 3217 illum
306 3160 444 3223 letantem.
466 3163 540 3235 quod
562 3160 621 3217 solo
644 3160 738 3217 auditu
758 3160 792 3218 de
814 3161 846 3216 iis
868 3161 1036 3232 cognoverit.
1065 3159 1130 3217 lin

113 3260 202 3316 neque
225 3253 327 3301 tenuere
348 3246 461 3301 eredidit
483 3245 536 3303 illis
558 3245 702 3318 'lireophili
722 3245 820 3301 litteris
835 3244 1012 3318 Epiphanius,
1035 3252 1131 3320 utnon

114 3338 203 3400 “quae
225 3329 361 3385 scirentur
383 3330 408 3387 in
432 3329 527 3389 orbem
549 3330 701 3403 divulgatae
722 3339 803 3403 atque
825 3329 1000 3404 receptaeeh
1015 3334 1132 3389 Αιιιιιι·

112 3413 154 3469 sio
174 3412 295 3469 Romano
318 3415 477 3487 pontihee'':
507 3432 596 3488 nequo
618 3424 708 3473 tamen
731 3415 765 3471 ad
785 3415 974 3489 quaestionem
995 3415 1130 3473 Λιιιιιιιιι

112 3497 190 3553 aliter
212 3497 328 3555 debehat
350 3499 525 3574 respondero,
547 3501 593 3575 qni
616 3501 674 3556 eius
696 3518 727 3556 ee
749 3499 886 3556 sociorum
907 3516 1017 3556 canem
1038 3516 1133 3575 perse

112 3599 167 3639 nou
195 3593 374 3658 cognoveram
403 3595 431 3641 et
457 3585 569 3643 audiens
598 3593 700 3658 quianto
728 3584 766 3641 illi
794 3601 856 3658 erga
879 3601 909 3641 se
932 3584 1057 3659 egissent
1078 3585 1131 3643 eir-

112 3669 309 3742 cnnspeclius,
338 3686 393 3726 non
422 3679 529 3743 poterat
557 3687 611 3726 non
639 3669 730 3743 aliqum
753 3669 927 3727 humanitatis
948 3686 1033 3727 sensu
1056 3686 1132 3728 rottr-

112 3754 222 3811 moneri.
267 3754 344 3822 Quod
374 3772 438 3811 vero
459 3755 529 3813 dieat
550 3755 725 3820 Ammonius,
755 3764 872 3812 tutatum
893 3754 1045 3812 sesamam
1068 3755 1132 3829 unt-

111 3838 202 3911 phanii
225 3840 353 3895 adversus
376 3857 423 3897 eus
446 3841 491 3913 agui
514 3839 588 3896 illum
605 3841 751 3897 haereseos
767 3838 967 3904 insimulabant,
990 3842 1129 3899 seiendtttt

112 3931 154 3979 est
181 3923 208 3978 ιιι
230 3923 287 3987 his,
317 3922 469 3982 Soaonrenu
493 3932 562 3982 teste
584 3923 630 3981 lili.
649 3925 703 3981 l'lll
726 3941 784 3998 cap.
798 3928 851 3987 ll.
880 3923 963 3981 iuism
985 3925 1131 3999 ipsummet

111 4006 307 4082 Theophilum,
337 4009 456 4065 nondum
479 4010 612 4067 Ammonii
633 4019 662 4067 et
683 4010 798 4067 fratrum
819 4010 877 4067 eius
900 4009 1056 4072 inimicum:
1084 4008 1129 4086 qai

112 4100 210 4153 “antea
225 4092 403 4167 Epiphaniam
425 4094 601 4173 reprehendit
615 4095 693 4169 qnasi
708 4094 794 4153 lleum
808 4095 927 4153 hnmana
940 4097 1036 4169 speeie
1049 4110 1131 4172 pree·
