2586 4822
134 785 193 877 lid
477 827 554 878 tlottl
574 826 612 876 ol:
630 827 670 877 ΣΗ
690 826 803 877 Gtuuls

131 983 268 1040 horreolus
290 983 357 1056 lapis
380 998 462 1039 eursu
486 981 603 1037 fluminis
627 983 708 1037 huius
724 988 855 1037 attractos
871 980 898 1034 in
914 978 982 1034 locis
997 977 1154 1052 proiicitor,

134 1085 203 1142 quae
225 1077 287 1124 sont
310 1068 380 1123 cirea
402 1064 521 1140 Libyam,
545 1065 591 1121 ubi
616 1067 743 1121 nominati
767 1064 893 1137 superius
908 1063 1060 1138 Aethiopes
1075 1078 1156 1119 eom-

132 1156 312 1224 morantur’).
343 1151 451 1225 Aquilae
474 1160 564 1206 autem
587 1150 722 1223 interpres
744 1151 775 1204 iu
799 1146 903 1204 Genesi
924 1147 1040 1221 lapidem
1063 1148 1156 1220 prasi—
1170 1154 1202 1204 tt

132 1256 207 1301 nuru,
231 1255 319 1310 neque
342 1237 479 1309 prasinum
503 1236 696 1308 interpretatus
717 1243 767 1296 est,
792 1250 881 1308 neque
897 1233 1080 1307 smaragdum,
1104 1232 1155 1288 sed

107 1322 263 1381 bliehraica
286 1321 510 1394 interpretatione
534 1337 599 1375 usus
622 1320 649 1374 in
672 1318 824 1391 superficie,
847 1326 875 1374 et
898 1318 1037 1374 inveniens
1053 1317 1080 1372 in
1098 1314 1158 1372 lte-

47 1446 52 1451 -
131 1407 213 1465 braao
237 1423 334 1462 nomen
359 1405 453 1478 lapidis
476 1404 638 1473 hodallin2l,
662 1404 735 1477 qoud
762 1402 939 1476 Septuaginta
963 1403 1091 1458 dixerunt
1113 1403 1157 1457 ibi

132 1493 277 1549 inuenitur
298 1491 372 1563 lupia
392 1491 537 1563 prasinae.
568 1489 691 1561 Aquila⁸l
708 1488 773 1544 dixit
787 1489 828 1543 ibi
842 1488 985 1542 inuenitur
1000 1487 1158 1542 bidellium.

132 1576 282 1633 Estautem
299 1574 436 1630 bidellium
445 1568 468 1646 Ι’)
484 1573 618 1648 quoddam
635 1582 815 1647 unguentum.
839 1573 894 1628 sive
909 1572 1061 1636 incensum,
1079 1570 1158 1644 quod

131 1661 253 1718 defertor
281 1678 313 1715 ei
341 1660 424 1714 lndia.
470 1659 539 1715 Sunt
568 1668 658 1713 autem
687 1657 854 1713 differentiae
886 1655 1019 1730 smaragdi
1047 1658 1159 1727 octo‘),

93 1751 262 1819 loquantum
293 1752 442 1818 potuerunt
470 1743 567 1816 singuli
598 1744 733 1816 reperire;
766 1752 917 1815 naturaque
946 1743 1004 1797 eius
1032 1757 1096 1796 com
1120 1741 1162 1796 sit

128 1875 433 1889 -ι--ι-

129 1957 174 1992 nos
199 1944 222 1992 in
245 1945 355 1992 numitius
380 1941 514 2005 disciplinis
538 1943 653 1992 claruisse
677 1943 785 1991 volumus
805 1942 848 1990 SS.
868 1942 961 2002 Patres,
987 1940 1029 1988 scd
1048 1947 1160 1988 tantom-

128 2011 209 2071 modo,
229 2025 290 2072 quae
308 2012 337 2060 ad
357 2011 428 2059 ludera
448 2019 470 2059 et
488 2025 568 2059 mures
587 2017 705 2072 spectant,
724 2025 777 2058 coru
791 2010 820 2057 ab
835 2010 870 2057 eis
884 2023 976 2057 somma
989 2004 1160 2059 c'unsenuione

129 2079 269 2135 traduntur,
288 2085 480 2137 alienaremur,
506 2085 529 2126 ct
547 2080 676 2128 credioros.
714 2079 826 2127 Ceterum
844 2085 928 2126 auctor
947 2077 1063 2140 Colloquii
1080 2080 1160 2127 critici

129 2147 158 2195 de
183 2147 303 2208 sphalmat.
327 2148 427 2194 uirorum
450 2148 473 2193 iu
498 2161 523 2194 re
547 2147 660 2195 litteraria
683 2147 823 2206 illustrium,
850 2144 930 2208 pta,
955 2144 1117 2207 Epiphaniom
1143 2159 1159 2193 a

131 2212 215 2262 Pelarii
236 2219 258 2260 et
278 2212 365 2261 olltaer
384 2213 550 2262 criminatione
569 2214 698 2263 detentere
717 2214 762 2262 sibi
781 2212 874 2274 suadet,
893 2221 933 2261 ool
951 2211 1053 2273 legendo
1067 2206 1159 2259 Pardal-

130 2293 202 2345 ρων,
229 2281 297 2327 cuius
323 2282 425 2329 nominis
451 2288 545 2341 gentem
570 2281 599 2329 ad
624 2283 711 2331 ostium
732 2282 905 2343 Gangissilam
925 2287 1054 2343 procerte
1075 2280 1159 2339 habel,

129 2348 170 2397 ubi
190 2348 297 2397 Petarios
315 2348 370 2409 legit
388 2342 536 2416 Γαδείρων,
557 2358 596 2397 urat
616 2350 794 2412 interpretando
814 2343 955 2412 Γαδείρων
972 2363 1020 2397 non
1035 2350 1110 2398 Gades
1130 2357 1157 2397 ut

129 2416 246 2477 Petaraios,
266 2417 309 2465 aed
327 2420 443 2477 terminos,
464 2425 504 2465 aot
523 2418 603 2478 potius
621 2434 694 2480 sepes,
715 2418 792 2480 inquit
810 2418 872 2465 enim
892 2417 954 2466 inter
973 2417 1097 2478 disruptas
1115 2431 1157 2465 ro·

128 2498 172 2548 pes
192 2485 295 2546 Gangem
314 2485 336 2532 io
357 2486 479 2533 Oceanum
499 2485 595 2534 intrare.
631 2484 755 2535 Euiuoucru
779 2485 842 2533 circo
863 2486 950 2546 Gangis
968 2486 1030 2533 ostia
1050 2486 1159 2547 populos

126 2551 204 2602 luisse
230 2555 374 2616 Gangaridas
397 2553 474 2601 dietus
500 2554 608 2601 uniuersa
632 2561 734 2602 testatur
751 2553 889 2615 antiquitus.
926 2554 1069 2614 Gargaridoe
1087 2560 1156 2602 sucat

128 2621 257 2685 Dionysius
282 2621 416 2682 Petirgala,
446 2623 591 2671 Gandaridas
616 2621 736 2670 Diodorus
762 2622 820 2671 bibl.
845 2620 917 2669 llutt
937 2621 1043 2683 capel.
1081 2621 1157 2671 Porro

130 2687 187 2738 dicti
212 2695 268 2737 sont
287 2689 357 2737 eliam
377 2690 510 2748 Gaudarae,
532 2691 657 2748 darrdaaa‘i,
679 2691 773 2738 Gaudri.
809 2688 866 2737 l'ide
885 2688 1028 2738 Salmasiom
1047 2691 1074 2739 ie
1091 2690 1156 2740 Soli-

128 2773 183 2806 eum
207 2767 252 2805 cte.
289 2756 425 2805 secondom
452 2758 512 2805 hanc
531 2758 639 2806 notitiam
660 2757 837 2818 intelligendum
858 2771 926 2817 esse,
951 2765 992 2806 aot
1010 2757 1097 2807 saltem
1115 2772 1156 2807 re-

129 2824 276 2872 stituendum
296 2827 319 2872 S.
339 2823 464 2885 Epiphanii
483 2824 562 2889 locum
581 2826 605 2873 in
624 2829 735 2875 inaurato
754 2838 801 2872 non
820 2825 912 2873 dubito.

213 2894 236 2952 gl
262 2893 314 2948 Quo
340 2891 411 2939 modo
432 2892 524 2952 [iunges
543 2893 672 2941 Asiaticum
697 2894 784 2940 ssuuren
809 2891 979 2941 carbunculum
1006 2893 1106 2955 proiicit
1124 2893 1154 2941 ad

126 2955 181 3015 loca
200 2959 263 3006 circa
282 2958 392 3019 libyam?
431 2960 483 3014 Quo
502 2960 573 3007 inodo
592 2962 655 3008 circa
675 2959 770 3022 litigem
789 2970 966 3009 eorntrroranles
985 2960 1032 3010 dici
1052 2968 1156 3023 possunt

127 3025 260 3087 Aethiopes
279 3025 326 3086 illi,
345 3039 407 3089 quos
426 3027 605 3075 circumlabitur
622 3029 753 3077 Asiaticum
771 3031 858 3076 llumen
879 3029 991 3089 Ganges?
1026 3030 1153 3091 Aethiopia

128 3091 174 3142 alia
193 3093 236 3141 luit
254 3093 277 3140 in
297 3093 360 3153 teia,
378 3091 424 3141 alia
444 3093 487 3142 luit
506 3095 529 3142 in
541 3095 634 3144 tiriae:
655 3104 678 3144 et
697 3097 756 3144 llaec
773 3094 883 3145 fortassis
902 3097 985 3145 divisio
1005 3098 1155 3147 amandian-

127 3173 179 3209 sam
198 3160 331 3222 Epiphanio
356 3161 480 3223 praebuit:
507 3163 572 3226 quod
598 3163 695 3226 quidem
716 3179 745 3212 eu
764 3179 862 3227 qouque
880 3165 955 3225 magis
973 3165 1102 3227 probabile
1119 3166 1154 3221 lit,

127 3228 184 3291 quia
202 3228 335 3277 tlrlcanam
354 3229 503 3291 Aethiopiam
529 3231 552 3279 in
578 3230 718 3280 orientalem
744 3240 766 3279 ct
791 3232 965 3282 occidentalem
990 3234 1073 3294 partiti
1098 3241 1154 3282 sont

127 3295 203 3353 mulli,
223 3305 248 3344 ot
267 3298 385 3345 Homeros
406 3299 519 3357 ildonea
538 3298 618 3357 v.23;
639 3300 728 3348 Plinius
748 3300 815 3348 ltuv
834 3315 886 3362 cap.
898 3301 921 3360 8,
940 3309 963 3349 et
977 3302 1066 3350 Strabo
1085 3302 1125 3351 lib.
1135 3302 1153 3359 l,

33 3388 42 3407 .
127 3376 182 3411 com
208 3371 286 3413 tarrren
312 3365 351 3413 alii
376 3365 525 3428 Aethiopiam
548 3367 689 3416 orientalem
714 3368 815 3416 aliterint
839 3370 966 3418 Asiaticam
991 3369 1154 3433 Aethiopiam.

127 3429 185 3478 trae
205 3433 352 3481 Herodotum
372 3434 413 3483 lib.
425 3433 461 3481 ltt
481 3448 533 3497 cap.
545 3435 584 3483 lu.
622 3435 733 3483 Ceterum
758 3436 837 3484 rninus
857 3437 1015 3485 inconcienoe
1035 3436 1104 3500 loqui
1122 3438 1154 3486 ui·

128 3496 199 3547 detor
217 3501 242 3549 S.
261 3500 408 3563 Epiphanius
435 3501 458 3549 in
477 3504 604 3562 incurata,
631 3517 740 3562 magnam
765 3505 929 3567 leitilamma,
955 3518 1028 3566 qoam
1054 3513 1156 3568 propter

128 3564 233 3628 qurgem
253 3570 327 3630 ponit,
346 3583 389 3632 pro
408 3569 511 3618 nataliae
529 3570 659 3632 accipiens,
677 3571 793 3619 minorem
812 3587 875 3634 reru,
893 3573 1043 3636 quamGeon
1063 3575 1155 3623 alloere

127 3635 220 3698 scribit,
238 3651 282 3699 pro
301 3636 419 3685 Africana.
456 3639 519 3686 llaec
537 3638 621 3687 sallem
639 3640 737 3687 mimme
756 3639 818 3689 inter
835 3655 861 3688 se
880 3647 993 3703 pugnant.

215 3718 237 3769 al
254 3712 345 3762 Nomen
366 3713 507 3762 llehraicum
528 3721 564 3762 est
581 3705 666 3768 ΠΒἹἏ
685 3717 804 3767 lurdolacb.

213 3788 236 3837 al
256 3788 317 3837 Nota
334 3789 399 3851 qood
417 3802 490 3850 sopra
509 3790 531 3838 in
551 3804 609 3839 mss.
627 3798 686 3849 erat,
704 3792 806 3854 Aquilae,
827 3798 853 3838 ut
870 3792 981 3854 religiose
999 3793 1131 3843 edidimus.

212 3854 237 3911 bl
256 3856 295 3905 Sic
314 3856 368 3906 cod.
385 3870 439 3914 ms,
459 3855 501 3903 sed
519 3871 599 3905 rerum
618 3871 704 3906 nomen
726 3866 763 3907 est
781 3859 904 3908 bdellium.
941 3859 981 3908 Est
993 3869 1075 3910 autem
1087 3863 1155 3910 bdel-

55 3942 60 3951 ·
125 3921 184 3972 lium
209 3925 297 3985 gummi
323 3938 412 3986 genos,
438 3923 502 3985 quod
528 3925 600 3975 arhor
623 3926 688 3986 nigra
718 3926 802 3975 eodem
828 3929 925 3977 nomine
943 3936 1025 3977 rorata
1044 3930 1156 3979 exsudat.

125 3990 184 4041 Pide
203 3992 368 4043 Dioscuridem
388 3991 447 4040 tiut
468 4006 519 4054 cap.
530 3990 578 4053 69;
600 3993 698 4041 Plinium
718 3993 798 4043 libxl
818 4009 869 4058 cap.
880 3996 904 4045 9.

125 4136 139 4173 e
202 4066 234 4174 ¹cl
259 4063 348 4112 Plinius
367 4059 515 4110 libulxlll
534 4061 625 4124 capb,
651 4061 778 4111 duodecim
803 4064 983 4126 smaragdorum
1007 4078 1099 4126 genera
1117 4081 1156 4116 re-

142 4137 218 4177 ense.
