2586 4822
477 922 485 945 ι
538 851 711 903 ceserano.
1070 838 1130 902 15³

110 1007 206 1062 uetat
226 1014 312 1079 nepta
334 1004 464 1071 Faustini
485 1009 634 1078 octimber,
656 1023 737 1079 quem
751 1009 906 1080 antiquitus
920 1009 1054 1082 seriptum
1074 1010 1176 1075 Vct-m

113 1093 209 1147 uenae
232 1092 401 1147 bibliotheca
423 1094 503 1147 nobis
526 1092 660 1147 exhibuit.

196 1198 262 1257 Erat
291 1200 353 1257 olim
383 1202 433 1257 iste
463 1202 546 1258 codex
575 1201 742 1258 celeberrimi
766 1202 843 1261 Carti.
873 1203 1007 1259 Goiiieimi
1030 1204 1130 1270 Sirieti,

115 1286 262 1342 §mnndum
286 1285 359 1360 qnod
382 1294 444 1342 nota
468 1286 598 1361 quaedam
621 1286 763 1350 admonet,
787 1305 855 1360 qnae
879 1288 904 1342 in
930 1288 1012 1361 prima
1036 1290 1131 1363 pagina

116 1373 246 1427 occrrrrit:
270 1368 398 1445 Emptum
421 1387 457 1426 ex
478 1372 558 1426 libris
575 1371 737 1426 Cordirtntie
752 1372 856 1428 Sirteti.
887 1372 915 1428 in
932 1373 1023 1429 nitima
1040 1384 1130 1431 antem

117 1457 207 1529 pagina
230 1455 388 1512 adnotatum
412 1466 462 1519 est,
486 1472 547 1512 eum
570 1457 652 1513 iniisse
668 1457 718 1511 iam
736 1457 890 1514 monasterii
902 1458 1020 1514 ‘Sarrctae
1037 1458 1131 1517 Crucis

120 1540 269 1604 Atellanae,
292 1550 327 1597 et
349 1541 521 1618 acquisivisse
545 1542 715 1597 Damiouum:
744 1542 795 1598 snb
817 1543 900 1599 altera
923 1542 992 1599 enim
1017 1543 1132 1603 huiusce

121 1628 235 1699 paginae,
261 1636 290 1682 ut
305 1627 389 1689 aiunt,
412 1627 536 1683 columna
553 1627 666 1701 legitur:
690 1626 775 1682 iiber
789 1637 830 1682 est
843 1629 1008 1683 ntounsterii
1022 1628 1050 1685 S.
1061 1626 1131 1684 Cru-

122 1711 152 1766 cit
172 1710 275 1766 Fontis
296 1710 431 1767 Accitana
453 1710 599 1783 Eugubiac
621 1713 770 1779 dioecesim·
793 1711 844 1768 sub
868 1712 965 1770 altera:
990 1713 1073 1769 Hunc
1095 1714 1131 1769 ii·

124 1797 189 1851 baum
213 1797 365 1869 acquisivit
387 1795 450 1852 Dore
471 1796 629 1853 Damianos
651 1796 680 1853 S.
735 1840 741 1852 .

195 1907 283 1965 Porro
301 1908 374 1987 ¹haee
396 1907 488 1964 ultimo
511 1918 574 1963 nota
597 1908 789 1982 antiquissimis
812 1906 908 1964 litteris
932 1918 1052 1972 exarata.
1082 1927 1133 1966 co·

125 1988 161 2047 tio
185 2009 218 2047 cx
241 1992 283 2056 iis,
308 2009 377 2068 qnae
399 1993 537 2056 continet.
560 1992 640 2066 longe
664 1993 875 2067 pretiosissimo,
898 1993 1043 2065 plurimum
1067 2012 1133 2050 sane

125 2086 192 2148 auget
215 2086 242 2133 et
266 2078 382 2150 pretimn
406 2087 434 2134 et
455 2078 548 2141 decus,
572 2094 632 2133 cum
656 2088 745 2141 certae
768 2077 934 2151 antiquitatis
957 2096 1018 2135 cum
1035 2080 1131 2145 iaciat;

125 2175 188 2225 mm,
219 2162 277 2217 etsi
299 2161 360 2236 plus
389 2180 469 2235 qnam
491 2162 726 2237 septingentorum
750 2180 881 2218 annorum
904 2173 1018 2220 aetatem
1041 2165 1132 2220 statim

125 2245 238 2321 reiciet,⁸
252 2255 340 2303 tamen
364 2246 409 2304 tali
431 2257 493 2304 nota
518 2263 573 2303 rem
598 2246 632 2303 ita
649 2265 709 2304 csse
726 2256 800 2304 certo
817 2248 914 2303 iudicio
930 2249 1131 2321 cognoscimus.

125 2324 305 2405 Ecquemnam,
328 2333 417 2405 statim
440 2349 470 2389 ac
487 2332 565 2389 talem
581 2332 701 2388 codicem
719 2333 881 2389 monasterio
898 2334 925 2388 S.
943 2333 1037 2391 Crucis
1052 2334 1133 2389 Arel-

124 2412 185 2473 iarac
208 2416 371 2493 acquisitum
395 2433 409 2471 a
432 2416 558 2473 Damione
581 2417 664 2475 tuisse
687 2418 862 2481 intellexerit,
893 2417 989 2474 Petrus
1012 2418 1056 2474 iile
1078 2419 1134 2475 iia-

123 2500 216 2558 nimus
239 2520 295 2559 non
318 2501 391 2559 subit
413 2503 555 2559 sanctitate
578 2500 656 2564 ritae,
679 2502 880 2576 rrragistratiirns
904 2512 931 2559 et
953 2504 1060 2576 scriptis
1083 2521 1134 2561 ce·

122 2580 288 2653 liberrimus,
318 2587 364 2661 qni
391 2587 564 2645 monasticam
594 2587 671 2644 vitam
695 2588 722 2643 in
744 2587 790 2642 ilio
814 2588 977 2643 rrruuastcrio
1001 2587 1075 2651 iniit,
1105 2597 1135 2645 et

122 2668 230 2727 taedium
253 2671 362 2728 circiter
383 2672 519 2729 saeculum
544 2670 678 2728 Ecclesiae
701 2671 872 2728 undecimum
895 2670 932 2728 mi
954 2669 1090 2745 praefuit?

197 2789 298 2845 Verum
320 2806 391 2864 queo
413 2791 520 2862 quiden
543 2790 610 2847 mala
633 2789 802 2846 obvenerunt
823 2789 887 2846 obito
909 2789 951 2844 iiia
974 2799 1053 2852 sont,
1078 2808 1134 2846 non

122 2872 249 2949 ntegrum
279 2874 418 2948 Epiphanii
448 2874 560 2939 librum,
596 2875 645 2930 setl
673 2876 731 2930 cios
761 2885 880 2947 partem,
910 2884 1048 2948 praeterea
1077 2892 1133 2932 non

122 2957 245 3016 braccrrm
274 2968 446 3023 contextum,
481 2960 529 3015 sed
559 2961 677 3016 Latinam
708 2960 857 3015 versionem
889 2959 1074 3016 tantummodo
1104 2961 1132 3017 in

120 3040 167 3101 iat.
191 3044 288 3101 codice
311 3043 440 3108 exhiberi.
465 3053 492 3101 et
515 3046 583 3101 hanc
605 3062 686 3118 saepe
709 3044 797 3100 minus
820 3044 933 3108 idicem,
957 3045 992 3100 ita
1016 3054 1047 3101 ut
1069 3046 1134 3101 bar·

118 3127 214 3185 barrem
237 3146 315 3185 suam
338 3146 392 3185 non
410 3129 497 3186 soiuur
514 3130 540 3185 in
557 3129 692 3185 uocabulis
709 3124 814 3204 prbtlat,
836 3129 883 3185 sed
900 3130 1035 3186 interdum
1052 3131 1132 3187 etiam

117 3222 207 3271 motta
236 3214 312 3287 leges
334 3214 444 3271 Latinae
472 3215 661 3289 grammaticae
690 3231 802 3288 peccare
830 3212 959 3270 videatur.
1004 3215 1057 3270 Sed
1082 3217 1133 3271 boc

116 3315 172 3355 cum
202 3315 259 3355 noo
289 3315 350 3355 raro
372 3299 513 3372 scriptoris
536 3300 625 3373 potius
649 3299 729 3362 vitio,
758 3315 839 3372 quam
862 3299 1017 3372 interpretis
1040 3301 1135 3356 eristi·

115 3385 240 3440 urerirn
262 3383 371 3449 muto,
393 3383 542 3441 crassiores
564 3384 696 3460 quostiam
718 3383 894 3440 soloecismos
917 3384 986 3457 typis
1009 3385 1136 3441 commit-

115 3474 171 3525 tere
200 3468 313 3525 ruinimc
342 3485 439 3542 passus
466 3486 543 3534 snm,
574 3479 602 3525 ct
624 3469 697 3542 quoti
719 3469 751 3524 ab
773 3469 995 3541 orthographiam
1017 3479 1132 3544 spectat,

114 3570 182 3629 qtae
211 3553 298 3629 ramis
324 3554 475 3609 communis
496 3554 567 3629 apud
589 3553 685 3610 doctos
708 3551 832 3611 nornines
854 3569 926 3608 nuno
948 3563 1004 3619 cst,
1034 3557 1134 3627 passim

113 3638 235 3702 adhibui,
259 3638 331 3694 iiiam
352 3638 454 3695 codicis
474 3656 585 3696 servans
607 3639 744 3695 nonnuliis
766 3637 853 3694 solum
875 3638 902 3693 in
918 3637 994 3704 iocis,
1017 3639 1064 3695 ubi
1079 3640 1136 3696 visa

112 3732 156 3780 est
176 3723 245 3780 mihi
267 3723 468 3797 piriioiogornm
488 3724 720 3780 animadversione
741 3740 794 3780 non
818 3721 937 3797 indigna.
968 3724 1052 3781 Porro
1075 3724 1134 3780 ioca

111 3817 254 3883 canpto,
277 3824 346 3882 quac
368 3808 513 3867 restituere
535 3808 642 3865 difficile
666 3825 720 3864 non
736 3808 795 3871 tuit,
818 3808 923 3865 restitui
940 3809 1058 3882 quibem,
1082 3811 1172 3869 serim

111 3908 155 3955 aa.
177 3910 250 3968 quse
271 3910 327 3951 non
348 3894 408 3949 tine
429 3893 520 3968 aiiquo
541 3893 724 3951 additamento
747 3892 855 3950 restitui
876 3911 958 3966 posse
973 3890 1133 3959 arbitrabar,

110 3989 140 4037 et
165 3996 239 4053 quae
267 3989 315 4035 aut
341 3995 396 4035 non
426 3987 501 4042 erat,
529 3987 576 4035 ant
600 3995 653 4034 non
675 3978 759 4035 subiit
781 3979 941 4036 restituendi
964 3978 1077 4042 modus,
1106 3983 1134 4037 ie

110 4065 214 4121 nendo
235 4064 336 4121 cubare
359 4063 465 4137 rciiqui,
488 4064 624 4120 interdum
647 4081 678 4120 ca
700 4082 761 4121 esse
784 4073 911 4138 corrupta
934 4064 960 4118 in
977 4061 1052 4120 Notis
1074 4080 1138 4121 nro·

110 4166 198 4215 ιω,
225 4149 363 4207 interdum
384 4158 476 4207 umen
498 4166 536 4207 no
555 4150 608 4207 hoc
628 4149 738 4224 quiden
760 4160 919 4225 praestans.
947 4156 1043 4227 utpote
1064 4149 1137 4207 iiiios
