2586 4822
227 862 276 915 111.
310 863 374 912 σιτ
392 865 467 912 τινα
484 864 557 913 τον
574 863 734 912 Χνιετογ
750 863 965 913 mmm.
1066 850 1108 914 37

80 1017 201 1080 σῶσον
228 1021 391 1096 μαχαίρας
417 1013 455 1078 τό
484 1016 617 1103 πλῆθος
645 1017 710 1078 τῶν
739 1020 865 1100 νηπίων
893 1011 984 1100 ἡμῶν
1008 1010 1109 1096 αὐτὸς

76 1106 207 1177 ότότε
228 1110 325 1189 θεὸς,
360 1106 377 1175 δ
406 1111 489 1193 μετὰ
516 1110 638 1196 μητρὸς
666 1111 700 1176 ἐν
721 1110 886 1196 Αἰγύπτῳ
911 1112 1105 1192 ξινιτεόσας,

66 1203 291 1277 ιλνακάλεσαι
317 1211 375 1294 τῆς
402 1211 528 1293 μακρᾶς
550 1212 707 1287 ξενιτείας
728 1208 787 1285 τὰς
808 1213 950 1292 μητέρας
982 1209 1037 1275 καὶ
1063 1210 1107 1278 τὰ

55 1312 202 1375 τέκνα·
236 1301 421 1390 όπραδεὶς
443 1302 527 1390 ὑπὲρ
550 1308 682 1371 πολλῶν
706 1305 871 1384 ἑκουσίως,
895 1309 1025 1372 παῦσον
1047 1307 1107 1395 τὴν

52 1407 216 1488 ameum
246 1407 303 1469 τοῦ
333 1405 414 1468 λαοῦ
442 1407 508 1469 τῶν
537 1403 728 1490 ἐκκλησιῶν·
768 1398 785 1467 5
813 1398 858 1469 δι’
883 1400 969 1489 ἡμᾶς
998 1404 1031 1471 ἐν
1059 1408 1135 1491 τῷσ

55 1501 184 1587 νώτῳ
210 1501 383 1584 δεξάμενος
410 1500 469 1578 τὰς
491 1505 549 1567 τοῦ
571 1501 721 1567 Πιλάτου
749 1500 911 1586 μάστιγας
933 1508 988 1571 καλ
1009 1501 1107 1573 ἀπει-

10 1626 20 1678 ;
66 1599 172 1676 λὰς,
209 1594 306 1676 αὐτὸς
334 1594 352 1663 ό
381 1599 546 1677 κοπιάσας
573 1592 618 1664 δι’
642 1597 728 1685 ἡμᾶς
756 1598 789 1666 ἐκ
816 1604 874 1686 τῆς
902 1596 1109 1686 ὁδοιπορίας,

51 1700 224 1772 παῦσον
246 1699 305 1761 τοῦ
328 1697 408 1761 λαοῦ
438 1720 497 1761 σου
525 1696 602 1774 τοὺς
630 1696 754 1775 κόπους
781 1705 834 1763 καὶ
862 1700 1107 1784 ταλαιπωρίας·

50 1793 102 1867 0‘
136 1794 168 1860 ἐν
192 1797 322 1878 σταορῶ
344 1792 477 1879 βοήσας,
503 1796 605 1874 διψῶ,
630 1794 784 1878 δρόσισσν
804 1797 912 1878 ψυχὰς
927 1799 1042 1875 δεινῶς
1058 1799 1109 1864 δι-

50 1891 214 1979 ψῶσας
241 1893 295 1957 καὶ
325 1890 507 1969 πεινῶσας·
548 1887 566 1956 ό
593 1891 675 1974 μετὰ
709 1886 838 1976 ἀνόμων
873 1892 941 1959 ὑπὸ
977 1890 1150 1978 ἆνόμωνίθ

47 1990 312 2073 κατακριδεὶς,
346 1989 445 2072 ῥῦσαι
466 1991 520 2055 καὶ
543 1985 627 2075 ἡμᾶς
656 1988 689 2054 ἐκ
710 1992 767 2073 τῆς
788 1992 854 2055 τῶν
876 1987 1008 2074 ἀνόμων
1029 1998 1109 2076 βου-

56 2089 166 2171 λῆς·
205 2081 430 2170 όγυμνωδεὶς
459 2083 503 2164 ῶς
524 2090 699 2170 κακοῦργος
727 2082 793 2151 ῦπὸ
829 2082 975 2171 ἀνόμων,
1011 2084 1109 2168 αῦτὸς

63 2184 224 2263 ἐκεῖνος,
238 2184 394 2262 δέσποτα,
409 2180 476 2249 ῦπό
491 2183 693 2269 παρανόμων
710 2183 904 2267 δεσμευθελς
919 2187 1018 2252 λῦσον
1034 2187 1110 2264 τοῦς

69 2280 131 2344 ἐν
155 2283 286 2365 δεσμοῖς
308 2283 571 2367 πεπεδημένσος·
603 2278 700 2368 ότην
723 2280 881 2365 δχραντόν
904 2306 964 2349 σου
986 2290 1109 2369 μητέρα

76 2381 326 2459 παρακαλέσας
348 2374 417 2444 ἀπὸ
439 2382 497 2443 τοῦ
521 2382 663 2462 σταυροῦ
687 2374 829 2462 ὀδυρμοῦ
851 2379 905 2445 καὶ
927 2383 985 2445 τοῦ
1011 2382 1149 2446 ssav-15

61 2479 196 2554 λθμοῦ.
241 2471 340 2554 αῦτὸς
369 2473 386 2541 ό
409 2475 483 2542 τότε
504 2476 630 2563 βοήσας
657 2486 731 2553 ταῖς
751 2476 956 2563 μυροφόροις
976 2475 1016 2542 τό
1036 2482 1110 2559 χαί-

91 2592 177 2651 ρετε,
199 2568 298 2652 αὐτὸς
319 2577 373 2640 καὶ
395 2577 451 2639 νῦν
471 2573 594 2659 βόησον
609 2584 683 2650 ταῖς
698 2573 880 2658 ἐκκλησίαις
895 2596 955 2639 σου
968 2580 1123 2665 χαίρετε.Ι

99 2662 193 2750 αῦτός
216 2667 234 2737 ό
256 2683 328 2750 τοῖς
349 2669 441 2759 ἥλοις
463 2682 534 2749 τοῖς
556 2677 679 2753 τιμίοις
701 2672 935 2754 προσηλωθεὶς
962 2670 1021 2748 τὰς
1041 2681 1110 2753 χεῖ·

105 2784 160 2844 ρας
182 2774 235 2836 καὶ
263 2770 340 2848 τοὺς
368 2769 490 2847 πόδας,
529 2770 627 2833 λῦσον
662 2769 905 2852 σιδηροδέσμων
934 2769 1022 2833 λαῶν
1050 2766 1110 2846 τὰς

111 2873 206 2948 Χεῖρας
226 2870 279 2934 καὶ
303 2867 380 2945 τοῦς
401 2867 518 2944 πόδας.
568 2869 630 2938 ναὶ,
655 2867 801 2930 δέσποτα
824 2864 1055 2951 φιλόνθρωπε,
1090 2859 1150 2935 52⁰

118 2956 201 3030 ἐλαῶν
218 2964 423 3048 *περίλυπός
438 2964 527 3030 ἐστιν
543 2959 560 3050 ἡ
579 2962 664 3049 ψυχή
679 2987 743 3044 μου
760 2962 792 3029 ἐκ
812 2962 990 3041 θανάτου,”
1011 2964 1110 3046 ῥῦσαι

10 3072 21 3083 ’
117 3054 161 3122 τὸν
179 3063 254 3129 λαόν
278 3087 337 3129 σου
360 3065 417 3147 τῆς
440 3062 545 3146 λόπης
566 3064 618 3127 καὶ
642 3063 700 3125 τοῦ
723 3059 881 3125 θανάτου.
916 3054 1014 3137 αὐτὸς
1037 3056 1109 3146 ότῇ

120 3151 246 3247 ῥομφαίᾳ
262 3163 367 3243 νυγεὶς
381 3159 439 3244 τὴν
454 3159 598 3242 πλευράν
614 3182 683 3236 σου,
709 3157 888 3241 σι’·ντριψσν
903 3160 968 3222 τῶν
980 3157 1112 3240 ἐχθρῶν

119 3250 164 3335 τὴν
181 3255 346 3345 ῥομφαίαν
368 3260 408 3343 τῇ
429 3264 513 3340 χειρί
536 3280 594 3322 σου
617 3259 655 3341 τῇ
679 3259 826 3341 κραταιᾷ,
855 3254 909 3321 καὶ
930 3252 1109 3340 μνήσθητι,

122 3346 253 3434 δέσποτα,
279 3350 323 3433 ῶς
344 3358 402 3419 τοῦ
426 3356 545 3440 λῃστοῦ
569 3378 628 3419 σου
651 3355 709 3417 τοῦ
732 3354 853 3418 πιστοῦ
876 3354 1007 3417 καὶτοῦ
1029 3353 1152 3420 λαοῦκυ

120 3469 179 3513 σου·
204 3448 220 3519 ό
241 3453 342 3536 χῦσας
370 3451 407 3516 τό
431 3451 588 3535 ἄχραντον
618 3445 700 3531 αἷμα
728 3445 811 3533 ὑπὲρ
840 3444 946 3534 ἡμῶν,
980 3452 1111 3515 παῦσον

119 3544 165 3631 τὴν
184 3550 331 3635 σι’χχυσιν
353 3552 418 3615 τῶν
443 3549 589 3631 αἱμάτων
612 3546 711 3632 ἡμῶν,
736 3551 843 3612 σῶσον
864 3545 922 3610 τὸν
945 3544 1023 3609 λαόν
1039 3569 1110 3624 σου,

118 3645 263 3713 δέσποτα·
304 3657 420 3733 φεῖσαι
454 3650 511 3731 τῆς
542 3649 758 3731 κληρονομίας
789 3668 857 3709 σου.
906 3642 1110 3726 ἐξεχέρδητι·

55 3744 164 3832 ψίνα
181 3753 211 3809 τί
233 3742 359 3822 όπνοῖς,
383 3742 487 3828 κόρας
518 3743 572 3808 ἵνα
587 3749 619 3808 τί
633 3752 704 3818 τοῖς
720 3741 853 3824 ἐχθροῖς
866 3747 1110 3822 μακροθυμεῖςς

111 3844 162 3912 ἵνα
180 3849 211 3908 τί
232 3837 455 3927 ἀποστρέφεις
477 3839 514 3905 τό
537 3838 721 3923 πρόσωπόν
744 3861 803 3903 σου
819 3832 874 3924 ἀφ’
892 3833 1001 3921 ἡμῶνς
1031 3831 1151 3910 ἀνά-3ο

106 3946 205 4026 στηδι
225 3941 279 4006 καὶ
301 3939 344 4026 μὴ
369 3936 487 4024 ἀπῶσῃ
509 3937 555 4016 είς
569 3938 670 4014 τέλος.
700 3933 743 4021 μὴ
760 3936 902 4021 παρίδης
917 3934 964 4011 εἰς
978 3935 1109 4019 πλῆρες.

101 4038 266 4128 μνήσθητι
287 4040 347 4103 τοῦ
376 4038 517 4119 σταυροῦ
540 4057 614 4112 σου,
649 4031 816 4118 μνήσθητι
844 4034 902 4098 τοῦ
931 4033 1010 4095 λαοῦ
1039 4052 1110 4110 σου,

99 4135 267 4225 μνήσθητι
287 4138 354 4201 τῶν
377 4132 552 4217 οἰκτιρμῶν
575 4155 644 4197 σου.
686 4127 704 4195 ό
726 4127 969 4213 τεσσαράκοντα
989 4122 1112 4211 ἡμέρας
