2586 4822
75 282 78 291 ι

137 738 178 800 62
593 752 706 804 ιετιιιι
732 788 741 803 .

224 910 263 967 62
278 926 302 964 o.
332 898 562 984 παρακυψάσης
583 908 701 986 φωνῆς]
738 909 808 965 lren.
838 908 934 964 lucido
961 907 1086 978 imoyine
1108 923 1164 979 op·

137 1001 271 1068 parente.-
294 993 371 1066 quasi
394 1002 466 1048 esset
489 994 636 1070 φωτεινῆς
657 983 779 1059 εἰκόνος.

225 1081 264 1137 62
280 1078 306 1133 d.
336 1071 396 1156 ίιιιό
421 1075 511 1151 θῆξιν
533 1070 714 1152 ἀναπτῆναι]
739 1078 828 1134 Utitur
842 1078 894 1133 hae
908 1076 1038 1151 loquendi
1053 1077 1160 1132 ratione

138 1165 281 1239 aliquoties
308 1162 483 1236 Epiphanius.
528 1163 581 1219 Sed
614 1172 742 1235 corrupte
772 1179 967 1235 nonnunquam
996 1156 1083 1228 θίξιν
1109 1177 1160 1234 pro

138 1247 231 1323 θῆξιν
264 1248 366 1305 hahent
395 1248 564 1321 exemplaria.
610 1248 657 1304 Est
683 1256 773 1303 autem
802 1244 894 1321 δῆξις
922 1247 1038 1320 Hesyeh.
1069 1239 1161 1321 ῥοπὴ,

139 1325 259 1409 στιγμὴ,
281 1326 384 1406 τάχος.

226 1420 264 1475 63
281 1434 304 1473 a.
334 1409 510 1490 ποιήσωμεν
524 1406 706 1493 ἄνθρωπον]
723 1417 810 1472 Minus
827 1417 911 1490 igitur
924 1427 1052 1473 accurate
1068 1416 1162 1472 Tlieo-

140 1504 251 1560 doretus
279 1510 436 1575 usurpatam
463 1501 496 1555 ab
525 1501 611 1558 illis
605 1519 632 1556 in
660 1502 710 1557 liae
738 1502 872 1557 sententia
895 1517 987 1558 uocem
1010 1493 1162 1576 ἡμετίριιν

141 1587 244 1644 scribit.

226 1670 307 1729 631).
338 1661 374 1726 τὸ
397 1665 430 1725 de*
452 1661 593 1726 κάτωθεν
614 1666 664 1726 καί
687 1661 777 1745 αὐτό]
816 1671 897 1726 Forte
927 1667 976 1726 καὶ
1007 1661 1104 1726 αὐτὸν
1128 1662 1161 1725 δὲ

140 1750 194 1815 τὸν
215 1759 340 1832 σωτῆρα
362 1746 482 1857 pedones,
506 1765 557 1811 etc.

226 1845 304 1900 sac.
335 1833 445 1918 φάσκει
468 1834 526 1915 γὰρ
550 1823 652 1914 οὗτος]
685 1840 778 1914 Νειμιε
801 1840 845 1895 liie
867 1840 933 1895 inihi
955 1838 1033 1896 loeus
1029 1840 1161 1939 integer

140 1929 253 1986 videtur
298 1926 425 2000 Suppleri
454 1926 569 1981 fortasse
595 1935 690 2025 potest
716 1943 748 1980 eu
771 1924 961 1987 Theodoreto.
994 1907 1100 1991 Οὗτος
1120 1926 1161 2026 τῷ

141 2003 317 2111 Μενάνδρῳ
343 2005 611 2087 napandrmmtug'
594 2028 645 2065 ενα
672 2004 788 2110 i'qpoev
805 2000 880 2066 εἶναι
903 2003 1023 2086 πατέρα
1045 2001 1159 2066 nund-

140 2116 234 2154 πασιν
261 2089 580 2190 &pernumerentur
608 2088 642 2150 dd
670 2090 742 2161 τοὺς
770 2087 915 2171 ἀγγέλους
937 2091 1160 2170 oppineimense

141 2177 191 2238 καὶ
214 2175 270 2247 τὰς
291 2171 388 2246 ἄλλας
409 2171 486 2235 δυνά
486 2197 562 2253 μιεις
593 2180 670 2247 Quod
693 2190 783 2236 autem
806 2182 876 2253 apud
892 2180 1026 2252 Epiphan.
1051 2180 1161 2237 subiiri·

141 2276 186 2323 tur
208 2259 269 2322 ἀπὸ
292 2266 345 2338 τῆς
368 2254 463 2321 αὐτοῦ
486 2258 654 2337 δυνάμεως,
681 2266 779 2321 indicat
801 2267 897 2321 deesse
920 2282 1021 2320 nomen
1044 2265 1161 2338 aliquod,

140 2360 206 2426 puta
228 2351 283 2407 τοῦ
306 2340 369 2405 άνω
391 2343 517 2424 πατρὸς,
540 2350 573 2405 ad
596 2350 669 2424 quod
691 2368 842 2423 pronomen
867 2342 961 2405 αὐτοῦ
983 2352 1130 2422 pertineat

228 2439 266 2493 65
282 2453 306 2492 a.
339 2429 467 2501 τούτους
488 2427 504 2490 ὃ
526 2427 570 2510 μὴ
593 2429 685 2508 θέμις
705 2430 800 2509 ἐστίν]
823 2435 904 2490 lleest
925 2429 1107 2507 μέλλοντας.

227 2524 264 2579 67
282 2521 309 2576 b.
340 2515 407 2596 περὶ
432 2514 465 2575 δὲ
486 2520 548 2576 τῶν
569 2514 649 2576 κατὰ
670 2514 726 2586 τὰς
747 2518 839 2594 θεοῦ]
863 2520 925 2575 For.
949 2523 1004 2592 τῆς
1026 2518 1116 2577 θεοῦ.

153 2648 165 2663 .
228 2611 264 2665 67
283 2606 309 2661 d.
339 2599 492 2679 τοῖςπερὶ
515 2597 569 2661 τὸν
583 2598 776 2678 Ναθαναὴλ]
800 2605 837 2660 lle
860 2604 945 2660 altero
964 2605 1011 2660 illo
1029 2605 1161 2678 Cleoplm

141 2694 215 2749 socio
238 2692 280 2749 alii
303 2690 382 2746 aliter
403 2690 564 2746 existimant.
596 2689 721 2763 Plerique
736 2691 834 2745 anain
859 2708 918 2744 esse
941 2691 1073 2762 suspicati
1090 2697 1160 2745 suut

141 2777 299 2834 lliulirosius
313 2778 489 2831 Ammaonern
512 2776 585 2831 huno
605 2785 690 2831 vocat.
728 2774 839 2831 Videtur
860 2776 933 2829 enim
955 2776 1005 2844 (ait
1028 2776 1061 2830 ad
1077 2776 1161 2831 uncae

141 2878 164 2918 o.
184 2864 235 2933 24)
263 2878 292 2916 ae
319 2862 381 2916 istis
408 2863 444 2917 12
467 2863 688 2923 demonstrasse,
717 2861 791 2914 sicot
812 2877 843 2915 ee
865 2860 1012 2915 dmmoooi
1034 2869 1061 2914 et
1086 2859 1161 2916 Cleo·

137 2947 214 3019 plne
240 2963 365 3001 seorsum
385 2946 445 3000 iam
465 2962 581 3016 vespere
602 2947 852 3000 demonstraverat.
897 2944 951 3000 Sed
973 2943 1071 3000 deesse
1093 2942 1162 3018 apud

142 3031 314 3087 Ambrosium
335 3028 436 3101 aliquid
458 3031 591 3102 suspicor.
622 3030 687 3085 Nam
710 3030 816 3084 videtur
838 3028 984 3084 dmmooeu'
1006 3028 1060 3086 loci
1083 3045 1163 3085 voee-

142 3114 236 3170 bnlnm
259 3131 335 3178 esse,
358 3113 410 3169 levi
432 3113 637 3186 depravatione,
661 3131 711 3188 pro
733 3114 896 3170 Eminaunti.
941 3114 1028 3170 Porro
1051 3114 1160 3170 alterius

143 3198 268 3273 discipuli
290 3216 389 3254 nornen
412 3198 641 3255 substituendum.

152 3330 154 3336 ,
228 3287 308 3342 lisa.
338 3275 381 3349 ὡς
408 3274 499 3350 ἀσπὶς
522 3302 584 3360 παρ
585 3274 746 3358 ἐχίδνης]
784 3284 813 3338 ln
844 3283 1022 3339 collectaneis
1054 3284 1160 3340 Proser.

109 3384 113 3393 ·
142 3385 300 3444 στριιιματ.
323 3369 352 3424 Ρ.
376 3368 492 3433 Sohotti,

266 3444 359 3519 ‘²94
342 3449 433 3520 ασιιὲς
453 3472 517 3528 uno
517 3443 722 3528 ἐχίδνης
689 3472 744 3510 εον
765 3447 812 3508 ίόν
834 3446 1010 3521 δανείζεται.

227 3538 340 3594 Tertull.
367 3556 428 3595 eon.
457 3538 566 3594 llaroio.
592 3540 619 3603 3,
636 3541 665 3596 3.
693 3538 812 3593 Desinat
840 3554 915 3593 euno
943 3537 1115 3593 Haereticam
1142 3551 1162 3591 e

142 3623 262 3689 Iudaeo,
286 3622 376 3696 Aspis,
400 3626 474 3696 quod
496 3624 585 3688 aiunt,
609 3641 627 3678 ιι
649 3625 758 3696 vipera
784 3624 909 3678 mutuari
931 3639 1077 3677 venenum.

331 3845 374 3900 ult
398 3842 566 3899 HAERESIN
588 3843 666 3901 XXIV
687 3841 979 3901 uusltlntlltonult.

230 3962 356 4019 Basilides
378 3963 411 4018 ad
431 3961 561 4019 Antonini
576 3962 615 4018 Pii
631 3962 839 4035 temperarint,
863 3971 894 4017 ut
908 3962 945 4016 ait
961 3959 1046 4016 Glem.
1062 3961 1160 4017 Alunt

145 4048 246 4104 Strom.
269 4048 314 4121 qui
337 4048 445 4122 quidein
462 4047 598 4104 Glauciam
613 4047 687 4104 Petri
709 4047 887 4119 interpretem
909 4046 1070 4119 magistrum
1084 4060 1164 4102 suum
