2586 4822
128 815 215 875 xmp
489 854 492 863 .
543 817 571 863 s.
585 813 736 867 corruenti
778 854 783 867 .

122 988 192 1028 eum
213 970 303 1027 adbuc
323 971 373 1027 alia
396 970 495 1033 ontnia,
518 986 634 1044 quorum
656 968 761 1027 seilicet
781 985 863 1027 causa
884 969 912 1025 in
927 971 1081 1043 Aegyptum
1101 985 1149 1027 to·

128 1067 223 1122 uerat,
245 1055 335 1113 studia
356 1064 499 1113 tractaret:
528 1071 597 1128 qnae
619 1062 710 1111 autem
732 1054 784 1111 alia
804 1070 886 1128 quarn
906 1050 1060 1111 litteraria?
1086 1070 1148 1111 csta

129 1142 321 1205 Gnosticorum
341 1139 436 1213 libros,
460 1139 616 1214 priusquam
639 1139 808 1212 perniciosos
822 1156 884 1196 esse
899 1148 1003 1204 nosset,
1026 1138 1149 1197 studiose

120 1244 143 1283 ,ι
164 1242 195 1285 se
217 1222 304 1285 lectos
326 1227 453 1283 fateatur.
477 1219 532 1293 'Oui
554 1241 618 1281 nero
641 1225 674 1280 ad
696 1223 750 1282 lroe
771 1224 938 1299 peregrinari
953 1224 1060 1281 iuvenis
1074 1234 1147 1281 entra

127 1312 241 1386 patriam
266 1311 370 1385 potuit,
400 1326 573 1382 consequens
594 1318 637 1365 est
658 1318 690 1365 ιιι
711 1310 740 1365 ιιι
762 1309 848 1383 patria
869 1309 998 1367 credatur
1018 1308 1147 1367 babuisse

121 1406 256 1471 parentes
276 1396 342 1453 satis
364 1394 512 1468 opulentos
532 1394 713 1453 adolendum
738 1412 853 1468 peregre
875 1393 976 1458 filium,
1005 1393 1147 1469 probeque

120 1481 311 1551 ¹Christianos,
338 1497 371 1537 ea
393 1496 510 1553 qnorum
532 1479 703 1537 institutione
723 1496 782 1537 eam
806 1480 885 1537 traxit
906 1480 1083 1537 casumoniae
1103 1488 1148 1537 te-

126 1567 231 1633 nendae
253 1566 442 1629 constantiam,
465 1581 534 1637 quae
556 1565 645 1637 ipsutn
668 1566 782 1623 serravit
804 1562 974 1639 impollutum
997 1566 1071 1623 inter
1086 1563 1147 1621 ille-

119 1650 221 1709 cebras
244 1660 273 1707 et
293 1651 389 1707 sordes
405 1649 605 1707 Gnosticorum.
635 1651 697 1724 lpse
718 1650 855 1725 quomodo
877 1666 924 1707 eas
946 1650 1065 1707 eraserit
1084 1648 1145 1707 loeo

122 1736 176 1793 iam
198 1737 281 1793 eitrto
303 1737 342 1793 sic
365 1734 492 1809 explicat:

119 1884 123 1889 ,
212 1822 241 1880 8.
273 1820 333 1879 “Ad
356 1820 541 1895 ntagiatorium
563 1820 712 1910 haereseos
726 1820 797 1877 illins
812 1828 984 1894 comparatae
998 1821 1145 1893 deceptae-

119 1923 177 1980 ¹que
200 1906 337 1970 mulieres,
360 1923 414 1971 non
437 1904 526 1963 solum
547 1904 701 1963 istiusmodi
723 1905 803 1963 nobis
823 1920 965 1963 sermones
980 1906 1144 1969 iniecerant,

119 1992 172 2049 sed
198 1992 325 2065 iusuper.
355 1992 502 2064 Aegyptiae
531 1990 603 2047 illius
628 1990 750 2064 perditae
770 2008 803 2049 ac
824 1990 1008 2064 nequissimae
1029 1989 1143 2047 laminae

121 2075 217 2141 instar,
240 2092 310 2149 quae
331 2092 483 2148 coquorum
505 2075 634 2149 principis
656 2092 725 2133 uxor
739 2086 806 2141 erat,
827 2074 961 2150 petulanti
976 2092 1030 2133 nos
1044 2083 1142 2135 nonam

121 2161 296 2233 pertrahere.
319 2170 377 2218 tum
400 2177 462 2217 eum
483 2160 593 2219 llorenti
614 2160 704 2219 adbuc
724 2171 814 2219 aetate
835 2178 974 2226 ememus,
996 2174 1142 2236 aggrmaa

122 2240 195 2303 sunt.
227 2244 325 2301 l'erum
348 2245 370 2301 is
386 2245 431 2318 qui
447 2245 617 2302 sanctissimo
634 2245 749 2319 losepbo
766 2256 822 2305 tum
839 2245 952 2312 adstitit,
974 2244 1057 2303 nobis
1070 2261 1143 2320 qao-

120 2346 177 2405 que
197 2339 307 2405 prnosto
330 2330 394 2396 luit;
419 2338 446 2386 et
468 2331 542 2386 bunc
564 2332 667 2404 ipsum,
692 2333 738 2406 qui
760 2331 834 2387 illum
857 2348 890 2387 eo
913 2331 939 2386 in
961 2330 1088 2404 periculo
1108 2328 1142 2385 li·

120 2414 239 2480 beravit,
269 2414 460 2489 inplorantes,
489 2415 551 2472 lieet
579 2416 681 2490 indigni
710 2433 741 2473 nc
770 2425 845 2472 tanto
868 2415 1002 2472 beneficio
1026 2416 1141 2489 impares

120 2518 252 2564 essemus,
276 2500 398 2557 eiusdem
420 2499 586 2574 benignitate
608 2517 640 2558 ac
654 2501 837 2559 misericordia
853 2501 1022 2576 perniciosas
1036 2500 1140 2557 illarunt

118 2603 215 2653 manus
237 2584 390 2661 ellugimus,
413 2603 445 2643 ac
466 2585 637 2643 sanctissimo
653 2586 710 2645 lleo
731 2586 937 2661 gratulatorium
961 2601 1073 2643 carmen
1095 2602 1141 2655 cer

118 2672 249 2736 oinimns,
265 2681 304 2747 ,ιιι
325 2670 351 2726 id
375 2688 507 2744 usurpare
530 2672 627 2728 merito
650 2688 808 2747 possemus:
841 2671 988 2728 Cantemus
1012 2670 1139 2739 boislao,

116 2758 239 2828 ploriose
267 2757 341 2812 euim
367 2757 565 2830 mopnificutus
587 2764 641 2821 est,
672 2773 772 2829 equum
794 2765 820 2812 et
842 2773 1020 2813 coemerent
1042 2760 1141 2815 Meet

116 2843 148 2898 ιιι
169 2858 248 2897 more
270 2840 444 2911 (Enossl,
457 2843 498 2915 t).
527 2842 621 2914 ll'eque
643 2843 716 2899 enim
737 2842 861 2909 similiter
882 2852 913 2899 ut
927 2842 972 2899 ille
987 2843 1139 2916 patriarcba

116 2927 141 2982 si
165 2926 279 2999 quadam
301 2926 407 2983 uirtutis
428 2943 461 2984 ac
482 2927 601 2985 iustitiae
622 2938 749 2993 nostrae,
770 2926 821 2985 sod
842 2928 902 2985 luso
924 2928 959 2985 ad
980 2922 1070 2987 ileum
1090 2945 1139 3003 ge-

116 3011 184 3069 tnitu
213 3012 287 3077 eius¹
301 3028 396 3068 sumus
418 3012 592 3069 miseratione
613 3013 722 3070 serrati.
766 3012 834 3071 Cum
855 3014 935 3069 ιιιιιιιι
957 3014 1025 3069 ιιιιιιι
1048 3024 1139 3088 putes

116 3094 178 3151 ibae
201 3112 250 3168 per
271 3095 417 3153 ludibrium
433 3096 637 3170 exprobrarent.
659 3115 691 3157 ac
705 3114 799 3157 seeum
814 3099 926 3155 inuicem
940 3094 1090 3157 illudentes
1103 3100 1139 3159 tu

115 3179 308 3253 loqnerontur:
332 3180 410 3239 llune
432 3182 556 3239 iuvenem
578 3200 686 3241 sectare
709 3199 764 3241 non
785 3184 934 3256 potuimus,
956 3182 1008 3241 sed
1029 3185 1058 3241 in
1080 3200 1138 3243 ma·

115 3264 196 3321 nibus
219 3266 347 3339 principis
370 3266 458 3340 perire
480 3267 602 3325 sivimus.
640 3268 707 3327 Nam
728 3284 799 3341 quae
820 3268 905 3325 torma
928 3267 1001 3326 inter
1022 3269 1085 3327 illas
1103 3268 1137 3327 li·

114 3350 249 3407 beraliore
272 3360 328 3414 est,
351 3352 525 3425 semetipsam
546 3352 620 3409 velut
641 3370 730 3411 escant
752 3362 835 3426 atque
855 3352 1013 3411 illecebram
1035 3354 1135 3421 obiicit.

114 3445 145 3493 ut
167 3452 237 3510 quos
260 3436 287 3491 in
310 3436 431 3494 lraudem
453 3437 511 3509 ipsa
533 3437 683 3510 pellerent,
708 3456 763 3495 nou
785 3456 834 3495 eus
856 3437 1003 3512 profligare
1024 3457 1057 3499 ac
1072 3456 1136 3515 per·

113 3521 189 3584 alere,
211 3520 260 3577 sed
282 3521 388 3594 eripere
410 3521 516 3580 dicatur
527 3562 535 3579 .
546 3562 574 3579 ..
605 3521 638 3580 llt
659 3510 742 3579 eraut'
757 3540 833 3589 sarie,
856 3540 926 3599 quae
940 3530 1001 3581 lum
1018 3524 1061 3581 bis
1076 3542 1136 3583 aar·

36 3598 39 3603 ’
112 3604 211 3663 borum
234 3605 423 3663 blandimentis
449 3623 481 3664 ac
502 3606 643 3665 lenociniis
666 3606 828 3675 utebantur,
857 3608 997 3682 corporis,
1025 3627 1084 3685 quo
1102 3608 1135 3667 al

113 3690 281 3763 peccandum
303 3690 496 3756 abutebantur,
519 3702 631 3749 venusta
654 3710 716 3751 oum
738 3693 834 3767 primis
854 3693 961 3767 spoeie3
985 3695 1037 3753 sed
1052 3696 1136 3753 ιιιιιο-

113 3776 198 3832 rioors
221 3775 293 3833 neus
315 3775 349 3833 ab
371 3777 477 3833 illarum
499 3776 672 3851 inprobitate
694 3794 746 3837 ner
767 3778 876 3852 eripuit,
899 3778 967 3837 adeo
991 3789 1025 3837 ut
1044 3784 1137 3854 (post-

113 3877 194 3933 quam
216 3860 324 3917 illorum
346 3861 431 3919 libros
453 3862 619 3935 perlegimus
641 3872 671 3921 et
690 3862 725 3921 all
738 3864 860 3921 veritatis
874 3863 1061 3937 cognitionem
1075 3865 1135 3923 atri-

112 3961 186 4000 rnum
208 3944 364 4011 adiecimus,
388 3964 438 4004 nec
459 3945 569 4005 abducti
590 3947 632 4004 nel
654 3964 748 4005 earnm
771 3947 905 4005 illecebris
927 3952 1001 4022 capti
1023 3967 1134 4015 summa

112 4029 160 4086 sed
183 4028 326 4100 effugimus
349 4032 468 4103 tandem)
491 4050 553 4089 mor
575 4032 609 4089 ad
623 4034 779 4109 episcopos,
802 4034 849 4107 qni
863 4034 890 4089 in
905 4033 953 4091 illo
968 4034 1032 4093 loco
1046 4043 1134 4101 erant.

66 4132 71 4139 ·
111 4113 219 4173 deterre
240 4115 436 4184 studuerimus,
461 4127 606 4177 eteorum
628 4118 761 4179 baomuus
782 4118 876 4194 ιειιιιιι
897 4118 1010 4179 nomina
1031 4121 1060 4179 ιιι
1078 4118 1134 4179 Sa·
