2586 4822
194 814 253 878 ¹82
536 820 611 871 uram
630 818 669 870 ns
688 819 728 868 xii
748 817 860 868 oneris

192 983 292 1041 montis
314 981 395 1037 huius
418 976 539 1043 installa3
570 984 689 1049 suntque
712 975 819 1031 metalla
841 975 890 1030 alia
913 975 940 1029 in
963 975 1084 1049 ipsorum
1107 973 1213 1030 barba-

192 1064 257 1140 ris¹t
286 1065 476 1122 Blemmiorum
506 1061 578 1117 iuxta
605 1061 762 1130 Telmeos¹¹t
792 1061 819 1115 in
852 1057 990 1116 montibus
1019 1060 1209 1131 constituta')‚
1226 1068 1256 1118 19

192 1170 261 1228 quae
289 1167 362 1207 nunc
385 1148 544 1204 effodientes
567 1146 676 1202 Barbari
699 1146 856 1218 smaragdos
880 1143 1011 1200 incidunt.
1054 1144 1097 1200 Vis
1120 1155 1213 1201 autern

191 1238 286 1312 lepidis
310 1235 390 1291 buius
414 1233 440 1288 in
464 1229 655 1305 speculandam
678 1230 771 1285 laciem
795 1229 902 1294 dicitur,
926 1240 954 1285 et
975 1228 1009 1285 ab
1033 1229 1084 1294 lais,
1109 1230 1157 1304 qui
1173 1231 1215 1286 ls-

165 1323 286 1382 bbulosa
310 1318 478 1392 confingunt,
503 1315 641 1389 praescius
664 1332 725 1370 esse
748 1316 910 1371 futurorum.

185 1482 496 1502 -,.......-.-

187 1601 259 1655 quam
280 1584 473 1648 tilgmpiodorns,
493 1592 517 1631 ut
537 1583 625 1631 dictum
646 1590 689 1643 est,
710 1583 772 1631 iuxta
785 1583 875 1631 Talmin
895 1583 970 1645 ponit.
1006 1583 1079 1631 Porro
1098 1582 1171 1630 etiam
1191 1582 1216 1630 in

173 1661 241 1706 'Ano
261 1651 337 1717 MS,
356 1653 433 1701 Nilum
447 1646 596 1715 ΒΙεμενΙαν
613 1651 710 1709 alluere,
731 1665 816 1713 nempe
827 1651 1001 1713 Blemmyarum
1019 1651 1140 1710 regionem
1160 1650 1218 1713 Epi·

189 1723 292 1788 pbanius
316 1722 414 1780 scribit,
442 1721 506 1782 quod
532 1721 551 1769 si
577 1734 604 1769 ex
630 1720 747 1768 Strabone
773 1720 813 1767 lib.
824 1719 881 1768 ΙΙΙΙΙΙ
901 1719 997 1781 poso,
1023 1718 1142 1779 colligitur
1161 1718 1218 1767 Ble-

189 1806 254 1857 mgas
274 1807 300 1838 ex
320 1798 420 1851 utraque
439 1790 484 1838 Nili
504 1797 571 1851 parte
591 1788 727 1847 habitasse,
747 1786 827 1849 plures
847 1795 925 1834 tamen
945 1787 1081 1836 habitarunt
1099 1794 1166 1835 certe
1185 1787 1216 1836 ab

190 1859 299 1909 orientali
325 1865 405 1921 parte,
430 1866 453 1906 ct
477 1856 574 1920 quidem
598 1856 668 1904 variis
694 1857 717 1903 in
742 1855 802 1903 iocis
821 1854 939 1917 dispersi,
966 1861 1022 1903 sunt
1040 1855 1102 1903 enim
1121 1855 1164 1917 qui
1184 1854 1216 1903 ad

187 1929 278 1978 Talmin
304 1934 409 1988 ponunt,
436 1934 457 1973 et
483 1928 524 1988 qui
544 1925 573 1972 ad
593 1924 728 1986 Catadupa,
755 1930 779 1971 nt
798 1924 938 1986 Dionysius,
964 1923 1101 1971 Earstatbins
1119 1937 1144 1985 p.
1158 1923 1216 1983 tot,

190 2004 214 2046 et
232 1996 371 2044 Ammianus
389 1993 486 2041 libili
506 1992 599 2054 capi,
619 2003 642 2040 ec
660 1993 700 2054 qni
720 1990 780 2040 inlra
800 1992 902 2040 ileroem
922 2000 947 2039 ut
965 1991 1066 2051 Strabo,
1091 2005 1146 2039 cum
1166 2005 1216 2054 quo

190 2065 318 2112 concinere
337 2062 403 2110 dicas
423 2060 588 2120 Claudianum,
608 2068 630 2107 et
650 2061 690 2122 qui
709 2060 789 2107 socios
809 2060 874 2108 urbis
894 2058 1046 2108 Ptolemaidis
1065 2067 1149 2120 eontra
1169 2060 1218 2107 Bo·

189 2144 274 2180 menos
292 2129 349 2177 lacit
367 2128 476 2177 Zosimus
495 2127 553 2176 libi
573 2128 676 2189 cap'll.
697 2128 846 2176 Ptolemaeus
865 2134 944 2176 autem
963 2128 1008 2176 sub
1027 2127 1119 2175 Bolibis
1139 2128 1218 2190 ponit,

189 2198 234 2247 sub
254 2198 328 2247 Nubis
346 2199 362 2244 Α
380 2196 517 2245 ntlremerus
542 2196 609 2257 Geog.
628 2195 700 2244 libii
721 2196 814 2259 capb,
839 2204 862 2244 et
887 2196 1034 2258 Procopius;
1059 2196 1116 2258 quin
1142 2196 1218 2244 etiam

189 2267 213 2315 hi
234 2265 341 2328 Blemyes
359 2211 447 2330 ἕτεροι
466 2258 617 2329 aleppiae,
646 2265 689 2313 olii
706 2264 839 2325 Blemmyes,
868 2264 896 2311 ab
916 2265 1072 2325 lgatlremero
1091 2263 1216 2325 dicuntur,

189 2334 253 2398 quod
274 2333 374 2381 maxime
394 2340 430 2379 est
448 2330 665 2392 considerandum,
687 2335 774 2380 etenim
795 2333 875 2393 pitines
894 2333 965 2392 igitur
983 2332 1078 2381 luerunt
1097 2331 1217 2395 Blemyes,

188 2402 228 2453 atti
247 2407 351 2464 Aegypto
375 2400 516 2460 rieiniores,
543 2406 565 2447 et
590 2399 629 2448 alii
655 2400 812 2448 remotiores:
839 2414 867 2448 er
888 2400 1004 2462 Procopio
1029 2407 1107 2447 tamen
1127 2399 1216 2461 colligo

189 2470 310 2535 proprium
328 2468 501 2531 Blemmgarmn
525 2468 646 2528 regionem
671 2468 746 2516 luisse
772 2468 909 2516 interiorem
930 2469 993 2529 iilarp
1012 2469 1056 2515 sub
1075 2467 1166 2530 Nubis,
1191 2475 1218 2517 et

190 2539 244 2588 binc
269 2538 375 2586 colonias
401 2536 528 2585 delinisse
548 2542 650 2598 aegypto
674 2537 763 2584 uicinas
789 2550 909 2584 armorum
928 2536 956 2585 ri.
994 2536 1050 2584 Pide
1071 2534 1218 2599 Procopium

89 2602 100 2615 ’
189 2607 250 2656 lib.l
270 2607 379 2656 [labello
399 2606 496 2662 Persico,
517 2619 568 2666 cap.
585 2603 623 2652 to.

274 2678 292 2733 t)
317 2672 440 2736 Quidquid
464 2672 567 2721 alienum
593 2679 643 2720 erat
666 2673 695 2719 ab
720 2672 820 2733 imperio
846 2671 952 2720 Romano
978 2671 1063 2720 Graeci
1088 2670 1218 2734 Latinique

189 2743 320 2802 scriptores
346 2741 473 2804 praecipuo
493 2741 564 2788 medii
584 2741 631 2787 acui
651 2739 784 2787 barbariam
805 2739 928 2790 dixerunt.
952 2740 1107 2802 qtramobreru
1126 2740 1217 2788 mirum

189 2811 287 2859 minime
311 2817 361 2868 est,
387 2809 533 2870 Blemgarom
559 2808 680 2867 regionem
699 2807 727 2854 ab
748 2805 880 2870 Epiphanio
899 2807 1032 2856 berbesium
1052 2807 1107 2856 dici.
1145 2807 1217 2864 Quod

189 2879 210 2926 si
229 2879 283 2940 quis
302 2876 368 2924 malit
386 2876 415 2923 ad
434 2876 554 2936 regionem
575 2876 638 2923 rllarn
657 2875 758 2935 Alrieae,
777 2890 839 2937 qnae
858 2876 973 2938 peculiari
991 2876 1088 2924 nomine
1102 2875 1217 2925 Barbarie

189 2945 252 2994 dicta
271 2952 315 3001 est,
334 2943 455 3003 regionem
475 2943 624 3005 Blemgarum
642 2943 753 2992 retulisse
773 2943 939 3007 Epipbanium,
963 2958 1024 3006 opos
1043 2951 1093 3005 est,
1112 2943 1216 2993 utillud

190 3026 287 3077 quoque
306 3018 406 3072 asserat,
424 3017 465 3058 aut
483 3010 542 3058 duas
561 3018 643 3071 gentes
663 3012 770 3060 ciusdem
790 3012 893 3059 nominis
913 3012 1011 3060 dirersis
1030 3012 1090 3059 locis
1105 3011 1217 3060 babitan-

190 3088 227 3130 tee
248 3080 405 3142 lsspipbanium
424 3078 621 3137 commeruisse,
640 3080 672 3127 iili
692 3081 754 3127 enim
774 3080 852 3127 solum
872 3080 979 3143 Blemyes
997 3081 1021 3128 in
1042 3080 1154 3128 Barbaria
1173 3080 1216 3129 be·

190 3149 294 3198 bitantcs
312 3146 358 3195 diei
378 3160 450 3209 posse
468 3146 583 3206 videntur,
602 3161 664 3209 qnos
683 3149 727 3195 sub
746 3147 839 3196 blolibis
859 3148 1008 3197 Ptolemaeus
1027 3147 1138 3209 collocat,
1160 3162 1216 3196 cunr

190 3215 303 3266 llerbnrra
328 3215 392 3275 regio
419 3214 489 3263 luerit
513 3222 610 3278 propter
635 3216 786 3263 Barbaricum
813 3216 891 3263 sinum
915 3223 1028 3278 protensa
1054 3216 1216 3279 interipsum

191 3285 343 3333 Barbaricum
363 3283 442 3331 sinum
461 3289 485 3330 et
502 3282 589 3342 Nilum,
608 3293 634 3330 ut
652 3291 745 3331 constat
765 3298 792 3332 er
813 3284 963 3344 Ptolemaeo,
983 3285 1023 3347 qui
1043 3284 1143 3346 Raptam
1161 3285 1216 3333 eius

190 3350 348 3414 metropolim.
362 3351 426 3411 iacit,
443 3365 537 3399 necnon
557 3367 583 3400 er
596 3353 753 3413 ligatbcmcro
772 3351 813 3399 lib.
823 3352 841 3399 ΙΙ
861 3366 913 3414 cop.
927 3353 954 3400 ΙΙ
967 3360 989 3400 et
1003 3352 1040 3411 ΙΙ,
1060 3360 1083 3399 et
1094 3353 1231 3404 liare-iano.

190 3420 332 3470 ileraeleota
352 3420 374 3467 in
395 3419 484 3482 Periplo
505 3427 559 3480 eto,
578 3419 638 3467 libi
658 3417 682 3482 §-
694 3419 722 3478 2,
742 3427 783 3467 ant
801 3419 876 3468 multo
895 3421 989 3480 longius
1008 3419 1135 3469 Barbariee
1155 3421 1217 3470 lines

190 3488 348 3553 Epiphaniam
368 3488 519 3546 extendisse,
544 3488 682 3549 etquidem
702 3488 952 3549 AnastasiueSinaita
971 3489 994 3535 in
1013 3491 1128 3550 isagogis
1148 3504 1219 3552 super

189 3560 337 3607 recolerem
355 3572 413 3618 opus
431 3555 523 3612 libili,
543 3555 565 3603 in
586 3569 613 3604 ea
633 3556 779 3617 Pentapolim
798 3556 908 3616 collocat,
928 3556 1049 3616 regionem
1069 3569 1157 3618 nempe
1171 3557 1219 3605 l'li·

189 3625 229 3674 nio
249 3625 351 3674 docente
370 3623 410 3672 lib.
421 3625 435 3669 Ι
455 3623 548 3685 cap.5,
574 3625 713 3673 illustratum
731 3626 827 3673 urbibus
845 3627 944 3673 monime
963 3625 1078 3687 quinque:
1097 3624 1217 3684 Berenice,

188 3696 296 3750 Arsinoe.
318 3692 468 3749 Ptolemaide,
488 3691 622 3753 Apollonio,
646 3691 742 3752 Cyrene,
764 3699 787 3738 et
807 3692 943 3754 Stephanus
962 3705 1059 3754 quoque
1078 3704 1132 3739 eam
1152 3692 1219 3755 apud

189 3761 268 3809 einum
289 3759 400 3807 Arabium
426 3772 480 3805 esse
499 3757 577 3807 docet.
614 3759 711 3807 Scilicet
730 3760 802 3808 unius
820 3760 924 3821 regionis
944 3773 1032 3807 nomen
1050 3758 1081 3808 ael
1100 3759 1217 3809 llnitirnas

189 3829 261 3877 etiam
280 3825 326 3874 late
345 3839 391 3872 non
411 3839 464 3873 raro
483 3825 584 3874 transiit.

275 3912 299 3964 ni
318 3907 453 3969 legendum
472 3909 564 3958 videtur
581 3914 648 3959 iusto
668 3911 761 3971 Telmin,
782 3919 823 3959 aut
843 3912 938 3962 Polmin.

276 3999 296 4050 a)
315 3991 459 4042 Heliodorus
478 3992 657 4058 inletbiopieis,
678 4002 723 4043 etc.
743 3995 900 4045 libillilillll
920 4002 974 4055 etc,
994 3995 1081 4045 bellurn
1097 3997 1219 4048 describit

190 4064 220 4113 eb
239 4064 348 4139 ligulaspe
366 4060 510 4177 Aetlpinpum
536 4076 591 4122 rege
615 4077 670 4111 eum
690 4063 767 4111 Persis
786 4071 878 4125 gestum
897 4071 994 4127 propter
1013 4067 1152 4128 senoregdee
1169 4084 1220 4118 me-

191 4130 255 4191 tella,
277 4145 310 4177 ro
329 4143 442 4197 σμαραγ
460 4123 646 4194 carredecello.
