2586 4822
133 800 195 848 xtu
547 800 573 851 S.
592 799 741 852 tttrttttttt

131 966 178 1015 'ter
205 964 365 1024 narrantum
395 956 469 1030 quod
496 957 567 1014 idom
590 955 719 1014 accidisse
741 955 848 1013 videtur
869 954 947 1012 alteri
969 953 999 1012 S.
1014 952 1152 1029 Epiphanii

133 1043 219 1107 reto.
249 1042 327 1099 cuius
356 1042 383 1098 in
409 1041 475 1100 Vita
496 1041 526 1099 S.
542 1042 660 1099 hannis
681 1041 919 1113 Eleemorpsorii,
948 1056 965 1096 a
993 1037 1075 1097 nohis
1096 1040 1152 1096 data

134 1128 175 1187 23
190 1127 314 1192 ianuarii,
338 1127 373 1184 ita
395 1127 517 1183 meminit
533 1143 647 1184 coaevus
662 1127 755 1183 Ioanni
772 1126 911 1188 Leontius,
934 1123 1089 1200 ii'crpoieos
1104 1124 1153 1199 (ip-

132 1212 176 1288 pri
197 1212 343 1287 episcopus
359 1211 468 1268 sacculo
485 1211 537 1277 Vii,
561 1229 588 1268 n.
607 1214 656 1273 35.
681 1228 802 1276 narrans,
826 1210 900 1287 qaod
915 1210 944 1268 S.
959 1210 1078 1271 loannes
1093 1210 1153 1267 “di-

132 1297 212 1356 cebat
234 1312 350 1371 semper,
374 1297 448 1371 quod
470 1305 565 1371 posset
587 1296 693 1369 aliquis,
717 1296 868 1354 intentione
883 1295 963 1352 dandi
978 1293 1151 1370 pauperibus,

130 1381 283 1457 exspoliare
305 1381 415 1446 divites,
444 1389 472 1437 et
494 1381 582 1455 ipsum
609 1381 690 1438 etiarn
712 1381 927 1456 hypocamisium
949 1378 984 1437 ah
1006 1380 1049 1437 eis
1071 1380 1152 1437 beoc-

131 1467 193 1525 voie
213 1466 329 1531 auierrc,
352 1474 380 1522 et
401 1466 516 1522 maxime
537 1467 560 1522 si
583 1476 647 1522 sunt
669 1467 751 1542 aliqui
773 1465 1001 1523 immisericordes
1024 1472 1054 1522 et
1075 1464 1150 1522 arari.

131 1551 191 1609 iiuo
214 1552 285 1608 enim
308 1568 340 1607 ex
362 1551 415 1607 hoc
436 1550 572 1617 lucratur,
597 1568 681 1607 unum
704 1551 813 1625 quidem
835 1551 897 1626 quia
920 1551 1024 1607 animos
1047 1549 1151 1607 illorum

130 1637 224 1700 seirat,
245 1636 359 1692 aiterum
383 1644 488 1701 autem,
516 1636 578 1710 quia
601 1637 708 1710 etipse
730 1654 785 1693 non
807 1635 939 1693 modicam
961 1634 1026 1692 inde
1049 1650 1151 1692 mercc-

131 1723 193 1779 dem
215 1720 307 1778 habet.
338 1720 435 1778 tinniit
456 1732 548 1778 autem
569 1722 602 1777 ad
625 1721 812 1778 credulitatem
834 1720 907 1778 verbi
923 1729 951 1777 et
966 1720 1149 1778 testimonium

129 1822 219 1873 verax,
242 1806 316 1880 quod
339 1807 410 1863 circa
431 1806 460 1862 S.
476 1806 656 1881 Epiphanium
680 1814 708 1863 et
730 1806 857 1863 loannem
879 1807 1042 1880 episcopum
1056 1804 1149 1862 iiiero·

130 1892 297 1966 solymorum
320 1890 419 1948 iactum
443 1901 499 1947 est:
523 1892 661 1967 quomodo
677 1891 705 1948 S.
721 1891 888 1966 Epiphanius
910 1907 961 1964 per
983 1900 1070 1947 artem
1092 1889 1149 1947 tuiit

130 1986 272 2052 argentum
294 1976 472 2050 patriarchae,
496 1976 619 2034 videiicct
641 1977 748 2034 loannis
772 1976 902 2040 ciusdem,
927 1984 954 2031 ct
977 1975 1055 2032 dedit
1069 1991 1148 2049 egcu-

130 2059 229 2121 tihus''.
258 2062 315 2118 dha
338 2071 412 2117 certe
428 2071 486 2118 arte
500 2060 630 2118 utebatur
644 2062 672 2118 S.
689 2062 803 2118 ioannes
818 2061 1068 2135 Eleemosynarius,
1092 2061 1147 2116 dun

104 2180 107 2185 ·
130 2147 275 2204 identidem
305 2145 416 2203 donatas
447 2147 519 2202 uitro
542 2147 574 2202 ad
597 2163 662 2203 snos
685 2163 752 2203 usus
774 2146 814 2203 vei
837 2147 918 2203 etiam
939 2132 1043 2220 petitas
1065 2155 1145 2203 voster

129 2248 222 2297 noves,
244 2230 385 2287 vendendo
408 2246 439 2288 ac
462 2231 578 2305 pretium
598 2230 785 2288 distribuendo
801 2232 827 2287 in
844 2247 989 2304 pauperes,
1015 2231 1146 2287 “snaritcr

129 2317 206 2393 quasi
227 2315 407 2372 vindemiabat
429 2317 574 2390 opulentos
598 2306 737 2373 homines’‘
760 2333 823 2391 erga
845 2333 876 2373 sc
891 2314 1049 2373 beneficos:
1074 2330 1144 2392 quau

128 2418 181 2477 qua
204 2418 270 2459 usus
293 2400 404 2474 tingitur
424 2401 606 2475 Epiphanius,
630 2402 676 2475 qni
698 2411 891 2475 argenteorum
912 2416 1059 2467 vasorum,
1082 2401 1145 2458 vcitt

127 2486 161 2545 ad
184 2487 322 2561 hospitum
338 2488 516 2560 quorumdam
532 2488 721 2544 tractationem
737 2496 832 2542 mutuo
848 2493 1036 2560 acceptorum,
1061 2493 1146 2561 “pon-

127 2572 178 2629 dus
200 2572 331 2629 librarum
346 2571 419 2628 mide
434 2572 671 2646 quingentarum,”
694 2571 779 2628 inscio
794 2571 904 2628 domino
918 2571 1076 2629 vendiderit
1091 2586 1147 2628 cro·

127 2658 292 2733 gaveritque,
316 2673 347 2712 ac
368 2665 464 2730 postea
486 2657 513 2712 in
537 2657 656 2730 episcopi
679 2657 712 2713 de
733 2657 831 2713 iniuria
852 2655 904 2712 sihi
923 2655 994 2712 iacta
1010 2655 1148 2732 querentis

127 2744 222 2801 faciem
245 2758 389 2816 exspuens,
414 2759 476 2799 eum
499 2742 690 2799 excaecaverit.

216 2830 262 2887 ta.
308 2828 371 2882 Tam
400 2828 472 2883 euim
501 2827 719 2883 circumstantiae
747 2843 795 2883 eae
823 2826 906 2882 iaisae
928 2840 992 2882 esse
1014 2826 1150 2886 videatur.

126 2928 207 2988 quam
230 2911 303 2985 quod
326 2911 396 2968 idem
419 2912 549 2976 ioannes,
579 2921 689 2986 recepto
712 2910 809 2968 deinde
831 2911 865 2966 ad
887 2927 983 2984 preces
1007 2904 1158 2987 tpiphcnd

126 2996 183 3053 visu
211 2997 292 3052 nnius
320 2995 404 3052 solius
434 2996 520 3062 ccviii,
552 2997 718 3071 “castigatus
746 3004 773 3053 et
795 2996 935 3053 conuctus
957 3012 973 3050 a
996 2998 1057 3054 viro
1081 2998 1157 3054 iusto

125 3081 176 3137 trit
197 3081 324 3155 deinceps
346 3090 457 3137 sanctus
479 3082 505 3137 in
529 3079 680 3138 omnihus”.
711 3081 769 3138 lioc
789 3097 856 3138 sane
877 3081 911 3137 de
933 3096 967 3137 eo
990 3097 1051 3138 non
1067 3081 1162 3140 sensit

125 3164 300 3240 Epiphanius,
324 3167 432 3239 quando
454 3166 487 3221 ed
509 3167 644 3232 eumdem,
668 3167 701 3223 de
721 3166 891 3239 Origeniaois
912 3165 1060 3223 erroribus
1083 3158 1163 3241 apud

125 3266 156 3307 sc
177 3259 344 3323 suspectum,
369 3259 395 3306 ct
417 3251 551 3308 immerito
574 3251 758 3326 indignantem
781 3251 845 3324 quia
866 3251 895 3307 S.
912 3250 1075 3325 Hieronymi
1099 3252 1163 3309 ha*

124 3344 203 3400 trem,
227 3335 414 3391 Paulinianum
435 3337 598 3394 monachum
622 3337 681 3410 ipse
702 3334 894 3410 presbiterum
916 3335 1070 3401 ordinarat,
1094 3337 1165 3411 epi‘

124 3421 221 3477 stolam
244 3421 366 3495 scripsit,
390 3437 470 3496 quam
492 3421 525 3477 ab
549 3422 665 3495 ipsomet
685 3422 714 3477 S.
732 3421 895 3494 Hieronymo
918 3420 1055 3479 habemus
1080 3420 1167 3480 tatia

123 3506 208 3563 nitate
237 3505 378 3570 donatam,
408 3506 460 3562 hoc
487 3506 635 3581 principio:
664 3505 835 3580 “Oportebat
865 3521 931 3569 nos,
960 3506 1160 3567 dilectissime,

122 3590 266 3648 ciericatus
289 3592 394 3648 honore
416 3608 471 3648 non
493 3591 569 3648 rhuti
590 3590 626 3648 ob
651 3590 821 3665 superbiam,
850 3590 899 3647 sed
921 3591 1049 3647 custodia
1072 3608 1163 3648 ma?

122 3674 248 3734 datomm
271 3676 317 3733 liei
346 3687 374 3734 et
401 3675 589 3735 observatione
617 3676 773 3751 dignissima
801 3677 855 3732 hoc
883 3692 944 3732 csse
973 3678 1052 3749 quod
1082 3676 1160 3734 dici⁶

122 3778 244 3818 mur...
275 3762 368 3817 Audivi
391 3762 462 3819 enim
485 3763 558 3835 quod
580 3772 686 3819 tumeas
708 3769 803 3817 contra
824 3776 885 3825 nos,
908 3768 936 3816 et
957 3759 1098 3825 irascaris,
1120 3764 1156 3816 et

121 3846 254 3904 miniteris
276 3846 396 3903 scrihere
417 3847 444 3902 in
468 3856 603 3903 extremos
624 3847 693 3903 hncs
716 3854 866 3902 terroe...
888 3842 959 3901 ttihtt
982 3845 1033 3902 tihi
1050 3846 1152 3903 nocui-

121 3946 192 3996 mus,
215 3930 281 3987 nihii
304 3931 416 3987 iniuriae
439 3932 560 3997 ierimus,
583 3930 649 3987 nihil
671 3930 804 3987 violenter
825 3930 1000 3986 extorsimus.
1030 3931 1062 3988 ia
1085 3946 1148 3988 mo⁶

121 4016 240 4072 nesterio
264 4015 386 4081 fratrum,
410 4024 437 4073 et
459 4016 572 4073 fratrum
594 4016 811 4090 peregrinorum,
835 4015 882 4090 qui
904 4015 1062 4087 provinciae
1082 4025 1146 4072 tuae

120 4099 188 4157 addi
209 4099 350 4165 deberent,
374 4109 401 4158 et
421 4110 537 4175 propter
555 4108 678 4159 nostram
699 4100 858 4176 parvitatem
880 4108 909 4158 ct
929 4099 1052 4167 litteras,
1074 4111 1139 4175 quat
