2586 4822
161 781 225 844 νοῦ
614 791 729 841 mraru
791 812 813 827 -.

160 952 282 1025 sinuant.
325 947 452 1001 Nimirum
476 945 548 1017 quod
570 940 617 1000 tot
640 939 771 1021 Δάφνῃ,
792 942 833 997 vel
857 937 906 998 tot
928 936 1070 1021 Δάφνης
1090 944 1183 999 crcluo

163 1035 357 1093 noniioaretur,
380 1030 449 1103 vulgi
469 1029 665 1085 cooootottno
692 1030 790 1084 laetum
814 1037 913 1083 utrina
931 1021 1183 1104 coce’Enotttqrq

162 1120 272 1193 llapline
293 1116 351 1190 ipsa
374 1117 528 1177 diceretur,
542 1115 768 1190 quemadmodum
790 1130 822 1167 ex
844 1113 951 1168 duabus
975 1116 1039 1170 istis
1063 1115 1182 1170 Homeri-

162 1205 199 1260 cis
221 1203 332 1258 vocilius
355 1197 386 1256 ἓν
403 1191 545 1276 Ἀρίμοις,
569 1200 713 1254 Ῑοονίοοοο
735 1198 869 1254 conflasse
884 1199 1031 1271 Virgilium
1048 1200 1183 1255 (immma-

162 1290 206 1345 tiei
229 1288 410 1359 suspicantur.
457 1285 545 1352 Quare
567 1302 621 1339 non
645 1285 780 1338 assentior
802 1283 915 1347 Ortelio,
940 1285 989 1357 qui
1015 1286 1089 1357 apud
1111 1286 1182 1340 Taci-

161 1384 218 1430 turn
242 1382 268 1429 et
291 1371 404 1425 Plinium
428 1386 477 1441 pro
499 1367 681 1441 Epidepdne,
705 1369 748 1437 vel
767 1367 954 1441 Epidupdnee
978 1371 1179 1426 rescribendum

162 1458 247 1514 eredit
270 1455 369 1510 latinis
398 1453 521 1515 vocibus,
551 1456 628 1526 apud
650 1453 796 1526 Dopluacn.
842 1454 879 1508 lla
909 1455 943 1508 iis
966 1456 1070 1511 nicrito
1092 1455 1177 1511 coniiei

162 1550 262 1616 potest,
286 1539 356 1612 atiud
379 1538 557 1611 Epiphaniam
581 1540 686 1593 inverso
709 1538 852 1594 verborum
875 1539 972 1594 ordine
999 1541 1039 1596 ita
1063 1541 1110 1612 legi
1130 1556 1176 1612 po-

163 1628 216 1681 tius
239 1634 376 1698 oportere,
399 1627 454 1696 oric
471 1617 551 1697 πρὸς
572 1617 688 1700 Δάφνῃ
705 1618 902 1696 Ἀντιοχείας,
927 1640 1015 1697 qnam
1040 1628 1090 1699 τῆς
1105 1617 1177 1697 πρὸς

112 1703 284 1782 306Ἀντιοχ.
300 1705 387 1784 Aarp.
416 1708 509 1780 Neque
528 1717 620 1764 ‚tanton
644 1718 787 1782 propterea
811 1708 971 1780 explicatior
996 1709 1045 1764 laic
1063 1711 1114 1782 ipso
1133 1708 1172 1763 lo-

163 1814 211 1851 cus
233 1794 322 1850 luerit.
354 1793 542 1860 Quaerendum
566 1794 635 1848 enim
660 1803 797 1866 praetereo
821 1809 871 1847 cnr
895 1793 1034 1849 laodicea
1058 1786 1171 1868 τῇςἈν·

162 1871 292 1952 tropitae
312 1877 472 1951 appelletur.
510 1880 549 1934 dn
573 1880 624 1933 line
647 1879 850 1934 existimandum
866 1887 923 1941 est,
949 1880 1119 1935 Antiochiam
1137 1876 1172 1931 rel

163 1964 292 2036 llaphnen
316 1980 364 2036 pro
387 1964 499 2036 regione
522 1964 578 2036 ipso
602 1973 628 2018 et
644 1963 794 2034 Coelesrria
818 1979 1021 2034 nonnunquam
1045 1958 1175 2036 usurparit

133 2037 135 2041 ’
163 2048 235 2122 quod
257 2049 398 2122 sequentia
421 2048 529 2110 elucent,
551 2065 612 2102 cuni
635 2048 708 2103 addit
728 2040 821 2122 ἤγουν
843 2049 897 2121 τῆς
920 2044 1045 2121 Κοίλης
1065 2043 1173 2122 Συρίας.

164 2132 365 2204 Daphnousium
388 2133 495 2206 quidem
520 2132 740 2187 Comitateosiuot
764 2134 833 2187 inter
854 2132 980 2204 legiones
1007 2134 1106 2189 Notitia
1126 2148 1174 2186 rnr—

164 2218 249 2273 minit.
281 2216 400 2271 lliccrern
424 2217 584 2272 antiocheni
607 2217 719 2271 alicuius
736 2217 861 2290 Episcopi
884 2234 987 2272 nornen
1014 2220 1059 2273 laie
1081 2217 1174 2273 deside-

164 2301 232 2365 rari,
256 2302 286 2356 si
301 2302 369 2376 quis
384 2312 541 2357 occurreret
563 2301 789 2357 semiarianorum
812 2303 901 2356 lautor
924 2313 953 2357 et
976 2304 1107 2375 signiter,
1133 2318 1173 2357 aa·

163 2386 281 2441 iusrnodi
302 2385 404 2441 nullum
428 2387 543 2458 reperio.
583 2387 638 2443 lrno
662 2403 724 2442 vero
748 2387 892 2449 Eudoxias,
916 2388 965 2459 qui
987 2390 1172 2444 Antiochenam

164 2471 255 2527 sedern
279 2481 342 2544 post
364 2473 468 2527 Leontii
490 2471 593 2527 ototoo
617 2473 765 2543 occuparit,
789 2472 875 2526 llasilii
897 2488 929 2525 ac
954 2472 1068 2545 Georgii
1091 2471 1174 2528 laodi-

164 2558 223 2612 eoni
246 2574 295 2630 per
317 2557 359 2612 illa
382 2566 506 2629 tempora
530 2558 616 2611 hostis
638 2559 784 2612 acerrimus
807 2557 864 2612 luit.
896 2556 962 2611 Vide
979 2557 1093 2613 Sozam.
1109 2556 1172 2620 att

164 2650 192 2698 et
213 2640 400 2714 sequentibus.
432 2642 528 2697 Credat
551 2643 633 2714 igitur
654 2642 749 2714 aliquis
772 2641 804 2696 ab
821 2641 971 2714 Epiphanio
988 2634 1050 2716 τὴν
1063 2633 1173 2698 totto-

162 2722 276 2807 τιοχείᾳ
297 2720 431 2802 Δάφνην
453 2744 501 2800 pro
526 2726 606 2781 Coele
628 2727 703 2799 Syria
726 2728 777 2782 laoe
800 2726 860 2781 loro
883 2727 964 2790 sunni,
987 2730 1066 2799 quod
1090 2741 1171 2784 nornn

164 2813 228 2867 nubi
257 2821 283 2867 et
312 2812 460 2867 inauditum
491 2828 550 2867 esse
574 2812 667 2867 latcor.
713 2811 789 2878 Quod
812 2812 862 2865 oisi
886 2811 929 2865 cui
953 2814 1112 2868 coniectura
1130 2812 1170 2864 ista

68 2954 71 2967 ,
164 2897 283 2969 placeat,
313 2895 508 2968 simplicissima
538 2905 564 2950 et
592 2895 706 2951 fortasse
734 2914 793 2951 vera
816 2896 886 2951 ratio
909 2904 968 2961 est,
999 2909 1035 2953 ut
1058 2897 1171 2954 teotoo

163 2991 345 3053 cognomento
367 2982 501 3054 Daphnea
529 2980 661 3053 appellata
690 2981 824 3044 videatur,
855 2981 926 3052 qnod
958 2982 983 3036 ei
1014 2983 1078 3038 loeo
1105 2984 1172 3053 longe

164 3065 330 3121 nobilissimo
359 3084 389 3122 ae
417 3065 595 3124 celeberrimo
624 3067 775 3139 propinqua
798 3068 882 3128 l'oret,
912 3060 995 3121 troad
1020 3059 1174 3137 clennrnlrJr

163 3150 309 3204 Laodiceae
337 3151 462 3216 alterius;
493 3153 545 3206 imo
574 3150 691 3223 plurium
721 3151 831 3206 aliarum
859 3152 1070 3222 cognominum.
1111 3153 1172 3207 lotar

163 3232 233 3287 hane
255 3251 332 3295 vero,
363 3236 405 3289 cui
429 3245 455 3290 et
480 3236 617 3290 Catienae
640 3252 736 3291 nornen
758 3236 881 3299 inditum,
905 3244 933 3290 et
956 3237 1126 3293 Antiochiam
1142 3233 1172 3289 ad

163 3317 301 3378 Orontem,
325 3318 463 3374 interiecta
487 3321 534 3374 luit
551 3321 670 3392 llaquuic.
701 3320 777 3388 Qaiod
801 3329 829 3374 ut
852 3321 1010 3392 expressius
1036 3322 1172 3378 declararet

163 3401 341 3474 Epiphanius,
371 3402 467 3459 adiecit
488 3397 581 3478 ἤγουν
604 3401 718 3479 Κοίλης
740 3401 868 3482 Συρίας,
892 3423 926 3460 ne
950 3407 1014 3478 quis
1041 3407 1171 3479 Pterygion

162 3495 278 3559 putaret,
302 3486 447 3541 eulaliam
470 3487 625 3559 quondihct.

247 3572 307 3629 eto
324 3589 347 3626 a.
378 3564 396 3646 ἦ
421 3565 492 3646 ἁγία
514 3567 654 3649 σύνοδος]
685 3575 777 3647 llagna
794 3574 872 3630 nobis
887 3591 943 3629 non
959 3575 1053 3631 solarru
1070 3577 1103 3631 de
1117 3574 1172 3647 lipi-

161 3656 262 3728 phanio
284 3667 392 3721 nostro,
417 3657 464 3711 sed
487 3657 520 3711 de
544 3660 615 3713 omni
638 3661 717 3716 etiarn
740 3660 899 3733 antiquitate
922 3669 949 3714 et
973 3660 1090 3716 historia
1112 3660 1173 3714 leae

161 3741 280 3795 merendi
303 3743 492 3814 opportunitas
516 3742 566 3798 lanc
590 3744 615 3798 in
638 3745 699 3800 loco
722 3744 882 3816 praebetur,
913 3742 959 3798 ubi
983 3744 1019 3799 de
1043 3751 1171 3818 ancyrana

159 3841 190 3879 ae
205 3823 343 3880 Sirmiensi
359 3827 585 3899 pseudosynodis,
610 3829 722 3902 aliisque
738 3829 965 3884 Semrarianorom
983 3828 1171 3887 conventiculis

157 3910 253 3983 agitur.
299 3910 419 3978 Quorum
449 3923 505 3967 aeta
533 3922 560 3967 et
584 3908 704 3987 ternpore
727 3914 765 3968 sie
788 3913 858 3988 apud
880 3924 988 3969 veteres
1012 3917 1127 3988 perinde
1144 3928 1171 3966 ar

155 3996 320 4051 recentiores
343 3998 453 4052 entilusa
478 3998 688 4072 perturbataque
712 4008 784 4062 suot,
809 3999 881 4055 nulla
903 4009 934 4054 ut
956 4000 1091 4056 historiae
1110 4015 1169 4074 pars

152 4078 279 4157 inpeditq
293 4083 377 4156 nagia
393 4099 423 4137 ac
437 4082 703 4158 didicilinapparoat.
730 4084 819 4140 llicarn
835 4100 891 4143 non
905 4084 1055 4142 iactantiae
1067 4098 1166 4145 marm.
