2586 4822
117 454 122 463 n

497 819 667 870 pustulata.
1045 822 1093 869 m

70 973 214 1031 infeliciter
235 973 407 1048 interpolavit
428 973 557 1048 l'oggioi,
587 977 638 1030 aea
663 976 836 1031 naturaliter
857 973 1093 1043 Amathusium,

71 1062 114 1134 qui
137 1060 165 1115 in
190 1057 416 1132 praecedentibus
438 1060 528 1115 verbis
551 1060 651 1133 aliquid
674 1061 805 1116 excidisse
823 1060 940 1124 coniicit,
964 1063 1037 1136 qnod
1053 1063 1092 1119 sio

71 1145 189 1218 supplet,
214 1161 270 1199 non
293 1147 372 1217 apsa
391 1142 563 1200 Amathunta
584 1161 658 1217 quae
680 1152 760 1200 trans
775 1145 926 1201 loraaoem
945 1155 985 1202 est
999 1147 1092 1222 [quam

72 1231 205 1303 losephus
227 1229 327 1301 aliique
348 1230 526 1302 memoranti,
557 1232 607 1285 aed
628 1247 702 1302 quae
723 1232 754 1285 ia
777 1231 868 1303 Cypro
891 1238 945 1294 eat,
980 1233 1024 1286 cui
1047 1249 1093 1287 ra-

73 1316 136 1370 tioni
160 1331 218 1370 nan
240 1314 329 1369 solum
351 1314 466 1370 alterum
488 1315 554 1371 illud
575 1316 666 1379 “sea'',
690 1315 763 1388 quod
787 1324 849 1389 post
871 1316 950 1371 verba
980 1317 1023 1371 illa
1046 1333 1094 1372 se-

73 1402 173 1472 quitur,
197 1398 246 1454 sed
268 1399 350 1454 etiam
372 1415 416 1454 res
438 1400 497 1472 ipsa
519 1410 661 1473 repugnat.
699 1400 763 1456 Nam
780 1401 801 1456 si
818 1401 995 1456 clarissimum
1011 1405 1093 1456 hma-

74 1486 177 1540 thuntis
200 1483 313 1557 Cypriae
342 1501 440 1540 nomen
470 1484 674 1558 intelligendum
698 1496 769 1549 erat,
799 1486 866 1541 nihil
894 1502 1005 1542 caussae
1034 1495 1093 1542 erat

75 1586 120 1626 cnr
139 1568 324 1642 Epiphanius,
354 1570 399 1644 qui
428 1571 486 1642 ipse
514 1571 540 1625 in
563 1570 652 1643 Cypro
680 1571 768 1626 insula
789 1569 956 1635 versabatur,
986 1581 1093 1627 caveret

74 1673 106 1710 ne
128 1656 190 1728 quis
212 1654 247 1709 ile
269 1655 352 1710 altera
375 1654 419 1709 illa
441 1655 605 1711 Amathunte
634 1656 775 1727 cogitaret.
824 1656 1004 1724 [triamohrem
1034 1656 1095 1712 col·

74 1740 132 1794 latis
154 1740 284 1812 proximis
306 1740 443 1812 Epitomes
466 1739 564 1804 verbis,
595 1730 660 1794 ἀλλ’
684 1734 745 1796 thu
774 1734 858 1814 γένος
879 1731 956 1795 nalal
979 1732 1094 1796 καλού-

75 1842 163 1897 μενον
179 1816 398 1895 Ἀμαθούσιον,
421 1825 459 1880 sic
482 1825 573 1897 potius
597 1825 663 1880 hace
686 1825 852 1880 restituenda
876 1826 1008 1890 videntur,
1043 1822 1092 1881 καὶ

76 1904 139 1982 περὶ
157 1901 369 1980 Ἀμαθοῦντα,
392 1902 429 1964 οὗ
449 1903 507 1982 τὴν
520 1904 552 1965 έν
567 1903 697 1988 Κύπρῳ,
721 1901 785 1964 ἀλλ’
803 1901 909 1986 ἑτέραν
924 1902 1006 1966 τινιί·
1030 1903 1092 1966 έστι

77 1987 131 2067 γὰρ
152 1988 240 2067 γένος
260 1988 338 2048 πολι)
360 1985 549 2066 καλούμενον
566 1985 785 2067 Ἀμαθούσιον.
818 2011 887 2067 quae
915 1996 1031 2051 lactasse
1054 1996 1093 2051 sic

78 2088 190 2134 uerterat
214 2087 290 2132 nctus
313 2080 456 2150 interpres,
479 2081 656 2134 sedaliam:
679 2097 745 2134 ποατ
762 2078 989 2135 Amathusiaram
1010 2097 1095 2151 peae-

77 2166 146 2217 ratia
168 2163 316 2234 multiplea
336 2164 465 2218 hahetur.
510 2165 739 2219 luothariorum
773 2166 836 2220 dicit
864 2166 925 2237 quia
949 2166 976 2220 in
1000 2165 1094 2222 codice

78 2266 127 2320 quo
159 2247 288 2303 utebatur
310 2240 530 2320 Ἀμαθουσίων
557 2267 607 2322 pro
624 2240 837 2321 Ἀμαθούσιον
865 2252 995 2324 scriptum
1025 2258 1092 2306 erat.

76 2333 188 2389 Noverat
217 2332 381 2406 Epiphanius
409 2334 538 2407 frequens
572 2352 632 2390 esse
661 2352 747 2407 genus
776 2335 910 2408 lapillum,
951 2334 1094 2407 smaragdo

77 2418 208 2480 similium,
233 2419 279 2491 qui
293 2419 443 2474 Amathusii
459 2428 598 2483 vocentur,
623 2419 671 2474 sed
686 2430 798 2475 noverat
814 2420 893 2475 etiam
909 2438 962 2475 non
979 2420 1093 2493 reperiri

76 2504 132 2559 illos
155 2504 227 2558 circa
251 2504 440 2559 lriiathuntem
465 2504 597 2577 Cypriam,
632 2503 701 2559 hene
724 2505 774 2560 sibi
798 2506 947 2576 cognitam:
979 2523 1009 2559 ex
1038 2521 1094 2576 quio

77 2589 175 2659 colligit
198 2605 297 2642 nomen
320 2588 352 2642 ab
376 2588 427 2643 alio
450 2589 511 2644 loeo
534 2592 695 2662 cognomine
718 2590 865 2644 derivatum
894 2606 963 2643 esse.
996 2582 1094 2660 Ἅμα·

76 2669 206 2728 uolam
227 2674 252 2726 in
277 2672 345 2727 libro
369 2689 418 2728 suo
441 2672 506 2745 legit
530 2674 719 2746 Hieronymus,
744 2675 788 2745 qni
813 2674 845 2728 ail
869 2674 967 2729 lesaiae
991 2692 1014 2728 c.
1033 2676 1093 2737 5⁴1,

76 2769 101 2812 ut
131 2766 227 2813 innuet
251 2757 377 2829 l'oggini,
412 2762 611 2830 “smaragdum
635 2760 776 2830 reperitur
804 2760 834 2813 ia
856 2759 981 2829 {ontibus
1008 2759 1094 2812 Ther·

74 2844 211 2898 modoetia
232 2843 356 2911 fluminis
377 2849 402 2897 et
424 2852 543 2898 uocatur
565 2836 784 2915 ἄμαθούσιος”.
822 2843 886 2898 liam
904 2844 941 2898 sia
958 2843 1093 2916 vulgatum

73 2928 258 3000 grammatias
290 2943 321 2982 en
350 2927 411 2983 cod.
433 2928 611 2984 Ambrosiano
641 2929 758 2984 correxit
786 2928 940 2983 l'allarsius.
1048 2931 1093 2985 19.

74 3008 170 3087 έχοντι
195 3007 313 3087 φλέβας
334 3007 559 3086 τιτραστίχοος]
584 3013 653 3068 llaec
676 3030 730 3068 nan
754 3015 887 3086 expressit
902 3014 931 3068 L.
965 3013 1096 3069 Scrilieu·

74 3100 135 3153 dum
161 3092 274 3170 έχοσσα
296 3115 357 3153 cum
381 3098 511 3153 Gesnero.
564 3098 693 3153 Similiter
721 3099 788 3154 inlra
812 3098 858 3153 lin.
877 3101 925 3155 33.
950 3098 1013 3153 {lixit
1036 3092 1094 3172 ἕχει

73 3175 222 3258 γραμμὰς
241 3177 346 3254 μέσας.
433 3184 483 3239 20.
505 3174 548 3248 ὡς
569 3176 602 3237 δέ
624 3184 714 3239 τοῦτο
729 3174 904 3256 ἠκούσαμεν
926 3172 999 3237 εἶναι
1016 3200 1096 3258 φαν-

74 3265 194 3340 τασίας]
219 3268 303 3322 l'erha
328 3269 468 3324 manileste
491 3278 635 3340 corrupta,
673 3279 727 3340 pro¹
752 3267 851 3342 quihus
875 3268 893 3322 L
921 3270 1096 3323 delectantur

75 3360 168 3407 autem
188 3353 361 3425 phantasiae
383 3354 425 3423 (ia
440 3361 481 3407 eat
495 3354 714 3424 speculationes)
736 3351 800 3407 huia
820 3353 945 3407 incidere
968 3355 1040 3423 (nam
1057 3354 1095 3408 sic

75 3438 146 3493 haud
170 3436 252 3492 dubie
275 3438 465 3510 corrigendum
488 3454 537 3510 pro
560 3439 703 3507 insideret.
756 3438 866 3492 l'idetur
892 3438 975 3510 igitur
997 3438 1095 3511 legisse

74 3519 237 3595 τέρπονται
261 3516 293 3576 δέ
316 3514 536 3598 αἱφαντασίαι
565 3517 661 3598 ταύτῃ
690 3517 836 3595 ἐντυχεῖν,
869 3531 899 3577 ut
927 3515 1095 3598 τέρπεσθαι

74 3610 119 3685 τῷ
141 3602 224 3686 λίθῳ
248 3600 348 3685 τούτῳ
371 3607 470 3662 dictum
495 3616 537 3663 est
560 3607 625 3662 inira
642 3624 667 3679 p.
687 3608 757 3671 230,
776 3609 824 3664 32.
863 3607 931 3662 Nihil
955 3608 1097 3681 proficitur

76 3692 191 3748 Gesneri
215 3693 370 3748 coniectura
393 3687 443 3746 καί
466 3684 580 3764 ταύτην
611 3683 687 3757 ι’ίκος
712 3682 785 3747 εἶναι
816 3683 1045 3768 φαντασμάτων
1067 3682 1096 3745 oi

75 3767 250 3852 μυθολόγοι
273 3774 418 3851 λέγοι-σιν.
467 3776 531 3831 Nam
565 3778 616 3832 hac
643 3776 712 3831 inlra
740 3776 847 3831 demum
871 3777 969 3833 dicitur
990 3778 1023 3832 de
1046 3775 1096 3831 alia

76 3863 169 3935 specie
192 3862 239 3917 lin.
257 3863 307 3919 2⁴³.
394 3864 444 3919 23.
462 3862 511 3918 24.
534 3863 577 3940 τῴ
600 3853 661 3935 ὅρα
685 3862 740 3935 τῆς
754 3852 838 3936 Ἴδης
860 3857 891 3917 έν
909 3863 946 3939 τῇ
964 3855 1095 3941 Φρυγία]

75 3947 146 4002 hiae
168 3948 284 4009 manas,
315 3949 362 4018 gai
393 3954 433 4002 eat
452 3947 485 4000 ia
507 3945 632 4018 Phrygia
654 3947 689 4010 t,
719 3947 790 4002 unde
818 3947 933 4002 fortasse
961 3946 1005 4023 τῷ
1033 3954 1096 4017 post

65 4024 155 4104 Ἴδης
176 4032 339 4087 adolendum.
448 4032 497 4088 26.
520 4022 708 4103 ὁμοιάζοοσα
729 4033 768 4108 τῇ
791 4024 851 4087 ἀπὸ
877 4032 932 4085 τοῦ
955 4025 1096 4103 αἳματος]

74 4107 242 4195 πορφύρας
263 4117 318 4191 τῆς
339 4106 398 4173 ἀπὸ
422 4116 477 4173 τοῦ
499 4113 629 4191 αἵματος
643 4131 736 4190 margo
754 4115 874 4173 Gesneri.
912 4114 1011 4171 similis
1025 4130 1096 4172 aaa·
