2586 4822
160 756 223 820 sut
613 765 728 816 uenatu

158 927 288 983 duntaxat
309 932 387 982 erant
409 922 562 997 participes,
586 936 636 978 nec
659 920 722 977 dnm
745 920 914 978 bominicunn
938 937 1044 996 corpus
1068 938 1180 996 usurpa·

159 1010 234 1073 barat,
258 1010 410 1065 κοινωνεῖν
430 1007 555 1064 dicebant
576 997 648 1062 ὄντα
669 1007 860 1082 προσφορᾶς,
883 1015 913 1063 nt
937 1016 982 1063 est
997 1006 1026 1063 in
1044 1010 1179 1082 Ancyram

160 1096 225 1153 Can.
244 1099 261 1152 5
277 1103 306 1151 et
321 1095 371 1153 tt.
410 1097 431 1149 Α
455 1108 509 1167 qno
532 1093 639 1148 demum
662 1091 756 1147 ordine
778 1091 811 1147 ad
843 1090 1002 1149 absolutum
1032 1094 1180 1168 integrun-

58 1209 66 1222 .
160 1197 214 1255 que
242 1188 341 1237 statum
371 1177 618 1240 transferebantur,
648 1192 728 1251 quani
749 1170 876 1249 μέθεξιν
895 1179 960 1232 τῶν
981 1170 1082 1253 ἁγίων
1103 1189 1131 1234 et
1149 1170 1180 1234 ad

160 1260 273 1323 τίλειον
293 1262 438 1338 appellant,
461 1279 523 1318 cnm
545 1260 648 1318 scilicet
670 1261 781 1334 perinde
804 1263 836 1317 ad
859 1261 1017 1319 oblationes
1039 1264 1178 1326 faciendas,

160 1359 242 1424 atque
264 1349 296 1405 ad
320 1347 528 1422 participandam
545 1346 738 1403 Eucharistiam
754 1347 973 1403 admitterentur.
1003 1348 1103 1424 Neque
1117 1349 1177 1405 enim

160 1449 386 1509 quorumcunque
409 1431 559 1488 oblationes
583 1441 709 1505 receptae
731 1441 810 1497 sunt,
839 1433 887 1488 sed
909 1433 1113 1490 sceleratorum
1133 1435 1178 1490 bo·

160 1520 263 1576 minnan
292 1535 322 1574 ac
352 1517 547 1590 poenitentium
577 1525 604 1572 et
633 1517 758 1572 universe
780 1518 843 1573 τῶν
864 1510 1003 1573 notator
1025 1515 1081 1574 καὶ
1103 1511 1176 1575 οἶκοι-

161 1596 304 1678 νοινήτιον
324 1604 449 1658 reiectae.
485 1600 523 1657 tte
545 1618 601 1676 quo
623 1601 681 1658 vide
703 1601 818 1658 Constit.
843 1605 935 1675 Apost.
955 1606 983 1666 3,
1003 1606 1034 1660 5.
1081 1603 1112 1659 lit
1134 1603 1177 1657 la·

161 1705 242 1745 sense
265 1687 413 1743 Concilium
436 1686 536 1744 Cant
559 1686 635 1743 iubet
655 1694 686 1742 nt
704 1688 920 1760 poenitentium,
954 1689 1006 1761 pul
1029 1690 1092 1745 cine
1110 1704 1174 1743 onai·

160 1774 293 1829 munione
319 1773 467 1846 inopinato
496 1773 619 1827 transitu
644 1772 676 1827 in
698 1774 790 1843 aprio,
820 1773 1048 1829 curiosioribus
1067 1788 1173 1849 procne-

160 1860 289 1922 niuntnr,
312 1859 468 1913 oblationes
490 1857 675 1930 recipiantur.
719 1856 929 1913 Excutiebnntur
951 1858 1049 1932 itaque
1072 1861 1174 1933 primun

162 1943 314 2000 oblationes
337 1959 351 1998 a
375 1941 513 2005 lliacouis,
536 1952 618 2015 atque
639 1951 731 1997 utrum
753 1943 885 1999 eiusmodi
909 1952 1005 1999 essent
1028 1943 1176 2018 inquirebe·

162 2037 216 2091 tur,
240 2044 310 2100 quae
332 2027 529 2100 repraesentari
552 2026 585 2081 ad
607 2026 690 2082 altare
713 2036 833 2100 possent.
872 2027 960 2101 lgitur
981 2029 1010 2083 in
1033 2029 1176 2085 Laodicena

163 2111 283 2168 Concilio
305 2103 324 2185 ἢ
347 2105 511 2187 προσφορὰ
540 2111 573 2166 de
594 2120 712 2186 utroque
735 2127 835 2185 genere
857 2111 1004 2168 oblationis
1028 2123 1122 2187 potest
1142 2115 1189 2183 in«,

163 2197 255 2270 telligi,
278 2205 332 2251 tam
351 2212 381 2251 ea
397 2212 466 2269 quae
481 2213 496 2252 a
511 2195 635 2252 fidelibus
658 2212 738 2271 quam
765 2213 833 2272 quae
849 2214 862 2251 a
878 2197 1080 2255 Sacerdotibus
1096 2197 1176 2255 tiebat

161 2280 217 2338 Nec
240 2278 339 2344 obstat,
373 2281 446 2354 quod
466 2275 652 2356 προσφέρειν
672 2272 767 2356 ἄρτον
794 2283 924 2355 scripturn
947 2293 991 2338 est
1014 2283 1043 2339 in
1068 2285 1176 2344 maone

162 2383 233 2442 quae
255 2365 454 2422 luissecanssa
477 2365 598 2431 videtur,
620 2365 655 2422 ob
678 2382 758 2439 quam
782 2366 910 2422 Catholici
933 2368 984 2423 viri
1006 2369 1043 2424 de
1067 2368 1177 2442 Eulogiis

163 2452 254 2527 potins
276 2466 356 2525 quam
379 2451 412 2506 de
427 2451 595 2508 Eucharistia
617 2450 717 2507 dictum
741 2451 806 2507 illud
822 2452 1083 2525 interpretarentur.
1123 2454 1177 2510 Nan

163 2537 204 2593 vel
226 2527 320 2613 ἄρτος
341 2537 374 2592 ad
396 2535 422 2591 id
445 2537 577 2600 retertur,
607 2536 680 2610 quod
701 2545 763 2592 ante
785 2537 1019 2594 consecrationem
1044 2539 1112 2603 luit,
1140 2546 1177 2593 ant

111 2631 157 2682 tat
164 2638 263 2695 corpus
285 2621 374 2694 ipsum
391 2621 494 2677 Domini
513 2622 601 2694 panis
623 2622 720 2676 usitata
735 2637 796 2677 curn
811 2622 839 2677 in
854 2621 1015 2694 scripturis,
1039 2633 1100 2679 tum
1116 2621 1177 2697 apnd

163 2706 257 2763 Patres
280 2705 460 2780 appellatione
482 2706 588 2761 dicitnr.
626 2694 669 2762 Sic
692 2707 717 2761 in
741 2706 866 2780 Cartbag.
890 2706 1013 2763 Concilio
1036 2711 1112 2782 apud
1133 2709 1177 2765 lo-

163 2808 254 2847 nararn
278 2800 305 2847 et
327 2791 439 2847 balaam.
455 2790 527 2847 Can.
545 2795 601 2847 40:
628 2785 697 2865 περὶ
725 2793 780 2847 τοῦ
806 2783 849 2866 μὴ
877 2786 985 2859 ίξεῖναι
1014 2788 1177 2869 περαιτέρω

163 2867 260 2952 ἄρτου
288 2871 338 2931 καί
367 2869 450 2932 οἷ’νου
479 2867 570 2931 ὕδατι
591 2869 776 2950 μεμιγμένου
799 2871 831 2932 τί
850 2893 922 2932 ποτε
944 2872 978 2932 dr
999 2881 1068 2945 τοῖς
1090 2873 1177 2953 ἁγίοις

162 2955 361 3038 προσφίρειν,
386 2957 439 3016 ἵνα
467 2955 498 3017 ἓν
525 2962 589 3026 τοῖς
613 2953 710 3034 ἁγίοις
729 2955 827 3035 μηδὲν
847 2956 939 3018 πλέον
959 2964 1017 3018 τοῦ
1039 2955 1178 3037 σώματος

163 3042 212 3100 καὶ
241 3045 296 3102 τοῦ
324 3040 455 3119 αἵματος
480 3046 535 3101 τοῦ
557 3041 664 3123 κυρίου
686 3041 920 3121 προσενεχθείη·
950 3039 996 3115 ὡς
1017 3045 1070 3103 καὶ
1096 3040 1178 3112 αὐτὸς

163 3123 180 3187 ὅ
203 3119 305 3204 κῦριος
326 3125 519 3207 παρίδιοκεν·
549 3125 686 3186 τουτίστι
714 3121 809 3204 ἄρτου
831 3127 881 3186 καί
904 3124 989 3187 οἴνου
1011 3122 1106 3190 ῧδοιτι
1127 3149 1176 3206 με·

161 3209 317 3287 μιγμίνου.
361 3215 439 3282 Quod
468 3216 539 3288 apud
565 3215 673 3272 Latinos
702 3215 766 3270 Cau.
784 3216 822 3272 24
853 3216 1001 3274 Conciliid
1031 3217 1126 3275 Cartb.
1147 3219 1176 3272 itt

162 3298 276 3370 legitur:
304 3298 339 3354 ot
360 3301 390 3353 ιἰι
405 3298 596 3356 sacramentis
618 3301 746 3372 corporis
768 3307 794 3355 et
815 3303 964 3372 ιααραίπὶι
979 3301 1100 3359 Domina·
1112 3302 1178 3358 nibil

162 3383 284 3455 amplius
307 3384 445 3455 offeratur
467 3399 552 3456 quom
572 3386 632 3458 ipae
656 3384 791 3441 Dominus
814 3387 940 3450 tradidit,
961 3386 1017 3442 boc
1039 3397 1083 3444 est
1097 3388 1178 3461 γεκίι

164 3477 190 3523 et
217 3470 311 3523 einum
339 3484 415 3542 apua
442 3469 566 3524 mixtum.
612 3469 727 3526 Proinde
749 3469 815 3544 nibil
844 3471 944 3527 certius
978 3481 1022 3528 est
1052 3490 1132 3546 quarn
1154 3474 1178 3527 in

163 3553 313 3610 Laodiceno
340 3554 448 3610 Canone
469 3554 608 3627 prohiberi
630 3571 665 3611 ne
686 3571 737 3629 per
758 3555 885 3611 solennes
906 3555 1000 3612 ieiunii
1024 3558 1084 3614 dies
1104 3556 1178 3612 obla·

163 3639 252 3693 tiones
281 3648 307 3694 et
329 3639 458 3695 sacrificia
481 3637 661 3695 celebrentur.
707 3638 810 3714 Excipit
833 3639 981 3697 Sabbatum
1005 3658 1037 3698 ac
1062 3642 1179 3698 Comini·

163 3736 230 3783 cam,
254 3721 352 3795 quibus
374 3723 401 3779 in
425 3724 534 3779 Oriente
556 3723 675 3780 ieiunare
697 3725 771 3781 netas
793 3725 1004 3784 arbitrabantur.
1048 3727 1128 3796 Quod
1148 3743 1178 3783 ex

163 3804 288 3861 truttam
311 3809 418 3880 synodo
447 3807 616 3880 comprobari
644 3818 750 3882 potest,
779 3826 849 3884 quae
871 3810 935 3866 Can.
954 3812 993 3869 52
1018 3813 1055 3868 itt
1078 3812 1177 3868 sunau:

164 3886 195 3947 ίν
215 3883 329 3956 πάσαις
347 3895 417 3959 ταῖς
436 3891 490 3965 τῆς
504 3883 593 3968 ἁγίας
605 3895 853 3971 τεσσαρακοστῆς
867 3898 929 3951 τῶν
943 3899 1095 3969 νηστειῶν
1108 3889 1179 3972 ἡμί-

162 3991 245 4051 ροιις,
274 3970 424 4051 παρεκτὸς
443 3970 605 4047 σαββάτου
627 3974 677 4034 καὶ
700 3982 847 4057 κυριακῆς
867 3975 917 4036 καὶ
939 3983 995 4056 τῆς
1016 3974 1108 4058 ἁγίας
1126 3982 1179 4038 τοῦ

162 4052 381 4136 εὐαγγελισμοῦ
400 4054 531 4139 ἡμέρας,
559 4056 693 4138 γινέσθω
713 4056 733 4141 ἢ
754 4065 818 4122 τῶν
838 4062 1094 4143 προηγιοσμίτων
1114 4059 1178 4145 ἱερὰ
