2586 4822
429 860 720 917 xuxuxureustoues.
799 918 808 941 ,
1019 852 1087 917 aot-

62 1021 115 1077 bxtc
136 1037 189 1093 per
208 1026 433 1093 mustumque
454 1020 657 1077 heldunodms
678 1018 996 1092 ussum-ceteram,-
1014 1024 1084 1080 Ale·

61 1106 200 1161 murini
227 1114 253 1161 et
281 1105 465 1161 liment-ec
492 1115 586 1161 saure
610 1108 736 1178 quum
763 1106 915 1162 traditione
940 1109 972 1163 tt
998 1124 1086 1181 epm

62 1192 262 1246 detrectarunt.
293 1191 331 1246 lta
354 1208 408 1246 nou
432 1191 550 1247 Orientis
572 1192 667 1254 modo,
691 1192 738 1247 scd
762 1200 789 1247 et
811 1192 895 1248 totius
919 1191 992 1249 orbis
1013 1210 1084 1249 eon-

61 1277 234 1332 suetudinem
258 1276 341 1332 luisse
362 1275 465 1340 scribit,
489 1276 563 1349 quod
585 1293 636 1350 ego
659 1292 750 1332 rerum
774 1292 828 1332 non
850 1274 976 1333 arbitror.
1021 1279 1084 1335 Tuit

62 1361 135 1416 enim
158 1361 276 1416 Orientis
300 1360 356 1416 lere
377 1361 472 1416 solius.
516 1362 545 1416 ln
568 1361 716 1436 Responsis
739 1362 840 1418 Canon.
864 1362 996 1419 Timothei
1018 1363 1085 1419 hle-

62 1445 142 1501 xand.
166 1444 237 1518 apud
259 1445 372 1500 Balsam.
395 1446 528 1519 interrog.
546 1449 580 1504 13
611 1447 763 1519 quaesitum
796 1456 838 1503 est
866 1447 965 1521 quihus
987 1447 1086 1505 diebus

62 1532 194 1604 coniuges
216 1531 358 1586 continere
379 1530 505 1587 debeant.
541 1531 699 1605 Respondet
713 1532 872 1588 Timotheus
886 1533 997 1589 omniuo
1012 1533 1085 1589 Sab-

61 1615 127 1671 hato
150 1632 181 1671 ac
204 1615 339 1671 llomiuica
365 1616 577 1689 temperandum,
601 1609 653 1672 ded
676 1608 710 1673 τὸ
733 1612 764 1673 ἐν
786 1610 894 1683 αὐταῖς
915 1611 971 1692 τὴν
991 1635 1085 1673 nuen-

60 1695 195 1774 ματικὴν
226 1695 344 1757 θυσίαν
375 1693 588 1778 ἀναφέρεσθαι
614 1703 660 1781 τῷ
683 1696 799 1779 Κυρίῳ.
844 1702 929 1776 igitur
957 1701 1084 1759 Sabbatis

61 1786 238 1842 Alexandriae
260 1784 394 1842 celebrate
416 1785 551 1859 llysteria,
574 1795 668 1843 contra
690 1803 770 1859 quam
789 1786 908 1843 Socratis
930 1797 1019 1843 aetate
1041 1788 1087 1844 na

62 1880 137 1926 etum
160 1881 210 1926 est.
252 1870 332 1943 Atqui
355 1871 480 1926 fortean
504 1870 593 1945 Cyprii
616 1873 699 1946 (apud
721 1888 792 1943 quos
812 1872 863 1927 ista
886 1873 995 1945 scripsit
1016 1872 1082 1945 Epi-

61 1956 190 2029 phanius)
214 1955 359 2018 Romanos,
382 1964 429 2011 aut
450 1956 551 2011 vicinos
573 1974 639 2012 suos
661 1956 854 2012 Alexandrinos
877 1956 985 2021 imitati,
1009 1957 1083 2031 Syn-

60 2058 125 2096 axes
148 2040 235 2096 nullas
257 2038 382 2096 Salihotis
403 2041 589 2106 instituerunt,
613 2041 724 2115 reliquis
746 2057 819 2107 vere,
846 2041 899 2097 hoc
921 2050 964 2098 est
986 2052 1081 2116 quarta

61 2135 170 2181 sextaue
193 2125 266 2190 iuria,
290 2124 362 2180 nulla
385 2125 411 2180 iu
428 2124 578 2198 synaxibus
601 2127 727 2200 mysteria
752 2126 932 2183 celebrarunt.
964 2127 1002 2184 lic
1020 2145 1084 2202 my-

60 2211 151 2266 steriis
174 2219 248 2266 certe
270 2210 372 2266 mentio
395 2227 527 2283 nusquam
551 2212 594 2267 hic
617 2212 741 2275 babetur,
766 2222 859 2268 contra
882 2230 962 2287 quam
980 2213 1083 2268 Casan-

59 2296 151 2351 houus
173 2295 272 2367 aliique
295 2304 397 2351 temere
419 2295 606 2368 prodiderunt.
651 2297 680 2352 ln
704 2298 828 2370 sequenti
851 2298 939 2370 capite
961 2297 1082 2371 lipiplxa·

59 2382 123 2436 nius
145 2381 178 2436 de
200 2379 310 2436 Sabbati
333 2380 484 2453 synaxibus
506 2383 542 2435 ita
564 2381 699 2454 loquitur,
724 2391 753 2436 ut
775 2382 802 2436 in
826 2382 944 2438 Ecclesia
965 2400 1013 2438 sua
1036 2383 1132 2440 ιιι-354

58 2467 169 2521 stitutus
192 2481 291 2537 negare
314 2464 443 2521 uideatur.
474 2464 573 2521 Scribit
596 2466 683 2521 enim:
714 2458 745 2522 ἕν
766 2483 825 2521 τισι
849 2460 882 2521 δὲ
903 2457 1008 2533 τόποις
1030 2462 1081 2522 uui

58 2546 92 2607 ἓν
114 2553 179 2616 τοῖς
199 2543 336 2621 stipidum
360 2544 496 2618 συνάξεις
517 2546 711 2607 ἐπιτελοῦσιν.
743 2549 801 2605 Nou
825 2551 908 2623 igitur
929 2551 955 2606 in
979 2552 1079 2624 Cypro,

57 2652 90 2690 ac
114 2635 226 2707 proinde
248 2634 385 2690 verissima
409 2643 452 2689 est
473 2635 628 2691 coniectura
651 2644 759 2696 nostru.
787 2635 900 2709 Cyprios
921 2635 1082 2691 Alexandri-

58 2736 158 2775 norum
181 2736 283 2774 morem
306 2720 425 2775 imitatos
447 2736 517 2775 este.
547 2723 586 2776 ho
607 2736 669 2776 cum
691 2719 773 2793 paulo
788 2728 851 2775 aule
866 2701 1080 2776 demonstratoris

57 2805 105 2865 sit,
129 2804 366 2877 quadragesimalis
389 2805 480 2861 ieiunii
502 2815 626 2878 tempere
650 2805 723 2860 nulla
746 2805 773 2860 in
796 2805 879 2860 sacris
901 2805 1081 2861 conventibus

58 2888 196 2945 celebrata
219 2888 303 2945 luisse
325 2890 462 2962 mysteria,
485 2890 519 2945 de
541 2900 637 2964 quarta
660 2899 789 2963 sextaque
812 2890 876 2945 ieria
899 2890 968 2946 idem
997 2890 1080 2946 videri

56 2974 156 3048 possit,
190 2991 251 3029 eum
274 2974 300 3029 iu
323 2974 375 3030 illis
397 2974 510 3030 solenne
532 2992 668 3048 peraeque
691 2975 819 3030 ieiunium
839 2975 959 3031 extitisse
1018 2976 1083 3031 thor

58 3060 96 3115 sit
119 3058 294 3132 Epiphanius.
338 3059 392 3114 Sed
421 3076 456 3115 ne
479 3060 550 3114 istud
573 3076 774 3122 asseveremus.
799 3058 926 3132 prohibet
948 2992 1080 3133 intumis

60 3143 138 3207 illud,
161 3144 234 3216 quod
251 3136 269 3218 ἡ
286 3146 347 3200 τῶν
361 3138 631 3219 προσηγιιισμένων
646 3139 816 3219 λειτουργία
832 3144 882 3201 soli
899 3145 1082 3219 Quadragesi-

57 3245 121 3285 mae
143 3229 243 3284 ieiunio
265 3229 291 3284 iu
315 3229 450 3285 veteribus
474 3229 599 3285 Consiliis
622 3239 649 3285 et
664 3229 807 3302 liturgicis
825 3228 1002 3286 adscribatur.
1026 3233 1081 3285 hc-

57 3314 132 3371 ccdit
154 3323 181 3369 et
203 3314 396 3369 disertissimus
412 3314 568 3371 Tertulliani
589 3314 675 3379 locus,
699 3315 745 3388 qui
768 3314 794 3369 in
817 3312 864 3370 lib.
882 3315 916 3371 dc
931 3315 1004 3373 Orat.
1027 3315 1079 3371 sub

56 3399 142 3454 linem
164 3399 291 3460 ostendit,
314 3399 379 3471 ipsis
401 3401 547 3456 stationum
570 3399 674 3463 diebus,
698 3416 768 3475 quae
789 3399 856 3455 seria
878 3409 973 3473 quarta
989 3411 1081 3456 sexta-

57 3500 115 3557 que
137 3500 198 3538 cum
220 3483 325 3538 ieiuniis
348 3483 417 3538 obiri
440 3494 644 3549 consueverant,
669 3494 699 3540 ut
721 3485 802 3558 poulo
819 3494 881 3557 post
896 3485 1009 3549 dicetur,
1033 3503 1080 3540 ss-

58 3568 160 3625 crificia
183 3567 314 3624 celebrari
336 3584 367 3623 ac
384 3567 550 3624 liomiuicum
572 3586 672 3643 cerpus
688 3571 714 3625 in
730 3568 824 3625 fideles
839 3569 964 3625 distribui
980 3569 1079 3624 solere.

57 3654 205 3717 Similiter,
228 3653 324 3727 inquit,
348 3655 381 3707 de
397 3652 554 3708 Stationem
576 3656 674 3710 dicitu
695 3672 753 3710 uon
771 3660 875 3726 putant
886 3654 1016 3725 plerique
1030 3669 1081 3708 su·

58 3741 228 3812 crificinrum
255 3738 433 3793 orationihus
460 3739 712 3803 interveniendum,
742 3739 815 3810 quod
836 3738 921 3793 stolio
943 3739 1080 3793 setumdn

12 3824 15 3832 '
58 3827 95 3879 sit
125 3832 240 3896 eccepto
268 3839 386 3895 corpore
409 3822 530 3878 Homini,
573 3823 649 3895 Erpo
678 3826 806 3879 deuotum
827 3822 886 3877 lieo
915 3823 1079 3895 obsequium

58 3909 245 3964 Eucharistiu
266 3908 389 3972 resoluit,
413 3924 452 3963 un
472 3908 563 3979 inopis
577 3908 637 3964 Deo
659 3910 785 3979 oblipat?
813 3907 914 3963 Nonne
934 3908 1081 3964 solennior

59 3996 113 4049 erit
135 3995 220 4049 sintin
244 4003 303 4057 tun,
326 3995 352 4047 si
374 4002 399 4047 et
421 3994 460 4048 ud
481 4010 564 4048 urum
585 3994 639 4048 Dei
659 3994 791 4048 steteris?
821 3994 939 4064 Accepto
960 4008 1081 4065 corpore

60 4080 173 4134 Domini
196 4087 222 4133 et
244 4086 395 4143 reservato,
418 4086 559 4150 unusque
580 4080 690 4135 salsum
712 4087 760 4142 est,
785 4086 810 4132 et
829 4079 1016 4150 participatio
1030 4094 1078 4132 tu·

59 4165 160 4237 cripui
189 4171 215 4218 et
245 4164 371 4218 executio
399 4163 490 4233 offleii.
535 4164 586 4232 Qui
616 4163 693 4220 loeus
721 4162 802 4236 paulo
831 4178 846 4219 a
872 4162 951 4218 nobis
982 4171 1078 4237 postea

871 4259 924 4311 2⁰*
