2586 4822
430 831 718 884 snrnsuvrtsssonss.
1023 818 1083 883 raa

67 985 107 1043 io,
125 986 227 1043 hunam
252 987 308 1051 22.
343 987 396 1044 hoc
431 996 472 1043 est
500 987 598 1061 Aprilis
632 987 781 1045 secundum
813 987 883 1044 diem
911 987 1085 1046 diffuderunt.

58 1070 212 1129 -llonsentit
240 1080 269 1127 et
295 1072 436 1128 character
456 1071 519 1137 ille,
550 1088 631 1146 quem
654 1072 801 1146 Gregorius
823 1072 958 1146 adiungit:
987 1089 1086 1146 nempe

68 1165 159 1212 terrae
181 1164 284 1212 motum
306 1156 436 1212 accidisse
458 1156 535 1212 xvht
558 1156 615 1213 lial.
639 1159 740 1214 mensis
768 1157 870 1231 gariud,
901 1157 954 1213 hoc
976 1167 1018 1214 est
1039 1158 1087 1215 lu-

67 1241 108 1298 uti
133 1243 180 1305 14,
203 1241 269 1297 lenia
292 1245 319 1298 4.
351 1239 408 1296 lloc
430 1241 539 1297 omnino
561 1259 632 1297 anno
649 1242 746 1299 llhn'sti
764 1245 822 1300 590
846 1242 980 1298 convenit.
1010 1242 1087 1310 Quo-

66 1327 141 1383 circa
164 1325 327 1382 childeberti
350 1326 453 1398 primus
475 1325 535 1382 iniit
557 1344 628 1391 diruo
651 1326 750 1383 Christi
775 1331 851 1391 575,
881 1327 961 1383 natali
986 1326 1086 1384 Christi

65 1410 123 1466 die.
154 1410 230 1479 Quod
254 1420 281 1466 et
296 1410 327 1466 ll.
345 1411 375 1465 P.
391 1410 551 1466 Sirmoudus
574 1411 656 1469 certis
678 1411 828 1468 rationibus
850 1422 1018 1484 compertum
1035 1410 1086 1467 sibi

66 1511 131 1552 esse
159 1495 309 1552 coufirmat.
354 1495 512 1568 Quanquam
536 1496 606 1552 Solis
628 1497 754 1569 Eclipsim
777 1497 872 1553 eodem
895 1497 940 1553 illo
963 1515 1033 1553 auno
1055 1513 1087 1553 ac

67 1597 163 1636 mense
186 1581 281 1654 quinto
303 1581 437 1637 mediante
459 1582 606 1654 contigisse
629 1591 719 1638 narrat
734 1583 889 1655 Gregorius,
921 1582 994 1650 Quae
1010 1581 1085 1637 lunio

65 1667 221 1739 μεσοῦντι,
249 1681 320 1720 anno
348 1666 400 1721 isto
424 1676 580 1739 competere
603 1683 658 1722 uun
681 1667 783 1740 potnit,
814 1667 895 1740 Cyclo
916 1667 1033 1744 Nicacno
1057 1667 1085 1732 2,

66 1750 116 1825 qui
135 1750 200 1805 lunii
218 1752 236 1808 8
259 1759 301 1805 est
322 1749 484 1824 adscriptus.
515 1752 568 1807 Sed
592 1751 658 1808 haec
680 1769 730 1808 suo
752 1751 813 1808 loco
836 1751 987 1808 accuratius
1009 1751 1085 1808 vide-

66 1835 163 1891 rimus.
204 1834 243 1890 Ex
270 1834 399 1890 addendis
427 1836 662 1909 ρ.453-456.]
709 1837 831 1892 Fuerrmt
853 1846 880 1892 et
902 1836 946 1891 alii
969 1835 1127 1903 Quarta-88

67 1919 270 1976 decimanorum
293 1936 410 1975 errores.
440 1919 504 1976 Nam
528 1921 599 1976 inter
619 1921 670 1977 alia
692 1938 753 1976 cunr
769 1921 921 1978 Novatiauis
934 1921 1024 1993 lapsos
1039 1937 1087 1977 re-

64 2004 224 2078 pudiarunt,
247 2013 277 2060 nt
300 2005 384 2060 refert
399 2004 596 2070 Tlreodnretus,
620 2006 692 2080 quod
715 2006 749 2062 de
771 2006 836 2062 solis
851 2006 974 2061 Asiaticis
989 2006 1087 2061 asserit

64 2089 196 2145 Socrates
221 2091 247 2154 5,
265 2091 322 2154 21,
346 2089 392 2144 ubi
414 2091 448 2146 de
470 2094 523 2147 ritu
547 2090 700 2147 celebrandi
722 2091 876 2155 Pasclratis,
900 2090 988 2164 dequo
1008 2091 1087 2146 Asia-

65 2174 184 2230 ticorum
207 2190 238 2229 ac
260 2174 441 2230 llornanorum
464 2176 573 2233 dissidio
596 2175 719 2249 pluribus
742 2176 858 2232 disserit.

155 2259 258 2316 41911.
289 2249 334 2316 ὅτι
358 2255 581 2337 ἐπικατάρατος
601 2252 635 2327 ὃς
656 2252 691 2316 οὐ
713 2256 841 2336 ποιήσει]
875 2260 950 2316 llaud
972 2260 1029 2316 scio
1051 2277 1085 2315 an

63 2342 145 2400 locus
167 2343 218 2399 iste
241 2344 279 2399 sic
302 2361 446 2417 expressus
469 2346 572 2418 nspiani
594 2346 709 2418 legatur.

155 2430 215 2486 tao
231 2446 256 2484 a.
287 2423 381 2505 ἕτεροι
404 2424 437 2484 δὲ
459 2426 490 2497 ἐξ
512 2424 625 2501 αὐτῶν]
650 2430 784 2498 Quantum
808 2446 840 2484 ex
862 2429 894 2484 iis
916 2428 1004 2485 verbis
1027 2428 1087 2485 col-

65 2513 169 2586 ligitur,
193 2530 248 2569 uon
271 2513 358 2569 solum
382 2507 433 2569 dno
457 2532 487 2570 ac
509 2514 643 2570 constanti
666 2515 718 2577 die,
741 2514 793 2569 lroc
809 2522 850 2568 est
867 2513 921 2568 Vlll
935 2513 992 2568 llal.
1008 2512 1084 2570 llart.

65 2598 171 2655 Pascha
194 2597 369 2671 peragebant,
393 2616 485 2653 vorum
509 2599 588 2655 etiarn
613 2615 645 2654 eo
667 2598 727 2671 ipso
743 2598 785 2653 dic
802 2598 967 2660 ieiunabant‚
992 2607 1087 2653 contra

65 2692 187 2739 veterem
210 2683 346 2739 Ecclesiae
368 2683 464 2745 ritum,
488 2700 556 2756 quae
579 2676 606 2739 in'
629 2683 687 2755 ipso
710 2682 780 2738 leuto
803 2682 931 2739 ieiunium
954 2681 1087 2738 dissolve·

65 2766 129 2832 bat,
152 2776 185 2825 ut
206 2784 240 2825 ex
261 2767 380 2841 Epistola
402 2767 520 2840 Dionysii
542 2767 712 2824 Alexandrini
734 2776 849 2823 constat
894 2767 947 2823 Sed
970 2765 1086 2823 obscura

66 2862 133 2909 sunt
155 2869 224 2926 quae
246 2852 373 2926 deinceps
395 2852 562 2925 Epiphanius
585 2852 702 2917 disserit,
726 2869 814 2925 neque
827 2851 1086 2909 Tessarescaedeca-

33 2996 42 3014 ,
65 2940 179 2994 titarum
202 2936 355 3012 opinionem
379 2937 443 2994 satis
466 2937 574 3013 assequi
596 2953 751 3011 possumus.
794 2937 858 2992 Cum
883 2935 953 2993 enim
976 2936 1085 2992 scribit:

65 3016 119 3079 stoi
141 3017 173 3079 ἓν
194 3017 289 3100 ἐκείνῃ
312 3024 350 3099 τῇ
370 3015 469 3101 ἡμέρα
490 3014 655 3094 βούλονται
679 3013 761 3097 ἄγειν
782 3015 817 3078 τὸ
839 3014 971 3094 Πάσχα,
995 3012 1087 3102 ὁποίᾳ

63 3097 98 3163 δ’.
117 3099 158 3163 ἂν
179 3099 292 3184 ἐμπέσῃ
313 3100 332 3181 ἦ
355 3098 665 3184 τεσσαρεσκαιδεκάτη
692 3108 746 3181 τῆς
767 3099 907 3181 σελήνης,
938 3106 990 3161 hoc
1011 3104 1087 3161 alliu·

64 3208 142 3248 mare
165 3191 284 3254 videtur,
313 3191 469 3248 llaereticos
492 3191 552 3251 illos
575 3200 650 3248 certo
672 3208 704 3247 ac
726 3191 778 3248 lino
802 3191 858 3255 die,
883 3189 1008 3246 nimirum
1031 3190 1086 3247 Vlll

63 3275 126 3333 llal.
148 3276 215 3349 Aps.
237 3275 349 3333 solenne
364 3277 502 3333 Paschatis
525 3276 709 3341 adstrinxisse,
733 3293 845 3332 securos
867 3276 947 3331 lunae
968 3279 1015 3333 14.
1038 3275 1087 3333 Cui

61 3371 157 3418 urueu
184 3376 254 3433 quae
276 3370 429 3435 sequuntur
451 3361 574 3417 nonnihil
595 3372 756 3434 repugnant.
787 3360 900 3417 Sublicit
922 3359 993 3416 eninr
1016 3358 1088 3433 Cap-

64 3445 185 3520 padoces
208 3445 320 3502 eandem
343 3446 412 3501 diem
430 3445 484 3502 Vlll
500 3445 558 3502 liul.
575 3449 638 3519 hpr.
661 3444 809 3509 celebrare,
833 3444 905 3517 quod
928 3462 943 3500 a
965 3445 1086 3518 priorum

62 3530 194 3587 instituto
217 3529 283 3586 nihil
305 3530 448 3602 discrepat.
472 3541 500 3586 et
522 3541 611 3587 tamen
634 3531 772 3604 posterius
787 3530 840 3586 lroc
856 3540 983 3603 tanquam
998 3529 1089 3586 ‹liver-

61 3631 128 3674 srrm
151 3631 183 3671 ac
205 3613 295 3687 dispar
317 3615 415 3671 attulit.
446 3616 626 3683 Quamobrem
649 3615 790 3671 videndum
806 3614 902 3687 ecquid
919 3615 1023 3688 priores
1039 3613 1087 3679 illi,

59 3702 113 3775 qui
138 3699 256 3756 endctis
272 3699 348 3755 l‘ilati
372 3710 477 3757 certum
499 3717 530 3756 se
552 3700 621 3756 diem
644 3698 799 3772 explorasse
822 3699 952 3763 dicerent,
981 3701 1015 3756 14
1032 3699 1088 3757 bu-

65 3803 129 3842 uam
151 3783 363 3848 observaverint,
386 3786 453 3841 adeo
476 3785 585 3858 quidem
607 3793 638 3841 ut
661 3785 726 3842 haec
748 3785 781 3839 de
804 3783 859 3838 Vlll
882 3782 940 3840 lial.
963 3783 1089 3857 interpo-

63 3872 120 3929 sita
141 3870 244 3925 mentio
266 3869 333 3925 nihil
355 3871 381 3925 in
407 3873 444 3928 14
468 3870 558 3925 Lunae
580 3870 684 3925 ratione
705 3877 839 3923 mutatum
862 3867 1009 3940 significet.
1040 3867 1088 3925 sed

62 3970 294 4029 supervacaneam
317 3947 534 4030 ἀκριβολογίαν
555 3954 700 4011 contineat.
744 3951 813 4008 Fieri
836 3953 915 4008 etiam
939 3961 1030 4026 potest
1058 3960 1089 4008 ut

70 4044 105 4098 14
132 4040 234 4095 hunam
258 4055 318 4097 eant
339 4041 371 4094 ad
395 4039 532 4094 Pasclratis
555 4037 739 4095 celebritatem
762 4036 922 4110 delegerint,
946 4055 1015 4110 quae
1032 4037 1087 4097 Vlll

62 4124 126 4182 llal.
149 4125 215 4198 Apr.
239 4123 351 4184 vicinior
372 4133 460 4187 esset,
489 4131 516 4179 at
540 4122 710 4197 Cappadoces
734 4121 805 4178 illam
828 4122 911 4195 ipsam
935 4122 962 4178 in
984 4121 1087 4180 loliano

119 4217 263 4273 tptphsutus.
281 4215 305 4259 1.
919 4219 935 4272 9
