2586 4822
63 39 1261 307 u

334 850 418 901 or:
433 850 585 905 ususums
603 852 640 905 ur
658 851 855 905 muniturus.
953 868 958 877 ·
1064 816 1158 901 ttu¹

109 1024 172 1064 iero
195 1005 275 1063 indes
298 1023 397 1064 aureos
419 1024 480 1064 osse
501 1024 637 1072 nummos,
660 1009 721 1082 quis
744 1008 850 1065 taudem
871 1007 1052 1082 persuadenti
1073 1009 1129 1067 Ne-

110 1109 160 1166 que
183 1093 258 1149 onim
280 1092 424 1149 uerisimile
446 1101 488 1149 est
511 1102 586 1149 tauto
608 1093 737 1150 maiorem
760 1094 819 1149 auri
833 1093 1010 1167 quantitatem
1026 1093 1053 1150 iu
1070 1096 1129 1151 cdi-

111 1179 196 1234 tiones
219 1194 301 1252 qunm
324 1178 429 1251 argenti
452 1177 492 1234 vei
515 1179 694 1251 insumptam,
718 1177 759 1234 vet
781 1195 939 1235 concessam
962 1179 1054 1237 tuisse.
1095 1184 1130 1237 tt

112 1262 292 1326 intuitum,
321 1263 345 1319 si
365 1263 441 1318 aurei
463 1263 566 1319 nummi
588 1272 668 1328 sunt,
697 1263 792 1328 miliia,
822 1273 970 1338 utcumque
992 1264 1025 1320 ad
1046 1264 1129 1322 libras

112 1348 282 1422 redigantur,
313 1348 429 1404 immane
457 1358 588 1420 quantum
610 1357 799 1422 argentomum
823 1366 965 1405 numerum
988 1351 1128 1407 excedant.

113 1433 178 1507 irgo
207 1432 286 1489 [odes
316 1434 376 1491 istic
397 1434 471 1489 aerei
493 1435 611 1498 nummi,
640 1433 696 1489 sive
717 1433 869 1491 iollaernles
891 1434 1028 1498 uidentur.
1058 1453 1128 1508 quos

114 1517 243 1592 iamprid.
265 1518 293 1575 in
314 1517 460 1591 diagahaio
483 1518 560 1575 solies
582 1519 652 1575 aeris
674 1517 800 1592 appellat.
831 1518 986 1575 Cuiusmodi
1008 1519 1129 1576 minutae

115 1603 214 1677 species
243 1611 272 1659 et
299 1619 394 1660 aereae
416 1620 478 1661 cum
500 1603 637 1676 argenteis
660 1612 687 1659 et
709 1604 799 1660 aurcis
821 1604 986 1661 coniunctim
1006 1621 1037 1660 ut
1058 1605 1129 1661 saln—

116 1691 175 1744 uum
199 1687 320 1744 ducibus
349 1688 505 1744 nominatim
536 1698 638 1745 innume
666 1687 796 1762 leguntur
823 1689 894 1762 apud
919 1693 1058 1763 Augustae
1080 1689 1128 1745 tu-

117 1774 208 1830 storiae
237 1773 396 1846 scriptores.
441 1773 480 1830 tta
503 1782 612 1830 centurn
635 1773 707 1829 acrei
729 1773 818 1830 diurni
841 1775 913 1846 apud
936 1774 1078 1847 Vopiscum
1100 1775 1127 1831 iu

118 1859 271 1921 turciiauo,
305 1875 446 1915 aureorum
476 1857 678 1932 Philippeorum
706 1875 796 1915 annua
826 1859 919 1915 ‹icccm
947 1859 1029 1915 miliia
1057 1859 1129 1933 apud

119 1944 224 2000 eundem
248 1943 276 1999 iu
299 1943 399 1999 Probo.
429 1944 505 2001 doris
528 1941 567 2006 HS
590 1944 680 2000 docies
703 1944 728 2001 in
752 1944 869 2000 Bonoso.

194 2029 337 2084 Postremo
360 2028 431 2102 Lege
451 2030 484 2086 tt
513 2029 547 2086 de
563 2029 652 2085 Praei.
675 2028 779 2085 Initium
800 2028 880 2102 plane
903 2029 1005 2085 diversa
1029 2038 1058 2084 et
1078 2028 1129 2084 ab·

120 2114 224 2170 torrens
247 2112 281 2169 ab
304 2113 377 2170 omni
400 2129 573 2170 nummorum
595 2131 698 2188 genere
720 2113 880 2188 significatio
903 2123 954 2170 cst.
995 2113 1034 2168 iiii
1056 2114 1129 2171 enim

114 2185 242 2272 'triplicem
265 2197 399 2255 Senatorii
427 2198 530 2256 ordinis
555 2202 668 2273 gradum
691 2199 835 2264 disceruit,
865 2216 915 2271 pro
936 2198 1041 2255 diversa
1062 2217 1130 2272 pro-

120 2282 235 2349 tenone,
261 2284 287 2338 in
309 2300 391 2357 quum
413 2283 457 2339 alii
479 2284 548 2340 duos
571 2283 658 2349 solies,
682 2283 725 2340 alii
740 2292 866 2357 quotuor,
889 2283 933 2340 uiii
949 2284 1063 2356 amplius
1079 2285 1130 2340 ira-

120 2367 218 2426 utana.
264 2368 348 2424 Foliis
371 2386 435 2425 vero
458 2386 513 2426 non
534 2386 586 2443 pro
608 2386 734 2434 nummo,
764 2370 811 2426 sed
835 2386 884 2442 pro
907 2385 1011 2425 cunone
1035 2368 1129 2425 tributi

120 2469 141 2510 u
165 2453 359 2528 praestationis
386 2455 519 2518 sumitur,
548 2455 594 2528 qui
623 2471 638 2510 a
661 2454 839 2511 Senatoribus
861 2471 911 2527 pro
934 2453 1067 2527 cuiusque
1090 2454 1130 2509 ia-

120 2539 208 2596 ttltate
235 2555 270 2595 ac
296 2539 428 2611 dignitate
449 2538 555 2596 soiebat
576 2540 661 2612 exigi,
691 2532 769 2594 κατὰ
799 2533 854 2614 τὴν
885 2530 974 2606 ἀξίαν
1003 2534 1052 2594 καὶ
1075 2533 1130 2610 τὴν

119 2615 264 2701 ἀπορίαν,
286 2633 318 2680 ut
339 2623 452 2681 Glossae
473 2625 633 2699 loquuntur.
667 2624 798 2693 Quocirca
821 2624 888 2678 nihii
910 2623 1042 2679 hactenus
1063 2623 1130 2679 aila-

119 2716 163 2767 inm
191 2707 288 2773 video,
322 2709 397 2783 quod
417 2709 493 2765 aurei
515 2710 618 2767 nummi
640 2726 728 2783 gouus
750 2709 833 2765 [uisse
855 2706 946 2764 follem
968 2718 1129 2780 argumento

118 2809 166 2851 use
195 2795 301 2868 possit,
330 2793 379 2850 sod
401 2793 442 2851 vei
464 2794 522 2850 auri
550 2793 711 2867 argentique
734 2810 876 2857 summam,
907 2792 949 2849 vsi
970 2803 1130 2867 argenteum

118 2891 178 2938 rute
202 2894 356 2943 nummum,
381 2888 428 2935 aut
449 2895 569 2935 acreum.

116 3231 146 3292 id
167 3232 368 3293 motmunt
390 3232 585 3299 ΑΜΕΝΊῈΟ,
615 3233 704 3304 Quoto
726 3232 812 3291 PARS
835 3231 953 3290 sottus
977 3232 1182 3296 VIDETUR.436

184 3395 347 3461 Antequam
368 3386 402 3443 de
417 3386 493 3444 rous
514 3397 645 3459 argenteo
668 3387 737 3444 certi
758 3385 857 3459 aliquid
873 3396 994 3451 eruatur,
1018 3403 1131 3449 neccsse

115 3486 144 3533 tit
168 3477 208 3535 de
237 3472 404 3536 miliueuai,
433 3471 508 3545 quod
536 3464 858 3549 ‹ipyopordipiphnnius
881 3472 1017 3536 nominat,
1046 3487 1131 3545 panca

115 3560 238 3630 pandam
262 3558 448 3632 praemittere.
473 3558 601 3632 quoniam
625 3575 657 3615 ex
679 3574 713 3614 eo
735 3574 909 3614 nummorum
931 3573 1032 3631 genere
1055 3573 1132 3613 com·

114 3647 165 3714 runi
188 3643 287 3701 todem
309 3643 380 3699 idern
403 3641 449 3699 ilie
472 3642 605 3701 affirmare
627 3643 742 3701 videtur.
772 3642 950 3701 iiiliuronsern
973 3651 1131 3714 argenteum

113 3726 187 3787 tusus
212 3744 367 3792 nummum.
389 3743 445 3784 nou
460 3744 585 3792 aureum,
608 3727 726 3787 declarat
737 3726 845 3784 Novella
860 3728 1000 3785 iustiniani
1020 3728 1087 3791 105,
1104 3727 1130 3783 in

113 3828 153 3884 qna
175 3811 401 3894 Qubus,
430 3814 591 3886 pransurum
620 3814 695 3870 Coss.
719 3813 884 3887 profusionis
913 3812 1023 3868 modum
1050 3827 1131 3884 prae-

113 3899 209 3963 snitiit,
232 3905 363 3972 rotatque
384 3913 511 3954 nummos
533 3915 632 3955 aurens
654 3914 798 3975 spargere,
821 3906 966 3971 argenteos
988 3895 1129 3969 permittit

114 3976 139 4038 d
164 3976 233 4058 μὴν
254 3976 389 4057 χρυσίον
414 3973 532 4059 ῥίπτειν
558 3979 693 4061 ἐφίεμεν,
723 3975 758 4039 οὐ
780 3977 962 4058 μικροτέρου
986 3974 1081 4049 τινὸς,
1110 3973 1129 4052 ἢ

114 4062 243 4139 μείζονος
263 4056 356 4137 ὅλως,
376 4059 397 4141 ἢ
419 4060 517 4140 μέσον
535 4059 746 4144 χαράγματος,
767 4059 787 4143 ἢ
809 4066 966 4139 σταθμοῦ,
989 4057 1054 4121 ἀλλ’
1072 4058 1131 4139 cip-

114 4144 198 4230 yipuu
222 4143 383 4228 (adriano
405 4142 541 4220 doissac
560 4145 713 4230 ipdqprn)
726 4144 830 4225 privor.
861 4146 895 4210 τὸ
909 4144 966 4225 μὲν
979 4143 1039 4227 ydp
1050 4168 1131 4229 χρυ-

943 4249 979 4300 81
