2586 4822
593 365 600 375 ι

682 517 689 550 l

174 760 234 825 tot
465 826 469 835 ,
617 772 743 823 rocornr

170 931 320 990 haberetur
346 928 428 992 ores.
458 928 580 985 [ortensis
603 937 631 985 et
652 927 704 984 illis
725 942 837 1000 quoque
859 925 1055 1000 proiciendum
1077 942 1140 984 esse
1161 928 1190 987 is

73 1055 87 1076 .
171 1014 398 1092 disputationibus
426 1022 520 1070 contra
542 1013 694 1070 haereticos
716 1011 888 1068 credebatur.
932 1011 1003 1068 llaec
1025 1022 1118 1069 auteur
1139 1014 1190 1070 arl-

171 1117 269 1159 mooeo
299 1117 353 1156 non
377 1099 541 1155 inconsulto.
581 1097 641 1154 lion
663 1097 779 1154 deerunt
801 1098 828 1153 in
851 1106 992 1152 auctorum
1015 1114 1125 1155 errores
1146 1099 1192 1155 in·

171 1188 312 1262 quirentes
335 1185 467 1246 homines,
491 1200 546 1239 non
568 1191 601 1239 ut
620 1191 740 1253 careant.
763 1182 811 1238 sed
832 1190 865 1237 ut
879 1182 1041 1255 vituperent,
1066 1184 1191 1240 homines

171 1271 305 1344 vaniloqui
328 1279 354 1325 et
378 1267 562 1325 maledicendo
586 1269 681 1323 lauram
704 1277 731 1323 et
753 1267 865 1341 gratiam
884 1267 1035 1324 otiosorum
1050 1284 1192 1342 aucupan-

173 1366 230 1419 tes,
259 1355 306 1430 qni
329 1354 427 1410 librum
450 1354 537 1418 hunc,
564 1353 707 1426 Epiphanii
729 1352 838 1407 nornine
861 1352 968 1414 audito,
998 1362 1190 1421 coetennant3

172 1459 275 1503 veruto,
298 1441 321 1494 si
344 1449 417 1495 recte
440 1438 633 1502 existimemus,
656 1437 776 1511 peccavit
798 1453 864 1493 sane
886 1454 940 1492 noa
963 1438 1047 1494 semel
1063 1438 1090 1493 in
1106 1440 1192 1495 chro-

173 1525 305 1599 nologicis
320 1523 494 1598 Epiphanius,
518 1532 542 1579 et
567 1522 701 1579 interdurn
724 1522 813 1578 minus
835 1521 917 1578 certis
931 1522 1132 1579 narrationibus
1147 1524 1193 1579 ni-

172 1611 225 1668 mis
246 1610 313 1675 lidit,
336 1618 426 1665 tamen
448 1609 525 1672 haec,
548 1606 684 1682 aquibus
707 1606 763 1663 lere
785 1622 866 1663 neruo
888 1623 985 1680 erpere
1007 1609 1120 1664 omnino
1141 1608 1193 1667 luit

174 1713 206 1754 ex
228 1695 260 1751 iis
283 1693 451 1768 praesertim,
474 1693 521 1767 qui
543 1692 627 1750 multa
648 1692 832 1766 scripserunt,
856 1692 916 1748 eius
937 1692 1143 1749 existimationis
1165 1703 1195 1750 at

174 1780 342 1838 auctoritatis
365 1778 511 1854 quidquam
532 1777 677 1834 detrahere
699 1777 809 1832 minime
832 1777 928 1840 valent,
952 1785 980 1833 et
1003 1778 1136 1834 fateamur
1150 1780 1196 1835 ui·

175 1865 320 1922 lailosecins
343 1872 468 1938 oportet,
491 1863 550 1918 eius
572 1863 671 1935 scripta
693 1871 813 1919 veterum
836 1871 1074 1918 tornamentorum
1098 1863 1195 1921 Eccle-

176 1952 232 2006 siae
254 1950 370 2005 fodinam
394 1965 465 2012 csse,
488 1956 519 2003 ut
540 1947 575 2002 ita
599 1947 702 2020 loquar,
725 1946 975 2020 locupletissimam,
998 1957 1026 2004 et
1049 1947 1128 2021 plane
1150 1949 1196 2004 di·

176 2052 266 2109 gnam,
290 2043 320 2089 ut
342 2050 437 2088 eorum
460 2040 555 2095 auctor
576 2034 654 2104 npnd
669 2031 794 2088 Graecos
815 2032 891 2087 inter
903 2048 1019 2103 ruopnos
1034 2032 1193 2098 haberetur,

177 2128 208 2176 ut
229 2119 338 2192 quidem
361 2116 521 2180 habebatur,
544 2116 852 2190 relerentchugustino
875 2117 901 2172 in
923 2116 993 2173 lihro
1012 2116 1053 2172 ue
1066 2118 1195 2174 hoereti-

177 2206 228 2260 has
251 2205 290 2258 nd
306 2201 528 2271 Quodcutltderrm
550 2201 624 2257 haer.
641 2205 690 2265 bl,
711 2211 741 2259 et
763 2218 880 2275 qnorum
903 2203 996 2275 pigere
1017 2203 1128 2258 minime
1145 2204 1196 2260 do·

110 2288 267 2344 attribuerit
290 2288 373 2342 virum
399 2285 544 2349 llebrairis,
568 2285 699 2360 Syriacis.
724 2287 846 2349 limeris,
878 2287 980 2342 latinis
1000 2289 1196 2362 Aegyptiisque

176 2374 274 2431 litteris
296 2372 441 2436 eruditum,
464 2371 550 2445 qualis
573 2380 631 2427 erat
647 2371 821 2445 Epiphanius,
843 2370 945 2428 idcirco
967 2366 1197 2447 nrrrdyinoraor

176 2460 211 2516 ab
233 2458 396 2532 iheronymo
419 2457 557 2530 praeclare
579 2456 668 2513 dictus
690 2457 716 2513 irr
738 2456 843 2530 Apoll
869 2459 935 2512 nde.
958 2457 1095 2531 Rufinum.

627 2628 655 2697 d.
679 2625 748 2682 thr.-

263 2746 304 2801 De
326 2747 399 2802 notis
422 2746 539 2802 adiectis
561 2749 600 2801 nd
621 2746 723 2801 libr-usn
744 2742 902 2819 Epiphanit'
923 2744 961 2801 lle
983 2744 1107 2829 gemmis.

264 2881 312 2937 list
332 2890 421 2936 autern
445 2897 517 2936 nnnc
539 2898 554 2936 a
569 2881 630 2937 loco
645 2881 754 2936 minime
769 2880 886 2937 alienurn
901 2889 930 2936 et
944 2881 978 2937 dc
993 2880 1060 2936 meis
1075 2880 1200 2937 animad-

179 2964 348 3026 versionibus
372 2966 397 3020 iu
419 2963 519 3020 librum
534 2964 675 3038 Epiphauii
697 2982 781 3039 pauca
803 2966 905 3022 dicem
934 2965 984 3021 llas
1006 2965 1090 3038 igitur
1110 2964 1200 3040 adpo·-

179 3051 233 3115 sui,
255 3066 322 3125 quas
344 3058 391 3104 aut
413 3049 589 3113 necessarias,
611 3059 659 3105 aut
679 3049 796 3106 nultum
819 3050 899 3107 utiles
921 3053 955 3107 ad
976 3051 1139 3106 sententiam
1153 3051 1200 3107 irr-

180 3134 351 3209 telligendam
371 3142 445 3189 ratus
460 3150 530 3199 sum,
554 3144 600 3191 aut
615 3135 710 3191 saltem
726 3135 832 3192 futuras
846 3152 900 3193 non
916 3135 1044 3217 ingratas,
1068 3135 1109 3191 vel
1125 3135 1199 3210 quod

179 3221 208 3276 irr
230 3221 269 3277 eis
291 3219 431 3292 antiquum
446 3218 579 3292 aliquem,
602 3229 649 3276 ant
670 3229 807 3276 recentem
830 3221 992 3294 scriptorem
1014 3221 1198 3284 emendarem,

179 3303 220 3361 rel
247 3303 323 3379 quod
349 3304 454 3378 aliquid.
477 3304 530 3362 rari
558 3305 598 3361 eis
626 3305 790 3362 interserere
816 3304 962 3379 contigerit
984 3312 1032 3360 aut
1052 3322 1067 3360 rr
1090 3305 1200 3362 nemius

179 3389 242 3452 alio,
258 3388 333 3462 quod
347 3388 453 3452 scirem,
470 3389 536 3445 satis
550 3389 704 3459 luculenter
719 3398 921 3462 pertractatus.
951 3389 1094 3445 Caeterum
1111 3390 1199 3447 multo

179 3472 290 3548 quidem
318 3473 410 3547 plures
436 3473 534 3531 ailerre
560 3466 726 3549 potuissem,
755 3478 779 3531 si
804 3475 840 3530 de
861 3473 1014 3538 coloribus,
1043 3474 1199 3547 speciebus,

181 3559 251 3616 veris
278 3558 403 3631 detisque
431 3559 575 3617 virtutibus
596 3561 792 3633 cuiuscumque
813 3559 910 3634 lapidis
932 3559 1014 3617 etde
1036 3559 1094 3615 aliis
1117 3559 1200 3615 huius

181 3645 290 3718 perieris
312 3641 394 3699 rebus
416 3644 552 3700 disserere
566 3644 721 3705 voluissem,
743 3644 791 3699 reri
805 3643 925 3701 abstinui
939 3644 1077 3707 censebo,
1099 3661 1135 3700 ne
1149 3660 1203 3700 aa·

181 3745 374 3805 perracanearu
397 3745 453 3784 rem
475 3730 581 3799 iecisse,
604 3740 633 3786 et
655 3746 690 3786 rre
712 3730 876 3803 hypocrisim
898 3729 1041 3803 quanrdan
1059 3729 1200 3794 scient'ns,

180 3831 244 3871 enm
267 3823 355 3870 tamen
378 3813 467 3868 omnis
487 3814 679 3871 miserationis
701 3815 820 3886 suspirio
842 3815 962 3888 ingenuo
983 3819 1082 3888 cuique
1097 3813 1202 3870 homini

181 3898 286 3955 ritsrrrla
308 3901 353 3961 sit,
375 3897 517 3954 adecussc
534 3898 657 3956 rs'dsrer:
680 3899 783 3956 scilicet
798 3899 940 3972 lipitnrnerr
961 3899 1022 3956 libri
1037 3899 1120 3954 huius
1135 3899 1203 3972 Epi·

182 3984 273 4058 pharii
296 3982 445 4041 doctissimi
469 3983 522 4040 iarn
542 3983 591 4039 siri
614 3985 799 4046 illustrarunt,
829 3985 968 4041 Comedus
991 3986 1129 4043 ueneror
1150 3999 1205 4041 co·

182 4068 292 4126 sudario
313 4077 377 4143 post
399 4084 458 4143 ep
480 4067 580 4134 adrlite,
598 4077 631 4126 et
652 4069 803 4126 mittimus
827 4068 943 4142 llillerus
965 4071 1105 4143 perpetuis
1126 4068 1202 4125 notis
