2586 4822
375 850 376 854 κ
420 820 711 875 tutatoreastouts.
1015 802 1078 872 tlt

48 979 111 1035 im
132 978 305 1053 proponitur.
339 981 350 1036 t
378 977 474 1044 Sados,
505 979 696 1043 thelnimaas,
728 978 885 1043 threnas,
909 981 928 1039 t
951 979 1079 1042 lohanan,

49 1066 81 1121 ,5
102 1064 220 1129 ituriae,
243 1065 263 1120 e
286 1064 416 1129 hmarias,
441 1069 456 1123 t
480 1063 608 1131 dehitob,
632 1062 763 1128 suntor,
787 1062 935 1129 asellum,
962 1066 1000 1122 te
1014 1062 1082 1121 llal·

50 1149 124 1213 etas,
158 1152 190 1205 tt
216 1148 333 1213 Ananias,
367 1150 404 1207 tt
427 1149 541 1213 Samias,
574 1150 612 1208 ta
636 1149 756 1206 losedee.
795 1148 886 1204 Fuerit
909 1149 992 1222 igitur
1013 1151 1132 1206 han-221

56 1234 114 1290 rias
142 1233 213 1290 idem
241 1250 273 1290 ae
295 1234 416 1299 loiadas,
445 1234 518 1309 quod
542 1235 688 1291 nonnullos
711 1234 857 1291 arbitratos
880 1250 943 1290 esse
966 1243 1083 1290 testatur

54 1317 141 1375 Alrul.
164 1321 191 1375 in
216 1320 290 1375 hinne
318 1319 408 1376 locutu
431 1319 500 1378 lihl
527 1320 642 1394 Paralip.
687 1310 758 1376 Saue
788 1319 937 1393 pertricosa
966 1335 1011 1376 res
1040 1327 1083 1376 est

57 1405 222 1460 ludaeorum
237 1404 399 1461 Pontillcum
422 1406 570 1467 successio,
594 1421 710 1478 quorum
727 1405 835 1460 uomina
851 1403 922 1477 apud
937 1405 1083 1478 losephunt

51 1488 94 1545 ah
116 1489 158 1551 iia,
181 1490 300 1563 quaein
323 1489 370 1544 tto.
394 1490 507 1565 Paralip.
531 1489 684 1553 traduntur,
707 1489 888 1546 diversissima
911 1498 984 1546 suut.
1029 1488 1084 1545 En-

50 1574 226 1648 peditissirna
249 1574 408 1631 conciliandi
432 1577 500 1631 ratio
524 1585 575 1638 est,
599 1585 630 1630 ut
652 1573 956 1650 plerosquemultipliei
972 1575 1083 1632 nemine

51 1659 197 1734 praeditos
220 1660 393 1716 ullirmentus.
426 1659 568 1716 Caeterum
590 1659 617 1715 in
643 1660 810 1716 sacerdotati
827 1658 900 1715 Elias
922 1675 953 1716 ac
976 1658 1081 1716 loiadae

53 1745 145 1817 stirpe
174 1746 243 1801 datos
270 1746 451 1818 praetermisit
479 1745 660 1818 Epiphanius:
691 1761 751 1800 nam
774 1745 879 1809 haiam,
910 1745 956 1817 qui
986 1753 1028 1802 est
1055 1745 1083 1800 iu

54 1830 200 1902 Scriptura
223 1830 279 1893 Oai,
308 1830 391 1885 lilium
414 1830 497 1885 luisse
520 1831 636 1885 Phinees
659 1831 755 1895 tradit,
780 1846 841 1886 eum
864 1828 922 1885 eius
944 1844 1083 1905 pronepos

56 1915 152 1970 luerit.
184 1915 280 1970 limisit
302 1915 372 1970 enim
395 1915 496 1971 Aliisne
519 1923 546 1970 et
568 1915 658 1970 Boeci.

52 2030 56 2035 -
148 1999 250 2057 ttttd.
281 1991 300 2074 ἢ
328 1992 423 2072 μόνον
452 1995 482 2056 ἓν
509 2003 577 2066 ταῖς
597 1992 897 2076 Παραλαπομίναας]
943 1999 981 2055 lle
1010 1997 1083 2055 Elias

53 2085 146 2159 stirpe
167 2086 194 2140 in
210 2084 371 2158 paralipom.
394 2084 468 2140 libris
492 2085 564 2158 qnod
587 2085 669 2140 sciam
685 2083 798 2140 verbum
814 2083 927 2140 nullum.
956 2084 1084 2158 Alioquin

56 2169 167 2226 sublata
189 2170 276 2225 curnis
299 2179 373 2226 esset
393 2169 437 2226 illa
460 2170 493 2225 de
515 2169 587 2226 Eliae
609 2170 742 2243 quaestio,
766 2170 789 2225 si
811 2169 845 2226 de
868 2187 920 2243 qua
945 2170 1018 2225 tribu
1034 2184 1085 2225 na*

53 2265 107 2311 tus
129 2265 211 2319 esset,
235 2255 275 2310 vel
298 2255 431 2310 letissime
454 2256 626 2330 significaret.

147 2342 208 2398 472
225 2356 249 2395 e.
279 2335 470 2415 Σαμαρεῖται
498 2334 554 2412 μὲν
581 2334 640 2416 γὰρ
667 2339 788 2412 τοῦτον]
834 2340 873 2395 lta
895 2341 1015 2396 sensisse
1037 2339 1113 2394 lu··
1192 2375 1196 2391 .

55 2425 144 2482 daeos
167 2425 285 2481 declarat
308 2425 417 2480 llieron.
442 2424 474 2479 ad
496 2425 641 2498 Euagrium
665 2425 750 2497 Epist.
764 2427 820 2482 126
845 2433 872 2480 et
896 2442 928 2481 en
949 2423 1084 2481 llidrasch

56 2511 150 2584 Agada
172 2511 253 2566 docet
274 2509 305 2564 ll.
329 2509 457 2565 Selemuh
481 2510 507 2565 in
534 2513 569 2567 tt
595 2511 662 2566 Gen.
686 2526 813 2565 necnon
837 2517 865 2564 et
885 2509 962 2565 hben
985 2509 1082 2564 lleara.

58 2595 115 2651 Nec
149 2594 259 2651 dulium
289 2603 331 2649 est
353 2595 418 2667 quin
441 2612 472 2649 en
495 2594 680 2650 Hebraeorum
703 2603 731 2650 et
751 2594 909 2650 latinorum
931 2593 1083 2649 rationibus

56 2689 212 2753 congruant
236 2690 366 2753 tempora.
403 2679 468 2734 llam
490 2678 643 2734 Abrahamo
667 2679 813 2751 supervixit
836 2678 1008 2734 Semanous
1033 2679 1085 2735 35.

57 2769 95 2824 tlt
118 2782 150 2821 es
168 2765 394 2821 iumentorum
417 2765 534 2820 editione
557 2780 728 2837 nequaquam
751 2766 932 2829 conveniunt,
956 2771 987 2819 ut
1008 2772 1086 2819 recta

55 2850 164 2923 colligit
186 2849 361 2923 Epiphanius.
392 2849 490 2905 Verum
513 2849 547 2906 de
570 2850 620 2905 hae
642 2848 812 2914 ludaeorum,
836 2858 883 2904 aut
898 2847 1087 2905 Samaritanod

56 2952 121 2992 rum
150 2933 294 3008 opinione,
325 2950 356 2989 ae
384 2936 497 2990 caeteris
525 2935 559 2989 de
582 2934 777 2991 llelehisedeeo
800 2943 921 2991 veterum
944 2931 1086 2990 erroribus
1135 2938 1136 2943 ’

56 3018 185 3094 pluribus
208 3019 262 3091 agit
280 3017 389 3074 llieren.
413 3019 474 3075 luco
497 3021 595 3086 citato;
620 3019 806 3093 copiosissime
827 3035 891 3076 vero
914 3019 1084 3075 recentiores

55 3118 199 3161 morarum
221 3104 360 3159 literarum
384 3105 549 3178 interpretes
573 3113 600 3161 et
623 3104 804 3178 chronologi,
834 3114 865 3161 ut
888 3104 1032 3161 eo'miuus
1055 3104 1085 3161 in

56 3190 110 3247 hae
133 3189 293 3262 quaestione
318 3191 479 3246 commorari
502 3206 615 3247 neeesse
638 3190 682 3245 sit.

145 3263 195 3330 ὅτε
217 3264 274 3348 γὰρ
292 3266 436 3348 Ἀβραὰμ
455 3268 600 3352 ὑπῆρχεν]
631 3273 725 3330 Falsus
749 3281 791 3329 est
812 3272 916 3347 aliquot
937 3273 1013 3329 aunis
1029 3290 1084 3329 nu·

56 3374 154 3416 merus
175 3358 236 3414 iste.
269 3358 333 3413 Nam
355 3369 387 3414 ut
409 3377 440 3414 ex
460 3359 557 3415 lienes.
581 3361 653 3416 citt
678 3366 795 3421 constat,
820 3359 859 3416 85
882 3359 1011 3415 duntaxat
1032 3374 1085 3426 an·

57 3461 159 3501 uorum
182 3453 241 3500 erat
256 3443 403 3500 hhraumns
427 3461 487 3499 cum
503 3447 573 3517 Agar
595 3444 718 3499 ancillam
740 3443 824 3506 duxit,
848 3443 922 3518 quud
945 3443 1082 3518 posterius

55 3539 103 3587 est
127 3529 297 3602 expeditione
319 3528 362 3584 illa
386 3538 481 3584 contra
503 3545 582 3601 reges
606 3532 634 3585 t.

147 3616 208 3672 tta
225 3616 252 3670 tl.
282 3609 332 3668 troi
355 3607 495 3685 ἐξέβαλεν
517 3606 602 3691 αὐτῷ
625 3604 731 3687 ἄρτον]
775 3611 907 3686 Egregius
936 3613 980 3669 niu
1004 3611 1082 3669 loeus

55 3699 93 3757 ad
116 3699 246 3755 tuendam
267 3697 300 3753 alt
317 3697 521 3754 llaereticorum
544 3698 684 3753 calumniis
707 3697 1083 3753 connuncupandum

55 3784 253 3841 authoritatem
276 3801 306 3839 nc
329 3783 507 3847 sententiam,
531 3783 577 3855 qui
600 3801 632 3838 en
649 3783 700 3839 illis
723 3782 861 3837 Geneseos
884 3780 972 3838 verbis
995 3782 1084 3839 dedu-

55 3884 124 3925 cere
146 3867 246 3934 solent,
269 3868 494 3925 llelelrisedecum
517 3868 550 3922 nd
574 3886 653 3924 usum
676 3865 799 3922 sacrilieii
822 3883 919 3940 panem
942 3875 970 3922 et
991 3867 1083 3924 viuum

57 3952 224 4029 protulisse,
249 3962 276 4009 et
299 3970 330 4009 eo
353 3954 412 4026 ipso
435 3952 566 4009 sacrificio
589 3953 761 4009 incruentum
786 3950 884 4008 Christi
907 3952 1029 4025 corperis
1052 3968 1083 4011 ac

56 4038 202 4111 sanguinis
224 4037 398 4094 adumbrasse
421 4036 591 4095 sacrificium.
632 4037 709 4107 Quod
732 4044 760 4092 et
782 4034 892 4093 Hieron.
916 4036 996 4093 docet
1018 4036 1085 4110 Epi·

56 4124 134 4182 stola
161 4122 195 4180 ad
220 4122 367 4197 Euagrium
395 4133 422 4181 et
451 4130 579 4190 veteres,
600 4123 641 4180 uti
668 4123 769 4181 dictum
797 4128 856 4186 est,
884 4120 1089 4195 propemodum

111 4217 255 4272 zutphaniae.
275 4217 298 4259 V.
369 4239 371 4244 .
898 4220 929 4270 η
