2586 4822
159 820 201 884 78
429 830 476 885 ut
509 836 548 884 to
568 834 703 885 toruum
720 834 813 886 rrtsc.
831 832 911 886 utun

160 987 273 1049 Exinde
294 987 443 1048 veritatem
472 986 611 1047 biston'ae
640 986 793 1065 allegoriae
820 986 983 1066 depravans
1009 987 1172 1063 mendacio,

159 1086 270 1146 inllnila
292 1085 379 1146 verba
401 1085 588 1164 multiplicat,
617 1094 646 1145 et
674 1084 820 1163 simplices
848 1103 980 1163 atrosque
1007 1086 1087 1146 saria
1109 1105 1174 1166 per·

160 1184 296 1244 suasione
329 1182 522 1262 supplantans
552 1200 633 1243 nunc
654 1183 758 1242 asserit
790 1181 902 1243 animas
932 1183 1009 1243 iuxta
1034 1183 1174 1245 Graecam

158 1281 360 1360 etymologiam
383 1276 492 1359 ψυχὰς
513 1271 583 1342 ἀπὸ
604 1279 663 1341 τοῦ
685 1275 856 1359 ψύχεσθαι
887 1280 996 1341 idcirco
1023 1280 1172 1353 vocitatas,

133 1380 224 1458 aquia
247 1380 283 1439 de
304 1377 481 1439 coelestibus
512 1378 547 1437 ad
577 1377 714 1437 inleriora
744 1379 893 1439 uenientes
921 1378 1048 1439 calorem
1078 1380 1175 1458 pn'sti-

157 1495 228 1536 num
251 1476 417 1536 amiserint:
441 1494 521 1535 nunc
543 1493 651 1554 corpus
674 1476 739 1547 hoc,
762 1475 800 1536 ob
822 1476 850 1536 id
873 1476 951 1536 iuxta
975 1476 1104 1538 Graecos
1127 1475 1200 1539 deo

156 1596 230 1653 μας,
253 1574 281 1634 id
305 1583 349 1634 est
370 1572 527 1645 vinculum,
550 1573 611 1633 siue
633 1572 710 1632 iuxta
725 1573 810 1633 aliam
829 1573 1036 1652 proprietatem
1052 1575 1175 1636 cadaver

157 1670 224 1743 dici,
253 1669 318 1749 qula
342 1669 455 1731 animae
477 1670 513 1730 de
535 1671 615 1730 coelo
638 1670 767 1730 ruerint:
796 1689 812 1730 a
835 1671 980 1749 plerisque
1008 1680 1108 1732 autem
1130 1691 1175 1733 se·

157 1769 285 1830 cundum
303 1769 409 1828 variam
427 1766 527 1829 Graeci
551 1768 696 1829 sermonis
718 1768 927 1846 supellectilem
949 1768 1054 1848 σῶμα,
1080 1769 1110 1829 id
1130 1778 1176 1830 est

118 1879 148 1930 td
157 1886 273 1947 corpus,
303 1867 400 1949 σῆμα,
431 1867 459 1926 id
482 1874 527 1926 est
547 1875 782 1939 monumentum,
811 1866 1006 1945 interpretari,
1037 1886 1073 1926 eo
1097 1867 1174 1945 quod

156 1964 194 2024 ita
223 1965 349 2024 animam
384 1964 414 2023 in
447 1983 479 2023 se
511 1963 639 2024 clausam
668 1963 773 2024 babeat
806 1965 953 2043 quomodo
982 1965 1117 2044 sepulcra
1144 1974 1174 2026 et

156 2062 258 2122 tumuli
281 2063 419 2121 cadavera
441 2070 635 2121 mortuorum.
672 2060 755 2122 Etsi
778 2063 835 2123 hoc
856 2081 955 2122 verum
978 2075 1032 2133 est,
1056 2063 1109 2123 ubi
1130 2070 1175 2124 est

155 2159 227 2219 fides
249 2156 373 2219 nostra?
396 2158 444 2218 ubi
467 2159 655 2237 praeconium
679 2157 925 2221 resurrectionis?
948 2159 997 2219 ubi
1013 2160 1173 2239 apostolica

156 2256 298 2324 doctrina,
320 2274 394 2334 quae
416 2256 446 2315 in
470 2255 600 2316 ecclesiis
624 2256 731 2317 Christi
753 2258 905 2336 bucusque
932 2256 1096 2336 perdurat?
1123 2258 1172 2318 ubi

117 2354 200 2418 lbilla
223 2353 388 2414 benedictio
409 2354 510 2427 Adam,
539 2362 568 2413 et
590 2354 625 2413 ad
648 2374 748 2415 semen
771 2355 843 2428 eius,
874 2355 1053 2427 claudor,
1084 2366 1114 2417 et
1135 2356 1196 2417 adn

154 2452 229 2512 filios
251 2451 327 2524 eius,
360 2451 481 2512 crescite
509 2460 538 2511 et
565 2451 813 2530 multiplicamini,
848 2462 876 2512 et
904 2453 1013 2531 replete
1040 2451 1172 2515 terraml

154 2550 214 2610 lam
237 2549 315 2610 enim
338 2568 398 2609 non
422 2549 477 2610 crit
498 2549 672 2621 benedictio,
697 2550 747 2610 scd
770 2550 942 2621 maledictio,
967 2550 1046 2610 iuxta
1071 2552 1173 2631 Orige-

153 2667 231 2717 nem,
266 2645 315 2725 qui
344 2647 464 2725 angelos
486 2648 572 2707 vertit
592 2646 621 2707 in
645 2647 766 2719 animas,
800 2658 829 2708 et
859 2649 895 2708 de
917 2647 1032 2707 sublimi
1057 2649 1172 2727 lastigio

153 2745 303 2824 dignitatis
325 2744 392 2803 lacit
412 2745 447 2803 ad
472 2745 609 2804 inferiora
638 2745 833 2805 descendere:
863 2745 944 2824 quasi
974 2746 1047 2806 deus
1070 2746 1171 2825 generi

113 2844 283 2911 mbuniano
312 2860 371 2901 non
401 2842 495 2920 possit
522 2842 634 2902 animas
656 2860 708 2920 per
737 2841 971 2903 benedictionem
993 2843 1080 2918 dare,
1114 2843 1170 2905 nisi

153 2939 247 3017 angeli
270 2938 462 3017 peccauerint,
486 2947 515 2998 et
537 2947 580 2999 tot
603 2940 631 2999 in
648 2939 728 3001 coelo
744 2938 804 2999 sint
824 2939 927 3000 ruinae
948 2950 1020 3018 quot
1040 2941 1072 3000 in
1095 2951 1171 3002 terra

153 3035 327 3096 nativitatos.
372 3035 548 3096 Dimittenda
577 3055 647 3115 ergo
676 3035 762 3097 nobis
790 3045 835 3098 est
862 3038 993 3098 doctrina
1022 3039 1173 3117 apostolo-

152 3152 229 3204 rum,
253 3142 281 3193 et
303 3133 523 3212 prophetarum,
551 3142 580 3193 et
600 3134 682 3212 legis,
716 3142 745 3194 et
773 3133 865 3213 ipsius
886 3135 996 3195 domini
1019 3136 1172 3198 salvatoris

152 3229 182 3290 in
206 3229 355 3306 evartgclio
377 3231 569 3309 pertonantis.
623 3232 647 3291 E
677 3232 823 3293 contrario
847 3233 989 3311 Origenes
1017 3235 1169 3314 praecipit,

112 3338 181 3399 acet
202 3329 294 3406 legem
319 3329 376 3402 dat,
399 3338 431 3388 ut
454 3348 514 3388 non
537 3329 640 3402 dicam,
665 3330 839 3408 constringit
854 3329 1012 3410 discipulos
1028 3350 1110 3406 suos,
1133 3350 1170 3393 ne

151 3426 216 3506 quis
239 3435 303 3487 oret
324 3426 354 3487 in
377 3427 489 3486 coelum
519 3427 692 3499 ascendere,
731 3446 768 3487 nc
796 3428 878 3506 peius
906 3429 1011 3487 iterum
1041 3440 1191 3507 peccanslt

150 3543 236 3603 quam
259 3524 288 3584 in
313 3524 399 3585 terris
421 3534 487 3584 ante
510 3535 688 3604 peccaverat,
718 3524 925 3604 praecipitetur
953 3525 983 3584 in
1012 3528 1169 3588 mundum.

151 3624 323 3700 Quanquam
347 3621 499 3682 istusmodi
527 3641 620 3700 nugas
653 3633 682 3682 et
703 3622 892 3682 deliramenta
915 3622 1006 3683 soleat
1027 3623 1076 3685 ille
1099 3625 1170 3685 scri-

150 3729 302 3798 pturaram
320 3719 560 3799 interpretatione
575 3738 722 3798 pervorsa,
738 3729 766 3780 et
788 3719 865 3780 aliud
883 3719 1066 3797 significante
1081 3740 1169 3801 quam

110 3817 228 3894 aoqtrod
251 3835 350 3876 verum
379 3825 433 3890 est,
463 3817 616 3890 affirmare,
645 3816 755 3889 dicens,
786 3818 868 3895 prius
896 3836 982 3896 quarn
1013 3836 1028 3878 a
1059 3819 1168 3880 malitia

150 3912 328 3985 humiliarer,
352 3932 406 3991 ego
429 3913 543 3992 deliqui.
581 3914 619 3973 Et
640 3913 719 3985 illud,
753 3923 898 3975 revertere
926 3915 1021 3975 anima
1051 3935 1116 3977 mea
1139 3918 1170 3979 io

150 4009 281 4088 reqtriem
304 4019 393 4070 tuam.
430 4010 573 4072 Necnon
597 4020 626 4072 et
647 4010 727 4082 illud,
752 4012 826 4072 educ
849 4013 884 4073 de
906 4031 1023 4074 carcere
1041 4015 1172 4075 animam

149 4122 253 4168 meam.
309 4105 348 4167 Et
373 4107 404 4167 in
434 4107 490 4168 alio
519 4109 599 4181 loco,
638 4109 801 4171 confitebor
829 4109 951 4171 domino
983 4111 1014 4171 in
1049 4112 1174 4191 regione
