2586 4822
122 836 182 898 tte
293 854 295 859 ·
409 844 532 900 ‘matu
552 846 834 901 uutuuuteastottes
912 871 916 880 ·

119 1002 186 1064 olor
208 1000 396 1083 διαρρίπτειν
416 997 552 1062 nivenhem
575 1007 613 1085 τῇ
634 988 827 1087 βασιλείᾳ,
806 1023 884 1106 ηπερ
898 996 993 1104 μόνη
994 1000 1048 1060 aui
1056 1022 1136 1081 χρυ-

119 1087 187 1192 pr‘ov
214 1093 422 1189 περιφρονεῖν
429 1083 444 1147 6
468 1094 523 1167 τῆς
543 1064 637 1165 τύχης
659 1063 822 1148 tattiano
806 1107 903 1166 ογκος.
946 1061 1099 1190 6pyvpoc
1103 1085 1136 1148 δὲ

119 1169 136 1234 6
151 1195 234 1249 μετα
223 1170 370 1252 χρυσὸν
391 1167 486 1244 εὐθὺς
512 1170 696 1249 τιμιώτατος
721 1170 837 1252 γένοιτο
860 1168 899 1231 ἂν
912 1171 970 1231 aul
992 1177 1058 1242 τοῖς
1079 1166 1137 1231 dt-

119 1254 220 1329 λοις
203 1253 330 1328 outiroec
351 1256 511 1337 φιλοτιμία
533 1255 700 1335 πρέπουσα.
740 1262 851 1318 τοῦτον
878 1254 932 1336 tpt
930 1277 1000 1332 epar
1021 1253 1137 1329 αὐτοὺς

118 1339 234 1425 ὁίπτειν
261 1339 293 1402 ἕν
320 1363 351 1402 τε
381 1349 444 1414 τοῖς
473 1339 670 1418 καλουμένοις
697 1341 903 1448 μιλιαρησίοες
936 1340 987 1400 καὶ
1016 1336 1136 1420 μήλοις,

118 1428 168 1487 arii
191 1426 335 1500 nuenton,
359 1428 408 1487 καὶ
424 1426 643 1506 τετραγιί)νιοις,
667 1431 715 1487 aul
731 1449 796 1498 τοις
809 1424 966 1498 τοιουτοις
996 1428 1137 1488 liiliareu·

118 1534 174 1573 sem
197 1516 383 1573 duodecimam
405 1517 483 1572 solidi
506 1525 609 1589 partem
632 1517 724 1580 luisse,
748 1517 801 1572 hoc
823 1524 866 1572 cst
886 1514 1000 1572 solidum
1021 1530 1136 1573 aureum

118 1602 249 1658 duodenis
272 1601 470 1657 miliareusihus
494 1602 623 1666 valuisse,
652 1603 699 1658 viri
725 1602 797 1658 ilocti
819 1601 922 1674 pridem
945 1600 1135 1667 observarunt,

119 1687 286 1760 proindeque
308 1688 374 1742 duas
397 1687 507 1760 siliquas
529 1689 587 1743 auri
609 1685 689 1743 unius
714 1686 872 1742 uriliareusis
890 1685 1078 1742 aestimatione
1092 1696 1139 1744 ta·

118 1782 200 1828 xatas.
232 1772 336 1845 Quippe
358 1771 461 1828 solidus
485 1773 522 1828 ut
548 1772 651 1847 siliquis
674 1772 824 1829 constabat.
855 1773 943 1844 Atque
966 1771 1068 1827 idcirco
1083 1773 1138 1828 mi-

117 1856 259 1913 liarensem
284 1852 443 1932 d'rxlpurov
457 1857 594 1913 Gedrcuus
610 1857 740 1913 nominat.
770 1858 869 1912 Verum
884 1856 956 1912 istud
972 1864 1137 1929 perpetuum

34 1940 36 1945 ’
69 1941 73 1947 ’
118 1960 178 1999 esse
202 1942 309 1997 ruiuime
332 1943 431 2015 potuit.
465 1942 568 1999 lloceut
590 1944 660 1998 euim
684 1942 795 1999 Glossac
819 1936 939 2014 voprraui
963 1958 1058 1996 novena
1081 1942 1139 1998 cir-

117 2028 185 2083 citer
212 2027 313 2082 solidos
337 2027 504 2082 miliacenses
526 2026 653 2084 habuisse
680 2030 754 2090 125,
782 2026 882 2102 quibus
904 2035 1063 2099 competunt
1087 2045 1139 2083 ae·

117 2105 208 2186 ράτια
224 2114 295 2170 218.
327 2112 442 2167 Proinde
463 2112 577 2185 siugulis
599 2112 797 2169 milianensihus
819 2110 990 2167 attribuenda
1006 2121 1072 2167 sunt
1087 2129 1151 2194 are-⁶

118 2187 209 2268 priano
231 2196 335 2270 singula
358 2213 419 2252 cum
439 2196 579 2260 dodrante,
603 2197 656 2254 hoc
670 2208 713 2254 est
727 2213 789 2254 cuni
804 2197 918 2252 semisse
932 2205 961 2252 ct
975 2195 1137 2268 quadrante.

117 2281 225 2337 Solidus
248 2298 311 2337 vero
334 2282 479 2337 miliareusi
501 2284 660 2338 aestimatur
687 2277 752 2357 ¹⁸6⁹·
778 2291 807 2338 ut
829 2298 911 2354 supra
933 2280 1036 2336 dictum
1059 2291 1113 2338 est.

201 2366 322 2440 Scaliger
343 2366 413 2423 libro
437 2367 469 2422 dc
492 2385 520 2422 rc
549 2367 671 2423 Numerio
695 2367 872 2423 ililiareusem
895 2366 932 2422 ait
954 2381 1014 2421 esse
1038 2361 1139 2424 δωδέ-

116 2469 210 2508 κατον
230 2453 286 2509 τοῦ
308 2448 497 2525 νομίσματος
518 2461 545 2508 et
568 2452 676 2508 Suidum
699 2453 824 2526 corrigit,
855 2452 900 2525 qui
923 2444 1138 2508 ‹llxororesse

115 2537 254 2593 doctterat.
286 2537 461 2612 liuudcmque
484 2544 512 2593 et
532 2537 637 2593 duahus
659 2538 717 2593 auri
741 2537 845 2610 siliquis
867 2535 981 2592 valuisse
1003 2544 1032 2592 et
1047 2536 1134 2594 luisse

116 2621 318 2687 didrachmum,
346 2622 381 2679 oh
404 2638 479 2687 earo,
509 2639 589 2695 quam
613 2623 680 2687 dud,
703 2624 850 2684 rationem,
879 2621 953 2696 quod
976 2615 1139 2695 δικέρατον

117 2708 186 2763 larct
209 2718 236 2764 et
258 2708 370 2764 ‹ltrarutu
394 2708 551 2781 siliquarum
568 2708 782 2764 aestimationem
798 2707 921 2770 haberet,
946 2722 1060 2778 quarum
1076 2707 1138 2763 siu·

115 2793 193 2864 gulae
223 2793 349 2847 dracluua
372 2802 499 2865 argentea
522 2792 650 2849 valerent.
691 2793 768 2861 Quod
792 2791 814 2848 si
836 2792 897 2865 quis
919 2791 1064 2863 diiigenter
1086 2808 1138 2849 cx·

116 2887 209 2932 cutere
238 2877 314 2937 velit.
345 2877 440 2931 lalsum
470 2886 497 2932 ct
524 2876 670 2932 absurdum
693 2893 754 2933 esse
776 2877 904 2949 reperiet.
950 2875 1058 2931 Falsum
1081 2886 1134 2940 est.

116 2962 234 3032 iuqrmm.
258 2970 285 3016 et
308 2961 418 3032 siliquas
441 2961 498 3016 artri
521 2962 634 3034 singulis
657 2963 771 3019 ualuisse
795 2962 928 3017 drachmis
951 2962 1089 3033 argenteis
1108 2972 1136 3019 et

116 3045 230 3100 solidum
256 3047 293 3102 24
318 3045 452 3100 drachmis
474 3047 643 3102 aestimatum
667 3048 759 3104 luisse.
791 3048 864 3117 Quae
879 3045 959 3101 amhn
975 3046 1055 3101 simul
1072 3065 1135 3104 esse

115 3147 174 3186 veru
199 3147 252 3184 nou
277 3139 399 3202 possunt.

199 3214 304 3270 Etenim
326 3215 432 3288 triplex,
455 3215 528 3289 quod
551 3215 582 3271 ad
607 3232 734 3289 praescus
756 3217 910 3273 institutum
926 3216 1032 3279 attinet,
1055 3219 1135 3275 aurei

115 3300 236 3361 Rotnani,
260 3301 304 3372 qui
329 3310 421 3373 postea
446 3299 548 3355 solidus
567 3301 716 3374 appellatus
733 3312 783 3364 est.
807 3301 902 3357 rtiodus
918 3300 951 3355 ab
967 3300 1132 3359 doctissimis

115 3385 314 3441 luris-consultis
343 3386 376 3441 ad
405 3385 542 3441 iustiniani
571 3387 665 3442 saltem
694 3395 815 3460 tempora
841 3387 977 3442 dehnitur.
1024 3386 1131 3459 Primus

54 3495 56 3498 ·
114 3469 258 3542 antiquior,
282 3471 307 3524 in
331 3486 385 3542 quo
406 3471 531 3544 quaterni
554 3471 701 3528 inuuciaua
717 3472 775 3527 auri
790 3471 968 3534 cudebantur.
991 3470 1018 3526 in
1035 3471 1132 3529 libram

115 3555 164 3612 ta.
209 3555 284 3609 Alter
310 3556 381 3611 eirca
404 3555 571 3611 Constantini
601 3565 732 3620 aetutem,
759 3573 821 3612 cum
845 3557 950 3630 septeni
973 3557 999 3611 in
1023 3557 1132 3615 eumn

113 3638 191 3695 solidi
213 3642 335 3712 percussi
357 3649 431 3703 suut,
454 3639 482 3695 iu
504 3638 598 3696 libram
616 3644 664 3705 84,
689 3652 718 3698 ut
741 3658 772 3698 ex
794 3640 864 3698 utut
892 3641 956 3697 God.
974 3640 1081 3698 theod,
1094 3643 1135 3700 ta

115 3723 258 3780 Ponderat.
280 3733 363 3797 patet.
395 3724 501 3780 Tertius
523 3726 738 3783 aValentiniauo
756 3727 931 3790 constitutus,
955 3726 981 3781 in
997 3742 1055 3800 qno
1070 3726 1130 3784 seui

113 3825 145 3865 ex
167 3809 245 3864 uncia
267 3810 334 3871 cusi,
357 3827 372 3865 e
393 3809 462 3866 libra
486 3812 541 3873 72.
564 3811 610 3884 qui
634 3820 660 3866 et
683 3811 810 3885 deinceps
832 3811 991 3875 observatus
1014 3810 1132 3871 videtur.

112 3895 192 3968 Atqui
215 3893 242 3949 in
266 3894 363 3968 triplici
384 3894 426 3950 illa
451 3893 528 3950 solidi
551 3897 655 3951 ratione
678 3897 731 3952 tluo
755 3897 797 3952 illa
814 3896 943 3970 scaligeri
961 3894 1133 3954 llrruameuta

112 3980 262 4035 consistere
283 3989 432 4053 nequeunt.
474 3981 551 4048 Quod
575 3991 605 4037 ut
626 3983 796 4038 manifestum
819 3981 880 4045 fiat,
911 3981 976 4038 illud
999 3982 1132 4056 imprimis

112 4066 201 4121 animo
228 4062 422 4137 repetendum,
453 4065 608 4122 drachmam
636 4082 682 4124 sex
711 4066 808 4124 obolos
830 4066 985 4131 continere.
1015 4066 1131 4124 oholura

112 4147 222 4221 siliquas
249 4159 313 4206 trcs.
358 4150 397 4206 lta
425 4149 493 4206 lluut
521 4150 547 4207 iu
573 4150 727 4209 drachmam
749 4152 862 4226 siliquae
890 4153 940 4214 ta.
969 4151 998 4208 in
1021 4153 1131 4211 tramam
