2586 4822
484 837 776 891 nutumtanstoues.
1071 826 1137 891 aad

112 993 255 1053 Eiusmodi
283 1002 327 1051 est
353 993 399 1051 illa
427 992 461 1051 da
482 992 615 1051 Pasehrte
637 994 744 1052 ludaice
770 993 936 1055 celebrando
960 997 1080 1062 sanctio,
1110 998 1138 1054 in

112 1098 187 1156 qna,
214 1078 326 1154 perinde
355 1077 435 1137 utin
457 1077 556 1145 altera,
584 1079 761 1154 legislatoris
781 1089 901 1138 mentem
922 1097 955 1138 ac
975 1082 1138 1141 sententium

110 1165 290 1223 considerare
316 1163 456 1222 dehemus.
500 1164 537 1220 Ea
559 1182 622 1223 vero
645 1165 684 1221 sie
705 1166 907 1240 interpretanda
930 1175 981 1224 est.
1025 1167 1139 1236 Quoties

113 1261 181 1309 ante
208 1268 319 1308 vernum
342 1250 548 1324 Aequinoctium
578 1250 778 1325 quartadecima
801 1251 899 1308 ludoici
922 1251 1002 1308 Nisan
1036 1252 1137 1317 incidit,

112 1346 200 1412 atque
227 1337 265 1393 illi
292 1336 396 1392 Pascha
424 1353 504 1392 suum
533 1334 689 1399 celebrant,
718 1335 861 1392 Christiani
890 1336 1012 1393 solennia
1039 1337 1139 1395 ieiunia

112 1422 245 1496 prosequi
268 1420 378 1478 dehent.
423 1421 480 1487 Sin,
503 1429 535 1477 ut
556 1437 638 1494 saepe
660 1420 700 1484 lit,
724 1429 787 1493 post
808 1422 1015 1496 Aequinoctium
1038 1422 1138 1479 testum

113 1507 192 1563 illurn
221 1506 291 1564 diem
320 1504 436 1570 obeant,
465 1505 561 1564 codem
583 1505 626 1562 die
649 1504 808 1562 Christianis
830 1507 932 1563 Pascha
955 1524 1035 1563 suum
1057 1524 1138 1581 agere

113 1609 148 1649 ac
170 1591 263 1649 laetari
285 1592 358 1648 licet.
388 1591 427 1646 lle
449 1607 504 1664 quo
526 1590 698 1666 adsequens
721 1600 803 1664 caput
823 1591 899 1665 plura
921 1592 1051 1648 dicemus.

203 1670 356 1754 φάσκουσι
378 1669 438 1750 γὰρ
460 1669 517 1750 τὴν
538 1667 709 1751 ἀγρυπνίαν
722 1669 835 1753 φέρειν]
868 1669 1038 1753 ἀγρυπνίας
1052 1678 1140 1734 inter·

113 1770 212 1837 pretor
232 1763 346 1832 ciuilius
370 1770 398 1817 et
418 1761 570 1824 stationes,
599 1777 669 1833 quae
691 1777 705 1815 a
729 1760 825 1817 ieiunis
848 1761 918 1818 ohiri
940 1762 1081 1828 solehant,
1104 1763 1138 1820 de

113 1846 216 1922 quihus
246 1846 317 1902 alibi.
363 1845 416 1901 lam
443 1838 638 1918 μισαζόντων
664 1845 728 1902 τῶν
755 1838 879 1919 ἀζύμων
914 1847 979 1903 nihil
1002 1847 1074 1903 aliud
1097 1856 1138 1904 est

114 1949 197 2004 quam
220 1933 280 2005 ipso
303 1931 346 1987 die
361 1935 534 2004 Animorum,
557 1930 622 1994 sive,
646 1939 676 1988 ut
691 1928 806 1988 llehraei
822 1931 924 1996 dicunt,
949 1945 1024 1992 etan
1040 1945 1138 1993 onan·
1229 1964 1235 1986 t

113 2017 162 2074 Sic
185 2018 257 2074 enim
280 2033 412 2088 usurpare
434 2015 505 2073 solet
526 2014 704 2089 Epiphanius.
745 2016 784 2072 lta
814 2018 923 2091 capt-2
951 2010 1046 2090 μέσον
1067 2007 1139 2093 ἄγε·

113 2120 167 2159 ται
189 2093 225 2158 τὸ
242 2100 345 2174 θῦμα.
385 2100 419 2156 Ει
444 2093 637 2175 μεσαζούσης
658 2101 721 2157 τῶν
744 2094 800 2160 δύο
823 2095 947 2180 δρόμων
968 2093 1086 2170 ’νυκτός
1106 2119 1138 2159 τε

113 2183 168 2244 καὶ
189 2179 315 2262 ἡμέρας,
339 2195 370 2242 ιιι
391 2203 442 2242 suo
464 2185 525 2242 luco
548 2186 679 2243 dicemus.
710 2186 875 2261 Chrouologi
899 2187 985 2246 nostri
1002 2187 1137 2247 labentem

114 2273 197 2337 diem,
220 2281 267 2328 aut
289 2289 389 2327 annum
411 2270 557 2345 appellant.

202 2352 234 2413 ἐκ
255 2359 348 2432 τριῶν
369 2349 428 2430 γὰρ
449 2349 642 2431 συνέστηκεν]
671 2358 754 2431 Atqui
776 2357 830 2414 duo
854 2366 958 2428 tautum
979 2358 1024 2443 hic
1045 2368 1139 2431 aperte

112 2460 147 2500 ac
176 2442 541 2499 distincte=commenroratz
571 2440 643 2497 Solis
672 2458 799 2506 cursum,
829 2452 943 2515 propter
971 2443 1139 2502 ltominicum

114 2528 204 2592 diem,
233 2537 261 2583 et
283 2528 416 2583 lunarem
442 2524 479 2582 oh
512 2529 547 2583 14
571 2527 684 2582 Lunam.
728 2527 803 2595 Quae
833 2535 860 2583 et
887 2526 1046 2583 Ambrosius
1074 2528 1140 2600 Epi-

114 2612 189 2669 stola
210 2614 241 2669 ad
268 2611 417 2684 Episcopus
442 2609 572 2667 Aemiliae
596 2610 753 2684 complexus
779 2621 836 2668 est.
859 2611 922 2666 Duo
943 2620 1017 2676 anot,
1040 2612 1138 2685 inquit,

113 2699 296 2754 obseruando
322 2698 353 2752 in
380 2697 549 2752 solennitate
577 2696 721 2761 Paschae,
754 2697 974 2766 Quartodecima
1000 2697 1083 2751 Luna
1112 2703 1140 2753 et

109 2784 225 2857 primm
246 2782 364 2845 menate,
387 2782 435 2853 qui
458 2781 562 2836 dicitur
582 2780 735 2837 Nocorum.
781 2782 878 2838 Verum
902 2781 928 2836 iu
951 2781 1032 2838 solari
1055 2796 1139 2839 cursu

113 2869 173 2925 duo
201 2869 390 2931 continentur,
421 2866 524 2939 primus
553 2866 664 2932 mensis,
694 2867 748 2922 sive
776 2865 995 2940 Aequinoctium,
1018 2876 1046 2922 et
1062 2866 1138 2923 teria.

114 2954 207 3022 Quare
234 2953 284 3009 tria
313 2953 379 3008 hoec
402 2949 567 3007 celebritatis
590 2951 661 3007 illius
684 2951 757 3007 velut
780 2944 915 3025 οὐσιιῦδη
939 2952 1068 3008 discernit
1091 2968 1140 3008 cx·

112 3038 254 3114 plicatque
281 3037 392 3094 llaeresi
416 3040 470 3101 50,
500 3052 559 3109 cap.
578 3039 605 3095 3.
651 3035 911 3105 Quartemdecimam
939 3037 1030 3095 Lunae
1059 3036 1139 3103 diem,

112 3124 324 3198 Aequinoctium
346 3139 460 3180 vernum
482 3130 509 3178 et
532 3120 707 3189 [dominicam

205 3211 266 3268 823
281 3208 309 3263 h.
339 3195 414 3282 ὅπερ
435 3199 522 3284 παρὰ
543 3209 608 3274 τοῖς
625 3198 788 3273 'Ioridur'orc
810 3198 846 3261 ori
869 3198 1071 3283 φυλάσσεται]
1101 3207 1141 3265 ue

113 3313 173 3369 quo
202 3296 360 3368 trequentes
387 3291 588 3349 Catholicorum
617 3291 714 3365 partim
746 3291 874 3364 querelae
903 3292 1033 3348 adversus
1061 3292 1142 3349 Chri·

112 3382 220 3437 atianos
242 3378 426 3442 ludaizantes,
454 3377 600 3450 partimin
623 3376 684 3433 illos
708 3376 782 3450 ipsos
803 3377 918 3434 ludaeos
940 3377 1141 3435 insultationes.

112 3465 183 3521 tite
207 3462 374 3520 Constantini
396 3461 512 3535 Augusti
532 3461 705 3535 Rescriptum
726 3461 758 3517 ad
782 3461 948 3519 Christianos
971 3480 1003 3519 cn
1024 3463 1142 3520 Nicaena

113 3550 238 3624 Synodo.
281 3548 381 3605 Extant
408 3556 437 3604 et
464 3555 569 3603 veteres
593 3546 730 3613 Canones,
761 3546 860 3620 quibus
888 3548 1045 3604 nominatim
1067 3548 1140 3605 istud

112 3634 230 3692 vetitum
254 3643 306 3690 cst.
337 3632 374 3688 tte
397 3648 449 3705 qua
472 3631 557 3689 read
580 3630 710 3688 llaercsin
729 3634 764 3689 51
791 3631 818 3687 in
835 3631 955 3687 Diatriha
978 3632 1011 3688 do
1026 3632 1142 3690 ludaeo-

110 3733 178 3779 rum
200 3736 273 3776 anno
295 3720 406 3791 copiose
428 3716 552 3773 diximus.

205 3799 255 3860 acui
278 3796 357 3877 μετὰ
377 3803 441 3859 τῶν
461 3796 595 3878 ἐχθρῶν]
641 3801 768 3859 Fortasse
789 3801 844 3875 leg.
866 3795 917 3857 acui
939 3796 966 3857 ei
985 3796 1065 3874 μετὰ
1087 3813 1141 3861 etc.¹

113 3892 259 3950 Sententia
281 3905 346 3945 uero
369 3904 402 3943 ex
422 3887 516 3945 Latina
538 3885 761 3958 interpretatione
785 3886 929 3960 perspicua
951 3897 1005 3943 est.

205 3976 266 4033 823
282 3991 307 4030 c.
338 3962 413 4030 ὅταν
435 3964 522 4031 αὐτοὶ
539 3968 707 4044 novitiora]
733 3971 793 4029 Non
815 3971 888 4045 quod
916 3975 951 4031 ll
967 3971 1049 4028 Nisan
1072 3973 1193 4032 inlu-293

110 4062 254 4120 paverint:
281 4076 371 4133 neque
393 4057 465 4115 enim
487 4057 561 4114 inter
582 4055 640 4113 dies
662 4069 789 4121 nattum,
819 4057 873 4112 sive
896 4057 1072 4130 ungariorum
1095 4072 1143 4112 re·

111 4149 219 4207 lectur:
250 4144 300 4202 sed
333 4143 407 4218 quod
436 4151 530 4200 exacto
558 4140 606 4199 illo
628 4141 688 4214 ipso
711 4141 754 4199 die
778 4140 935 4199 Paschaleru
957 4157 1056 4215 agnum
1079 4157 1142 4200 com
