2586 4822
432 852 721 906 autnsottastones.
1022 840 1083 903 lat

66 1015 124 1071 cst,
148 1005 221 1080 quod
243 1006 363 1081 Epistola
385 1008 436 1063 ista
458 1018 565 1073 narrat,
595 1026 650 1065 uon
674 1008 706 1065 alr
729 1026 785 1067 uno
807 1019 912 1067 tautum
934 1013 1086 1069 consecrati

64 1091 168 1149 haerint
190 1091 392 1165 chorepiscopi.
434 1092 531 1149 Verum
558 1094 718 1167 perturbate
740 1094 883 1151 admodum
905 1111 936 1151 ac
958 1095 1087 1169 perplexe

64 1177 202 1272 loquitur,
227 1194 287 1232 cum
312 1177 436 1242 eosdem,
463 1196 533 1251 quos
556 1179 704 1252 Episcopus
727 1180 810 1235 luisse
833 1189 898 1235 lianc
921 1191 1085 1244 asseruerat

64 1264 159 1318 nescio
188 1279 242 1334 quo
265 1272 343 1335 pacto
367 1263 481 1320 subinde
503 1273 585 1337 neget
608 1264 755 1337 Episcopus
778 1265 869 1320 luisse.
915 1264 968 1320 Sed
990 1266 1087 1322 Antio-

65 1348 145 1404 cheni
162 1346 278 1402 Cononis
294 1349 443 1403 authoritas
459 1350 616 1451 oppopitnr
640 1352 763 1405 cuiusce
780 1349 897 1405 clausula
914 1359 964 1413 est,
988 1347 1085 1426 Χοιρ-

64 1427 228 1489 ενιίσκοιιον
256 1425 290 1486 δὲ
316 1427 503 1506 γίνεσθαι
487 1428 547 1490 υπὸ
575 1435 630 1488 τοῦ
657 1451 712 1508 της
739 1415 901 1501 πόλεως
881 1453 901 1511 ῃ
928 1427 1083 1490 ὑπόκειται

61 1508 255 1573 ’.Επισκόαοα
301 1516 524 1591 chorepiscopus
552 1526 645 1573 autam
673 1521 709 1574 ah
731 1519 873 1592 Episcopo
896 1520 1018 1574 ciuitatis
1039 1521 1086 1574 oel

63 1604 134 1666 loci,
164 1603 210 1657 coi
229 1601 303 1657 idem
325 1602 451 1668 adiacet,
480 1605 654 1659 ordinandos
676 1612 725 1659 est.
769 1603 837 1660 lliue
859 1603 918 1660 illac
941 1603 1083 1676 lacrymae.

63 1686 145 1760 Atqui
168 1703 229 1742 curu
252 1686 285 1742 ab
308 1687 452 1761 Episcopo,
476 1690 518 1743 etri
542 1688 682 1744 subiectus
704 1699 754 1754 est,
779 1689 897 1743 ordinari
919 1687 1003 1753 iubet,
1028 1705 1083 1744 noo

62 1772 130 1829 altos
153 1771 285 1837 excludit,
308 1772 354 1847 qui
377 1789 428 1827 nna
451 1790 546 1828 mantis
568 1774 724 1846 imponant,
748 1774 796 1829 sed
819 1774 872 1830 hoc
893 1773 981 1829 aulum
1003 1789 1085 1845 prae-

63 1858 144 1930 cipit,
174 1865 205 1911 ut
234 1857 410 1913 ordinationis
439 1874 549 1930 praeses
578 1875 608 1914 ao
631 1858 787 1914 moderator
809 1857 853 1913 ille
876 1859 926 1922 sit,
956 1860 1033 1915 cuius
1055 1860 1082 1914 in

63 1942 166 1997 ditione
188 1953 326 2000 uersatur:
356 1951 386 1997 nt
409 1945 466 1998 cius
499 1944 608 1999 luortatu
638 1943 805 2016 invitatoque
828 1942 1008 1999 adhibeantur
1028 1945 1081 2007 alii.

63 2037 94 2083 ut
122 2026 218 2082 eodem
247 2026 415 2091 inconsulto,
445 2036 474 2083 ut
503 2028 605 2084 iniussu
633 2029 751 2101 denique
779 2028 997 2101 Chorepiscopus
1027 2047 1081 2086 uon

62 2112 118 2168 liat.
163 2112 247 2179 Quam
277 2112 356 2166 huius
386 2111 500 2167 Cauouis
530 2129 590 2169 esse
619 2113 780 2169 senteutiam
809 2112 927 2168 declarat
949 2114 1133 2179 Balsamoaat)

62 2212 124 2252 cum
147 2197 193 2260 ait,
218 2197 481 2270 chorepiscoporum
505 2197 554 2253 hac
577 2197 725 2271 appendice
748 2199 924 2271 relqaenatam
949 2217 1082 2273 arrogan-

63 2283 143 2345 tiam,
174 2282 220 2353 qui
249 2282 365 2355 propriis
393 2284 556 2354 contemptis
585 2283 724 2356 Episcopis
754 2300 767 2337 a
790 2282 1011 2356 Metropolitano,
1040 2286 1082 2343 vel

60 2365 218 2422 Patriareha
240 2367 358 2421 oralinari
381 2384 442 2423 sese
464 2367 572 2431 vellent,
597 2384 650 2442 quo
669 2369 758 2423 minus
774 2369 800 2423 iu
817 2384 929 2423 suorum
946 2378 1081 2440 potestate
1149 2400 1152 2405 >

61 2451 162 2507 locent.
206 2450 269 2506 ldeo
292 2453 480 2516 constitutum,
503 2462 534 2508 ut
556 2452 590 2507 ah
612 2452 747 2525 Episcopo
770 2469 820 2507 sno
843 2464 1079 2511 consecrarentur.

60 2536 167 2592 Etenim
190 2535 353 2591 simillimum
377 2538 501 2609 quiddam
524 2537 629 2593 videtur
651 2554 682 2592 ac
704 2554 765 2592 cnm
781 2536 888 2600 dieitur,
911 2537 1081 2612 alletropo·

60 2621 145 2678 litauo
167 2620 344 2694 provinciales
367 2638 461 2677 omnes
484 2622 632 2695 Episcopus
656 2621 787 2686 ordinari;
811 2638 842 2677 ex
865 2632 948 2677 toton
961 2624 1078 2688 Conone

61 2708 108 2805 qui
136 2707 164 2762 iu
194 2705 406 2762 Chalcedonensi
438 2706 556 2762 Concilio
584 2711 643 2762 Act.
655 2709 692 2763 la
715 2724 741 2779 p.
760 2708 820 2765 389
849 2706 883 2761 ita
912 2708 1079 2779 concipitur.

60 2783 140 2847 ὥστε
162 2786 195 2845 ἓν
214 2793 271 2870 μιᾷ
293 2781 406 2867 ἑκάστῃ
428 2792 491 2846 acor
511 2787 663 2864 ἐπαρχιῶν
685 2784 720 2847 τὸ
742 2793 835 2865 κῦρος
857 2784 933 2864 ἔχειν
953 2787 1008 2847 τὸν
1027 2796 1082 2866 τῆς

59 2849 294 2977 μρτρομόλιοις,
323 2871 373 2930 καὶ
403 2867 497 2931 surdo
523 2875 677 2931 καθιστᾶν
705 2867 821 2941 πάντας
845 2869 918 2941 τοῦς
943 2868 1060 2933 ὑπὸ
1024 2897 1082 2975 νην

61 2979 158 3035 αυτην
179 2955 327 3035 ἐπαρχίαν
346 2951 560 3026 Ἔνιιακόιιοοςι
587 2960 620 3016 th
642 2934 671 3015 io
687 2976 857 3033 unoquoque
868 2963 1020 3032 prouincia
1035 2964 1080 3017 ins

59 3062 94 3101 uo
114 3053 281 3143 potestatem
295 3044 531 3118 Metropolitanus
552 3045 664 3109 haheat,
686 3046 813 3118 idemque
835 3054 956 3110 cunctos
980 3049 1028 3119 qui
1048 3049 1080 3103 io

59 3132 159 3186 eodem
176 3132 327 3202 provincio
348 3139 421 3194 suot,
445 3129 601 3203 Episcopus
623 3131 740 3185 ordinet.
771 3131 815 3187 Sic
831 3130 951 3186 eiusdem
969 3131 1079 3188 Consilii

58 3218 169 3272 death
199 3232 260 3270 cum
289 3232 320 3270 ex
344 3217 362 3273 2
391 3215 493 3288 Synodi
522 3216 632 3271 decreto
661 3215 960 3288 Constantinopolitano
981 3217 1080 3272 Arelli-

59 3301 191 3374 episcopu
218 3316 378 3356 concessum
407 3300 519 3363 dicitur
556 3310 588 3356 ut
615 3301 758 3364 Ponticae,
792 3301 922 3364 asianae,
950 3301 1079 3359 Thracias

59 3385 224 3441 llioeceseos
246 3384 443 3457 lletropolitani
473 3385 601 3440 duntaxat
629 3384 662 3440 ah
684 3402 717 3441 eo
740 3394 950 3442 consecrentur.
975 3403 1080 3489 7eipo·

57 3468 218 3525 πονεῖσθαι
241 3462 312 3535 τοὺς
323 3466 566 3546 Μητροιιοὶίτας
588 3473 649 3527 τῶν
662 3465 888 3547 προειρημένων
903 3464 1080 3545 διοικήσεων

56 3547 146 3629 παρὰ
168 3555 222 3609 τοῦ
238 3546 491 3630 Ap7nneoudnov
516 3549 880 3625 Καιναταντινοαπόλειος,
911 3571 965 3611 ιιοιι
988 3558 1078 3612 statim

57 3655 243 3738 consequens
261 3650 319 3702 est,
349 3638 436 3695 solum
460 3638 700 3712 hrcliiepiscopum
728 3656 825 3695 manus
846 3641 1001 3712 imponere,
1029 3642 1079 3698 sed

57 3717 94 3780 sd
119 3724 211 3798 κῦρος
233 3717 322 3796 ἴχαν,
345 3732 376 3779 nt
398 3724 530 3779 llicueuns
553 3723 644 3780 Canon
668 3727 686 3781 4
709 3725 845 3798 loquitur:
873 3717 909 3781 τὸ
932 3718 966 3780 δὲ
986 3725 1080 3801 κῦρος

57 3808 127 3864 τῶν
149 3802 314 3883 γινομένων
342 3804 488 3864 δίδοσθαι
517 3799 627 3862 aad*
614 3802 744 3883 εκάστην
765 3802 913 3885 ἐπαρχίαν
932 3809 978 3887 τῷ
999 3807 1078 3885 Μη-

56 3889 238 3970 τροπολίτη.
268 3894 306 3949 td
330 3893 444 3949 eundem
468 3893 558 3968 itaque
579 3893 690 3950 modum
712 3894 930 3967 Chorepiscopus
953 3910 967 3949 a
989 3896 1079 3969 pluri-

56 3976 112 4035 hua
133 3978 252 4035 ordinari
273 3979 377 4052 potuit,
407 3986 554 4051 praeeunte
576 3995 607 4035 ac
629 3979 786 4035 moderante
807 3977 911 4035 scilicet
930 3978 1076 4055 Episcopo.

55 4063 181 4119 Alterum
205 4062 277 4136 quod
301 4064 328 4119 iu
351 4063 394 4120 illa
419 4063 520 4118 Damasi
539 4063 658 4137 Epistola
679 4064 850 4136 proponitur,
874 4072 981 4121 cautum
1004 4082 1075 4129 esse.

55 4164 93 4205 ue
114 4148 143 4204 iu
165 4147 233 4204 riois
252 4149 355 4222 agrisve
375 4148 607 4205 constituerentur
621 4147 756 4222 Episcopi,
779 4148 939 4231 senteutiam
954 4158 1076 4207 nostram
