2586 4822
267 846 300 900 V.
338 849 531 898 εντιιμιον
548 850 612 897 σιν
630 850 705 898 νυν
722 847 926 901 ετοτυιιοιν.
1065 841 1107 903 53

66 1006 136 1071 καὶ
173 1003 241 1066 τῶν
275 999 406 1066 αίώνων
437 998 547 1083 πατὴρ
580 995 745 1123 ῦπάρχων.
800 1002 891 1080 ξένον
922 1005 1039 1087 θαῦμα
1071 1003 1106 1071 ίν

65 1094 242 1185 ον’·ρανοῐς
265 1103 437 1183 παρθένου
460 1097 615 1180 θάλαμος
643 1098 713 1164 υίὸν
742 1103 825 1166 θεοῦ
852 1100 934 1168 θεὸν
963 1108 1106 1186 νυμφίον

63 1204 207 1284 ἔχουσα
230 1195 386 1282 Χριστόν.
432 1197 523 1274 ξένον
545 1199 663 1279 θαῦμα
685 1196 718 1263 ἐν
741 1191 894 1280 οίρανοῖς
922 1197 960 1263 τὸ
981 1205 1107 1296 βρέφος

59 1299 141 1382 τῆς
165 1300 350 1378 παρθένου,
375 1293 539 1408 δεσπότης
560 1297 626 1359 τιῦν
649 1288 791 1378 άγγίλιυν
807 1300 961 1382 πέφυκεν.
998 1298 1023 1361 ὠ
1039 1321 1107 1362 πα·

58 1400 184 1479 ναγία
215 1399 379 1477 παρθένε,
413 1390 519 1478 μήτηρ
547 1395 606 1457 τοῦ
635 1395 797 1479 σωτῆρος,
832 1387 852 1477 ἦ
880 1393 937 1461 τὸν
966 1392 1132 1477 άναρχονυ

31 1490 271 1584 »γεννήσασα
293 1490 398 1576 λόγον,
430 1489 488 1555 τὸν
510 1492 568 1555 τοῦ
592 1487 718 1572 πατρός
748 1489 933 1575 σύνθρονον
956 1491 1027 1556 υἱὸν
1050 1490 1106 1556 τόν

56 1588 268 1674 ὁμοοῦσιον
301 1587 510 1671 τοῦπατρὸς
538 1589 590 1652 καὶ
620 1591 678 1652 τοῦ
701 1581 795 1672 ἁγίου
819 1589 1014 1672 πνεύματος,
1050 1588 1107 1654 τὸν

53 1685 303 1805 προαιιόγιον,
327 1685 385 1751 σῦν
408 1688 509 1768 πατρί
532 1687 648 1770 καὶτῷ
664 1680 719 1771 ἆγί
720 1712 746 1771 φ
762 1685 936 1768 πνεύματι,
959 1688 1016 1752 τὸν
1031 1685 1108 1765 τοὺς

56 1780 248 1868 οὗρανοῦς
269 1781 575 1866 καμαριόοαντα,
543 1807 600 1847 τον
622 1782 680 1869 την
702 1787 759 1870 γῆν
783 1782 977 1866 ἑδράσαντα.
1014 1793 1108 1869 χαῖρε

60 1887 237 1967 παναγία
264 1885 415 1964 παρθένε
442 1874 461 1965 ἡ
489 1879 528 1946 τὸ
557 1883 623 1963 πῦρ
656 1884 714 1968 τῆς
743 1880 905 1968 θεότητος
928 1877 1148 1999 ἂφλὲιτως,ισ

65 1976 137 2058 ὥς
158 1978 256 2063 νοερὰ
273 1977 383 2062 βάτος,
407 1973 637 2059 κατέχουσιν,
621 2004 630 2041 ι
628 2003 751 2063 χνοερα
738 1978 819 2044 κλί
806 1974 971 2062 ίίβανος,
951 1978 1025 2066 ητὸ
1041 1982 1108 2063 πῦρ

67 2080 144 2144 και
165 2077 222 2143 τὸν
246 2073 345 2160 άρτον
366 2079 424 2162 της
456 2076 538 2163 ζωις
562 2075 687 2158 θερμὸν
710 2078 757 2161 τιῦ
779 2074 891 2162 κόσμῳ
915 2077 1000 2161 πρὸς
1020 2080 1110 2161 βρῶ-

73 2195 146 2239 σιν
168 2175 331 2260 ἐνέγκασα.
370 2176 447 2287 περὶ
471 2162 509 2238 οῦ
532 2168 656 2257 λέγει(
640 2198 657 2237 υ
681 2197 788 2259 σωτηρ
804 2176 863 2239 τοῦ
884 2173 1008 2258 κόσμου
1024 2182 1110 2259 Χρι-

78 2272 170 2352 στὸς
199 2272 350 2355 “λάβετε,
381 2270 511 2357 φάγετε.
559 2271 657 2336 τοῦτό
685 2297 749 2354 μου
780 2270 849 2338 ἐστὶ
878 2272 917 2338 τό
947 2275 1043 2355 σῶμα
1070 2273 1109 2338 τὸ

81 2361 175 2455 ὑπὲρ
198 2366 288 2454 ῦμιῦν
310 2368 474 2452 κλώμενον
507 2368 554 2446 είς
582 2366 701 2454 ἄφεσιν
726 2366 922 2454 άμαρτιῶν.”
965 2371 1110 2436 πλουσία
1122 2382 1149 2434 1⁶

53 2467 152 2549 θλτῆς
179 2470 383 2554 παρθενικῆς
414 2462 433 2552 ἡ
464 2466 649 2550 πανάρετος
676 2465 838 2549 τράπεζα,
874 2457 900 2532 ιῦ
934 2461 1110 2552 ἀγαπητοί,

10 2602 14 2627 ι
88 2573 260 2632 παντοίων
282 2568 389 2631 καλῶν
410 2564 594 2647 βρωμάτων
623 2565 708 2646 πρὸς
730 2560 918 2631 ἀπόλαυσιν
940 2567 979 2651 τῇ
1003 2564 1111 2630 οἰκον-

89 2666 171 2750 ίίένη
195 2661 382 2751 ἐδωρήσατο
406 2657 423 2749 η
448 2657 525 2727 όσία
548 2668 718 2743 παρθένος
745 2665 797 2727 καλ
821 2661 925 2748 μήτηρ
948 2665 1006 2727 τοῦ
1026 2668 1111 2744 Χρι-
1154 2654 1157 2663 ’

10 2780 13 2835 ξ
92 2766 182 2842 σποῦ,
205 2758 224 2848 ἦ
247 2761 304 2826 τόν
327 2758 488 2847 φωτεινόν
512 2758 625 2840 λύχνον
647 2758 704 2824 τὸν
728 2758 939 2843 ἐκλάμπουτα
963 2759 995 2825 ἕν
1012 2754 1111 2841 οὐρα-

92 2857 141 2937 νῷ
162 2863 214 2927 καὶ
237 2859 293 2926 ἐπὶ
316 2861 373 2943 γῆς
394 2855 592 2940 βαστάσασα
614 2856 777 2941 Χριστόν·
813 2857 897 2942 πρὸς
925 2855 962 2944 ἢν
987 2852 1004 2920 ὁ
1026 2876 1151 2939 προ-τι)

94 2953 200 3044 Ψήτης
211 2963 377 3040 Ζαχαρίας
401 2953 493 3019 “ἰδοῦ
514 2956 627 3036 λυχνία
648 2958 760 3042 χρυσῆ,
784 2954 837 3021 καὶ
859 2953 898 3020 τό
921 2952 1112 3037 λαμπάδιον

90 3040 207 3122 ἐΤῑάνω
229 3050 355 3140 αῦτης.”
397 3056 571 3136 τοιγαροῦν
600 3055 652 3117 καὶ
684 3048 834 3136 όΔαβλό
862 3052 901 3117 τὸ
930 3051 1113 3138 μελῳόικὸν

90 3153 202 3236 στόμα
222 3155 321 3218 τοῦτο
342 3153 407 3237 βοᾷ
436 3149 569 3233 *λύχνος
597 3160 669 3227 τοῖς
692 3157 775 3216 ποσί
795 3173 858 3232 μου
883 3144 901 3215 ό
924 3149 1019 3236 λόγος
1041 3173 1111 3221 σου,

86 3250 148 3313 καὶ
199 3254 244 3330 ιῦς
264 3260 336 3327 τοῖς
357 3255 485 3330 τρίβοις
504 3250 596 3331 μου.”

170 3276 210 3414 λλ
233 3349 347 3430 λυχνία
369 3345 554 3432 παρθενικη
583 3341 601 3431 ἦ
632 3345 708 3423 τοὺς
736 3344 985 3426 ε’σκοτισμένους
1008 3350 1113 3429 φωτί·
1097 3360 1153 3411 -25

88 3451 190 3524 σ(εσυ,
222 3473 248 3512 ω
272 3449 383 3527 λυχνία
406 3442 591 3527 παρθενικη
622 3470 653 3560 η
667 3443 706 3508 τό
736 3442 851 3520 σκότος
882 3438 1113 3509 άπελαόνουσα

88 3543 149 3604 ’4σί
170 3544 208 3609 τό
227 3545 304 3665 φιῦς
326 3543 487 3626 καταυγά
474 3543 581 3607 ουσα.
627 3567 653 3605 ω
640 3529 767 3621 λυχνί
768 3566 789 3604 α
817 3538 1002 3625 παρθενικη
1032 3533 1113 3624 ητὸ

58 3618 162 3745 Επῖρ
184 3644 236 3707 καὶ
260 3641 299 3705 τὸ
322 3635 473 3706 ἕλαιον’
455 3639 637 3724 αχιόριοτον
653 3637 739 3721 πρὸς
755 3637 927 3723 φωτισμὸν
948 3637 1112 3719 ἐνέγκασα.

99 3714 127 3789 ‘⁴³⁸
149 3738 259 3820 λυχνία
280 3736 478 3821 παρθενικη,
500 3761 539 3821 τρ
542 3742 669 3822 ίφιυτον
692 3738 725 3802 ἐν
748 3737 814 3817 πῦρ
839 3733 1008 3818 ἄσβεστον,
1034 3727 1115 3814 ὁμο-

10 3820 31 3947 χ
107 3825 251 3902 0ῦοιυν
232 3859 281 3950 αφ
315 3830 526 3919 ὑψηλοτάτου
548 3832 674 3919 θρόνου
697 3833 845 3916 λαβοῦσα
867 3856 920 3897 και
943 3855 1028 3914 προς
1044 3853 1115 3915 φω
1123 3850 1155 3900 3⁰

10 3941 40 4017 ἵεΙΙ
110 3933 213 4047 ῐιυμὸν
234 3935 293 4016 τῆς
316 3933 507 4017 οίκουμίνης
535 3932 742 4043 ίκλάμφυσα.
787 3955 813 3993 ω
843 3930 955 4010 λυχνία
984 3933 1116 4008 παρθε-

10 4022 51 4081 νεῖ
117 4027 185 4116 ίυιη,
216 4019 355 4142 περίης
338 4030 434 4107 ςῦιὰ
461 4031 520 4094 τοῦ
549 4052 723 4144 προφητου
754 4022 882 4112 λέγει“
867 4050 884 4091 υ
914 4025 995 4103 θεὸς
1029 4022 1115 4088 “ε’κεῖ

10 4118 131 4209 ,τ’τχ
123 4084 454 4211 ἔξυνατελιῖικόραςτφ
439 4120 626 4208 ’Δαβλδᾙ
611 4122 1115 4209 ητοίμασαλιχνοντιῦΧριστῷ
