2586 4822
477 823 768 880 annuntiandum.
1071 809 1131 879 tat

110 980 249 1039 lulianum
271 996 372 1038 aunum
394 991 561 1056 evagaretur,
585 992 696 1057 recepto
719 983 783 1040 anni
805 981 900 1041 iuliani
917 989 993 1057 typo,
1006 983 1135 1043 ‘tricem

109 1067 173 1129 rios
193 1082 303 1123 menses
324 1066 499 1124 nilrilominns
520 1068 641 1133 retinuit,
665 1084 727 1126 enm
749 1061 982 1143 tuapeptrmas
1005 1077 1033 1126 et
1047 1068 1135 1126 iuter·

109 1151 181 1208 dum
205 1152 237 1208 6:
260 1151 297 1207 ita
319 1150 447 1208 credibile
470 1160 511 1208 est
526 1152 706 1210 Athenienses
724 1152 795 1209 idem
810 1153 838 1208 in
859 1168 931 1209 anno
953 1168 1004 1211 suo
1027 1152 1132 1219 iecisse.

111 1244 147 1293 ut
170 1235 280 1292 tricenis
302 1236 431 1293 duntaxat
452 1235 549 1293 diebus
571 1237 671 1311 singuli
692 1255 801 1295 menses
819 1236 1005 1303 decurrerent,
1028 1254 1079 1295 nec
1100 1237 1135 1295 ad

112 1320 281 1378 lulianorum
303 1321 436 1377 mensium
458 1320 669 1395 descriptionem
684 1322 858 1398 quadrarent.
889 1321 1010 1396 Scaliger
1024 1323 1134 1397 quidem

110 1406 150 1465 de
172 1405 346 1464 Emendatd
370 1423 398 1479 p.
416 1407 474 1464 227
504 1405 550 1462 uhi
578 1406 612 1463 de
639 1423 710 1464 anno
733 1407 835 1464 iuliano
856 1408 955 1464 Athen.
983 1407 1052 1482 agit,
1082 1408 1134 1464 hos
1225 1408 1238 1425 '

111 1492 192 1566 ipsos
221 1499 300 1565 putat
327 1508 381 1547 non
410 1491 490 1547 modo
514 1490 644 1547 lulianum
672 1509 789 1557 aunum,
819 1491 871 1549 hoc
900 1502 942 1549 est
963 1490 1085 1549 Solarem
1107 1500 1135 1554 at

112 1576 215 1640 lirum,
246 1592 338 1632 verum
367 1577 446 1632 eham
474 1575 590 1632 lulianus
619 1593 727 1633 menses
756 1576 895 1633 admisisse
922 1586 950 1633 et
976 1575 1133 1633 lleoatomb.

111 1661 211 1719 Neam.
235 1660 292 1716 lial.
316 1661 382 1734 ipsis
405 1659 465 1717 lulii
492 1661 645 1718 convenire.
689 1660 743 1718 Sed
771 1662 797 1717 in
820 1678 853 1717 eo
876 1661 1015 1734 probando
1037 1662 1136 1717 mirum

112 1763 199 1820 quam
221 1746 317 1802 inscite
340 1745 518 1819 imperiteque
533 1754 666 1801 versetur.
697 1745 742 1802 Sic
756 1746 828 1802 enim
844 1745 978 1818 disputat:
1001 1746 1135 1803 Luciarms

113 1832 145 1888 in
169 1831 221 1886 vita
238 1830 377 1904 Peregrini
400 1831 489 1886 statim
511 1840 574 1903 post
590 1830 774 1904 olympiacum
797 1830 939 1894 ludicrum,
963 1847 1024 1886 eum
1047 1830 1137 1887 adhue

114 1916 249 1990 frequens
271 1925 407 1971 mercatus
430 1924 519 1980 esset,
547 1916 618 1972 eirea
640 1915 754 1973 mediam
778 1924 885 1972 noctem
908 1914 1085 1988 Peregrinum
1106 1914 1143 1971 se'

116 2001 146 2057 iu
170 2017 266 2074 rogum
289 2000 413 2056 iniecisse
437 2009 536 2063 narrat,
561 1999 732 2057 commodum
751 2000 888 2056 exoriente
904 2000 987 2055 Luna.
1019 1999 1138 2073 Contigit

115 2085 260 2159 Peregrini
280 2102 355 2141 mors
377 2084 495 2142 Eusebio
517 2094 588 2142 teste
611 2085 716 2159 Olymp.
734 2086 810 2150 236,
842 2084 921 2158 Cyclo
942 2084 1007 2140 XlV.
1054 2085 1139 2158 igitur

115 2171 179 2228 lulii
193 2170 260 2226 nvn
283 2170 358 2226 Luna
380 2180 438 2226 erat
460 2170 504 2226 t'dt
525 2179 572 2227 aut
590 2171 645 2227 lllll
669 2179 696 2226 et
717 2170 778 2226 ideo
801 2169 871 2226 eirca
892 2169 1006 2225 mediam
1028 2178 1138 2226 noctem

112 2254 267 2313 oriebatur.
311 2256 394 2330 Atqui
422 2255 592 2329 Olympiacus
627 2272 697 2329 agon
731 2253 861 2312 celebrari
892 2253 996 2311 solebat
1024 2254 1068 2311 llV
1095 2253 1138 2312 die

115 2341 222 2397 mensis
252 2341 350 2414 primo.
393 2340 486 2415 ltaque
519 2358 581 2396 cum
615 2357 649 2397 eo
677 2340 786 2397 saeculo
817 2338 1034 2403 llecatombaeou
1067 2339 1139 2396 idem

115 2434 195 2483 esset
226 2426 274 2498 qui
306 2425 406 2489 lulius,
436 2425 478 2481 lil'
501 2425 559 2481 lulii
593 2424 746 2482 celebratus
779 2434 821 2480 est
849 2441 920 2498 agon
942 2433 970 2481 et
992 2424 1075 2481 tertio
1096 2424 1138 2480 die

114 2528 136 2568 a
163 2509 311 2567 certamine
340 2510 416 2567 linito
439 2511 514 2566 Luna
543 2520 601 2567 erat
623 2510 677 2566 llll.
720 2509 760 2565 Eu
789 2509 913 2565 criticum
934 2509 1051 2565 hominis
1073 2524 1140 2565 acu·

117 2612 194 2652 men.
235 2594 479 2651 Demonstrandum
513 2603 571 2651 erat
610 2592 873 2651 llecatombaeonem
905 2595 1024 2650 Atticum
1057 2592 1140 2649 lixum

117 2680 206 2737 luisse
238 2680 265 2735 in
293 2679 418 2735 Kalendis
453 2678 535 2735 luliis.
579 2678 620 2735 Ad
652 2679 679 2735 id
710 2679 822 2736 Luciani
854 2678 1039 2735 testimonium
1072 2693 1140 2750 pro·

118 2766 190 2830 lert,
231 2764 305 2841 quod
336 2763 369 2818 ad
401 2781 459 2820 rem
496 2763 562 2819 nihil
598 2764 708 2821 omnino
744 2763 872 2837 pertinet.
917 2763 945 2819 Si
974 2761 1039 2837 quid
1068 2761 1190 2818 enimllt

117 2867 154 2908 ex
184 2865 217 2906 eo
245 2850 278 2905 de
299 2848 446 2905 Neonteuia
473 2848 573 2905 mensis
601 2847 732 2912 efficitur,
761 2847 794 2904 ad
821 2846 995 2911 Elidensium,
1023 2863 1079 2902 non
1106 2845 1140 2903 ad
1210 2901 1215 2911 ‚

117 2933 327 2993 Atheniensium
356 2950 456 2989 annum
478 2950 509 2990 ac
530 2949 652 2989 mensem
673 2933 799 2989 refertur.
843 2931 908 2987 Nam
929 2931 957 2987 in
978 2930 1062 2997 Elide,
1085 2947 1142 2989 noa

118 3020 253 3083 Athenis,
283 3026 360 3091 gesta
383 3027 448 3074 suut
475 3035 544 3091 quae
567 3035 583 3074 a
605 3018 722 3074 buriano
745 3026 897 3074 narramur.
942 3015 1044 3073 Deinde
1065 3015 1141 3073 illum

118 3106 211 3180 ipsum
227 3103 337 3160 luciani
358 3103 448 3159 locum
470 3120 551 3177 quam
572 3103 742 3177 negligenter
764 3102 866 3176 attigit!
897 3101 956 3158 n'on
979 3101 1050 3158 enim
1071 3101 1143 3159 scri-

119 3189 172 3253 bit,
197 3190 267 3246 circa
289 3188 404 3244 mediam
427 3198 535 3246 noctem
557 3198 678 3247 exortam
700 3188 885 3252 essebonum,
907 3187 956 3244 sed
977 3187 1092 3243 amicum
1108 3184 1144 3242 il·

119 3275 190 3340 lum,
213 3274 245 3330 ad
269 3290 350 3349 quem
372 3273 526 3338 dir,erterat
550 3275 621 3330 eirca
641 3272 756 3330 mediam
778 3281 886 3330 noctem
909 3273 942 3328 ad
957 3270 985 3328 id
999 3281 1144 3372 spectacu-

120 3359 180 3417 lum
203 3358 370 3432 proiectum:
394 3375 461 3458 περι
454 3349 618 3431 μέσας
584 3375 694 3424 νυκτας
707 3349 908 3426 ἐξαναστὰς
891 3350 980 3454 nuper
996 3348 1075 3413 adad
1089 3357 1144 3429 τῆς

112 3436 275 3543 Ἁρπίνης·
306 3427 429 3500 ἔνθα
411 3462 450 3517 ην
476 3437 494 3518 ἦ
522 3437 622 3545 nvgpl,
650 3434 770 3500 στάδιοι
797 3437 906 3510 πάντες
928 3423 1011 3498 οὗτοι
1033 3433 1144 3497 εἴκοσιν

121 3518 186 3586 ἀπὸ
210 3529 265 3603 τῆς
276 3519 413 3600 ’torvam
412 3545 448 3594 ας
469 3523 548 3584 κατὰ
564 3522 619 3601 τὴν
635 3520 835 3603 ἱππόδρομον.
864 3527 926 3584 bloi
939 3543 1003 3583 vero
1018 3526 1141 3583 subiicit:

120 3609 176 3671 καὶ
199 3604 341 3687 inradia}
365 3606 482 3687 Σελήνη
505 3605 661 3682 ἀνέτειλεν,
685 3621 736 3668 etc.
760 3605 894 3687 πρόεισιν
916 3606 1035 3676 ἐκεῖνος.
1064 3609 1143 3667 Aoui-

120 3699 191 3755 dere
213 3698 305 3772 itaque
327 3697 417 3771 potuit
446 3705 477 3752 ut
499 3695 613 3760 duabus,
646 3697 687 3752 vel
709 3696 797 3752 tribus
819 3697 894 3752 horis
916 3712 932 3750 a
953 3695 1042 3751 media
1062 3703 1144 3753 nocte

120 3785 177 3842 iam
194 3781 293 3857 elapsis
308 3798 440 3856 apparere
452 3782 526 3837 buna
542 3781 674 3854 coeperit.
696 3780 749 3837 Sed
765 3796 854 3853 neque
869 3780 950 3836 tertio
965 3778 1007 3836 vel
1022 3780 1143 3836 secundo

121 3869 219 3945 potius
242 3885 323 3942 quam
345 3876 442 3940 quarto
464 3866 506 3922 vel
527 3866 623 3940 quinto
646 3882 661 3922 a
683 3865 839 3922 celebritate
861 3864 904 3920 die
926 3864 999 3920 istud
1023 3865 1145 3922 evenisse

121 3952 230 4010 debuit.
261 3951 361 4009 Scribit
383 3952 454 4008 enim
477 3951 611 4007 lucianus
633 3949 744 4007 linitis
738 3967 790 4008 rain
806 3949 966 4024 Olympiacis
988 3948 1068 4015 ludis,
1091 3949 1146 4006 Pe·

122 4039 267 4114 regrinum
295 4038 366 4094 diem
394 4037 427 4093 de
456 4035 499 4092 die
526 4036 693 4101 trahentem,
722 4035 830 4092 demum
858 4043 959 4091 certam
987 4034 1014 4090 iu
1036 4044 1146 4091 noctem

121 4123 289 4183 condixisse.
335 4115 351 4180 ὁ
382 4117 416 4180 de
444 4116 500 4178 olel
530 4113 778 4194 ἀναβαλλόμενος
804 4113 900 4177 νύκτα
921 4113 956 4177 τὸ
975 4117 1147 4177 relectum
