2586 4822
67 39 1269 299 u

385 829 423 879 oa
441 829 592 882 srusums
611 830 648 882 aa
665 830 863 882 rouoauums,
1091 817 1131 879 63
1218 786 1223 799 ’

116 983 204 1041 mhilc
227 984 317 1057 ipsum
339 985 440 1042 errtrns
462 985 558 1059 attigit,
583 987 665 1060 quod,
689 987 740 1043 nisi
757 983 880 1051 lallimur,
905 986 1011 1042 tandem
1027 986 1133 1044 odorati

115 1086 218 1125 snmus.
250 1068 398 1126 Constabat
413 1070 571 1144 Epiphanio,
595 1072 785 1144 Symmachum
801 1071 988 1128 ‘lhecdctionc
1004 1072 1133 1145 superio-

114 1171 169 1211 rem
192 1154 331 1211 extitisse:
355 1156 476 1229 itemque
497 1155 711 1213 Theodotionem
734 1156 785 1212 suh
807 1156 918 1222 Severo,
941 1156 1130 1230 Symmachum
1175 1215 1181 1228 ,

114 1238 163 1296 sut
180 1238 337 1297 Commodo
356 1240 511 1314 scripsisse.
548 1241 622 1310 Quae
644 1242 771 1317 quoniam
794 1235 998 1316 ἀσύγκλωστα
1019 1251 1047 1297 et
1069 1258 1130 1298 cum

113 1325 226 1381 historia
250 1325 396 1399 pugnantia
419 1334 492 1390 sunt,
515 1326 709 1391 animadvertit,
733 1326 803 1382 duos
817 1326 934 1400 primum
949 1326 1033 1382 luisse
1049 1326 1131 1383 Com-

113 1409 225 1474 modos,
255 1410 377 1465 altorem
399 1409 432 1465 ll.
448 1410 549 1467 Aurelii
571 1410 718 1484 collegam,
741 1412 788 1485 qui
810 1428 872 1467 cum
895 1429 928 1469 eo
950 1412 1130 1468 communiter

111 1494 269 1569 imperavit:
293 1496 413 1551 altarum
434 1494 534 1559 lilium,
563 1498 610 1571 qui
631 1496 741 1552 Aurelio
764 1497 833 1570 patri
856 1496 993 1553 saccessit.
1038 1496 1076 1552 Ex
1097 1497 1129 1552 iis

112 1579 277 1645 Commodis,
300 1580 480 1654 posteriorem
503 1581 578 1636 illum
601 1597 661 1637 esse
683 1583 768 1647 scivit,
791 1581 847 1637 suh
865 1598 919 1655 quo
935 1581 1130 1637 'theodotionis

111 1665 193 1722 editio
216 1665 365 1738 prodierat.
406 1665 494 1734 Quare
516 1683 571 1722 uon
594 1666 724 1722 dubitavit
746 1668 810 1740 quin
833 1676 895 1722 ante
918 1667 991 1722 hunc
1012 1666 1129 1723 Severus

111 1749 256 1807 extitisset.
300 1750 417 1806 Proinde
446 1751 561 1807 Seuerus
594 1751 663 1807 duos
697 1768 757 1808 esse
785 1752 907 1808 credidit.
951 1753 1040 1824 Atque
1068 1751 1128 1807 ideo

110 1853 136 1908 p.
149 1839 233 1892 1742·
250 1828 328 1906 μετὰ
343 1837 462 1904 τοῦτον,
485 1836 580 1909 iuquit,
604 1837 656 1893 hoc
672 1846 723 1901 est,
747 1837 781 1892 ll.
797 1836 943 1901 Aurelium,
959 1829 1136 1908 detptodoc'

111 1911 205 1986 ἄλλος
225 1913 389 1989 βασιλεύει.
420 1920 486 1976 Tum
510 1922 543 1977 de
566 1922 681 1977 Severo:
708 1922 817 1978 τοῦτον
838 1911 1008 1994 διαόέχεται
1029 1915 1129 1994 Σευῆ-

112 2021 164 2080 ρος
184 1995 290 2071 ἄλλος.
334 2004 367 2060 Et
389 2023 413 2061 c.
427 2010 461 2063 17
486 2006 699 2063 Theodotinnem
723 2007 759 2062 ait
781 2001 848 2081 napi
870 1997 926 2080 τὴν
945 2007 1003 2063 τοῦ
1025 1999 1138 2062 decad--

112 2106 165 2165 pou
186 2080 365 2163 Koptpsddov
386 2085 545 2162 βασιλείαν
566 2091 697 2155 edidisse,
721 2092 767 2164 qui
789 2092 872 2165 priori
895 2091 1041 2148 Commodo
1064 2107 1129 2146 suc-

113 2175 200 2230 cessit.
234 2174 303 2230 Cum
325 2174 379 2230 duo
402 2176 455 2232 sint
478 2193 508 2231 er
525 2176 665 2250 Epiphauii
684 2185 774 2232 mente
791 2175 937 2240 Commodi,
962 2176 1129 2248 totidemque

113 2259 217 2325 Meri,
243 2260 343 2316 horum
365 2261 439 2334 prior
460 2262 640 2334 posteriorem
664 2261 840 2317 Commodum
862 2262 1018 2322 antecessit.
1057 2260 1128 2334 Ergo

113 2355 154 2400 aut
176 2354 222 2401 est
246 2344 281 2400 ll.
296 2345 421 2400 Aurelius
443 2345 538 2408 Verus,
563 2355 610 2402 aut
632 2347 730 2402 Lucius
754 2346 915 2402 Commodos
939 2347 1032 2402 Verus.
1069 2344 1127 2400 Non

113 2439 200 2502 potest
223 2430 270 2485 hic
293 2447 363 2494 csse,
386 2431 448 2504 quia
471 2431 586 2487 Severus
609 2432 683 2504 prior
706 2441 758 2486 tarn
781 2431 813 2486 ab
837 2440 954 2504 utroque
980 2430 1127 2487 Commodo

115 2532 190 2589 uuam
220 2533 237 2570 a
266 2515 419 2588 posteriore
451 2516 551 2572 Severo
580 2516 750 2571 discernitur.
795 2516 853 2570 Non
881 2515 948 2570 alius
976 2524 1019 2570 est
1045 2515 1129 2586 igitur

116 2617 192 2674 mam
212 2599 251 2655 li.
265 2599 392 2655 Aurelius
415 2599 508 2656 Verus.
553 2596 704 2677 Σευῆρυς,
727 2601 851 2673 iuquam,
876 2616 925 2673 pro
952 2592 1073 2675 Οὐῆρος
1094 2598 1126 2652 ab

116 2683 262 2758 lpiphanio
278 2684 460 2758 Philosophus
483 2685 534 2741 iste
558 2687 712 2740 nominatus
734 2694 785 2741 est.
816 2685 893 2752 Quod
915 2684 1024 2759 quidem
1047 2682 1130 2755 paulo

117 2778 171 2825 aste
193 2778 342 2844 corruptae
363 2769 487 2825 lectionis
508 2770 619 2844 vestigia
642 2771 842 2826 demonstrant:
866 2760 901 2835 ὃς
922 2765 972 2823 καὶ
995 2762 1129 2844 Μάρκος

117 2848 263 2928 Αὐριλιος
285 2850 388 2930 Σουῆρ
411 2849 536 2930 ἐλέγετο.
580 2855 633 2910 Pro
656 2871 711 2928 quo
736 2847 858 2931 Οὐῆρος
879 2854 912 2910 ad
935 2870 1009 2910 oram
1032 2853 1128 2926 legeu-

117 2939 172 2995 luro
201 2938 406 3013 adscripsimus.
452 2939 528 2995 Nunc
551 2934 688 3015 Σευῆρος
709 2939 813 3004 malina,
842 2956 894 2995 nec
915 2940 986 2995 aliud
1008 2937 1128 3012 Epipha-

117 3016 184 3079 rium'
205 3024 342 3087 uoluisse,
371 3025 418 3098 qui
440 3033 544 3081 attente
565 3042 634 3100 quae
655 3024 708 3079 dixi
729 3025 917 3098 perpenderit,
942 3040 1047 3080 mecum
1070 3022 1128 3078 eri-

67 3152 69 3156 .
117 3108 239 3164 stimabit.
284 3109 377 3183 Neque
405 3109 480 3166 solus
508 3110 560 3166 hoc
581 3109 746 3183 Epiphanius
769 3110 916 3169 commisit,
945 3119 976 3164 ut
997 3109 1127 3164 Sevemm

67 3198 69 3229 ³
116 3209 157 3264 pro
182 3194 254 3249 Vero
276 3203 405 3259 sumeret,
427 3195 476 3250 sed
498 3195 591 3250 etalii
613 3204 666 3250 tam
688 3195 791 3259 Graeci,-
815 3210 894 3268 quam
915 3194 1009 3259 hatini,
1034 3193 1126 3264 Graeci

67 3276 69 3348 l
116 3279 217 3416 paridem
248 3278 381 3352 plerique.
426 3279 462 3334 Ex
484 3280 584 3336 Latinis
612 3296 676 3334 aero
700 3279 876 3336 Cassiodorus
904 3279 955 3334 sub
979 3277 1126 3335 Consulatu

132 3365 200 3420 evea
229 3372 260 3419 et
282 3363 445 3420 llereuuiaui
477 3366 528 3421 ista
561 3363 683 3419 subiicit:
713 3365 768 3420 His
792 3364 867 3420 Coss.
890 3364 994 3419 hucim
1019 3361 1126 3418 Annius

115 3448 267 3504 interime
290 3447 409 3505 Seuerus
437 3466 512 3505 anno
533 3450 613 3520 repas·
634 3451 779 3504 undecimo
799 3450 874 3504 inter
896 3447 1080 3504 Concordiam
1101 3457 1127 3503 et

114 3531 232 3590 ΛΜ
255 3535 391 3606 spoptcot
412 3535 549 3590 extinctus
570 3543 618 3590 est.
661 3534 881 3608 Quandoquidem
905 3534 1020 3589 Severus
1042 3534 1125 3607 prior,

113 3635 139 3675 ex
159 3619 308 3693 Epiphanii
330 3620 480 3683 sententia,
504 3620 537 3676 hi.
554 3620 679 3676 Aurelius
702 3628 759 3683 est,
781 3636 835 3675 non
859 3619 895 3681 is,
925 3621 972 3691 qui
994 3618 1126 3674 Pertinaci

112 3721 137 3761 ae
157 3705 267 3760 iuliano
288 3706 435 3770 successit,
464 3715 575 3779 apparet
597 3705 802 3779 Symmachum,
826 3704 872 3777 qui
895 3703 945 3759 snb
967 3704 1058 3777 priora
1080 3702 1126 3758 illc

110 3788 208 3845 Severo
230 3789 267 3845 ab
289 3788 439 3862 Epiphanio
462 3790 623 3853 collocatur,
646 3805 817 3864 nequaquam
839 3788 872 3844 ad
894 3789 1054 3862 posterioris
1075 3787 1128 3843 Se·

111 3876 159 3931 reri
183 3883 311 3948 tempora
333 3874 442 3940 saleru,
466 3875 539 3947 quod
562 3890 657 3930 omnes
680 3875 812 3930 hactenus
834 3872 955 3930 arbitrati
977 3882 1056 3936 sunt,
1080 3872 1127 3945 qui

110 3969 133 4016 st
159 3960 313 4034 pugnantis
334 3959 419 4033 'loqui
439 3959 615 4032 Epiphanium
644 3958 770 4030 dixerunt
792 3968 820 4015 et
842 3948 1020 4031 posteriorem
1044 3956 1127 4013 luisse

109 4043 296 4103 Theodotioue
312 4045 503 4119 Symmachum
525 4060 580 4099 nou
603 4044 681 4099 aliam
696 4043 731 4100 olt
747 4061 869 4100 caussam
885 4052 1022 4117 putarunt,
1046 4057 1126 4117 quam

110 4133 177 4203 quod
200 4129 373 4205 Epiphanius
387 4128 600 4186 tteotottonen
624 4128 674 4185 sub
690 4129 847 4194 Commodo,
870 4127 1060 4202 Symmachum
1075 4125 1126 4185 stab
