2586 4822
507 796 528 847 1.
563 797 627 847 5552
646 797 690 847 ΤΑ
708 796 800 846 τινι.
1147 789 1168 848 5

144 945 209 1032 δρῶ
231 948 311 1028 τοὺς
331 943 505 1027 παϊδας’
480 973 525 1026 ως
547 947 729 1034 νεοφύτους
751 944 852 1031 δι’ρνας
875 941 1007 1015 ῶσαννδ
1033 948 1067 1017 ἐν
1091 960 1165 1030 τοῖς

144 1040 204 1129 555
205 1069 315 1125 στοις,
344 1040 596 1132 εὐλογημένος(
580 1069 598 1110 ο
622 1044 810 1166 ἐρχόμενος,
838 1049 978 1131 Χριστιῦ
1000 1047 1164 1132 λέγοντας.

145 1140 217 1222 μεθ’
244 1131 290 1208 ῶν
312 1141 500 1227 κρατήσασα
526 1147 610 1227 μέγα
637 1145 676 1228 τῇ
698 1145 781 1225 χειρὶ
804 1141 929 1226 βόησον
951 1144 1088 1229 λαμπρᾷ
1110 1147 1165 1211 καλ

148 1239 371 1324 λεοντιαἩᾳ
332 1264 371 1325 τη
394 1241 498 1325 φωνῇ,
524 1237 681 1325 λιμεόρτιά
702 1265 738 1304 τε
762 1235 844 1322 ὁμοῦ
861 1241 915 1304 καὶ
934 1233 1166 1328 εύχαριστηρια

148 1335 292 1419 λέγουσα.
339 1334 410 1402 ἰδού
433 1333 512 1420 ἐγιό,
544 1338 597 1402 καλ
625 1336 668 1401 τά
696 1337 832 1414 παιδία,
868 1331 971 1419 δόμοι
998 1337 1116 1403 ἔδωκεν
1147 1332 1190 1406 55

150 1433 224 1511 θεὸς
246 1436 286 1519 τῆ
309 1456 393 1500 ποτε
416 1429 537 1517 άτέκνῳ
567 1435 620 1497 καὶ
645 1425 801 1518 άγνῶστῳ
825 1439 954 1519 στείρᾳ·
990 1427 1164 1520 εὐλογημέ-

148 1551 199 1607 νος
221 1525 238 1594 5
261 1529 388 1608 55555,
423 1525 507 1595 άλλδι
534 1529 599 1614 μὴν
627 1527 800 1612 ἐρχόμενος
828 1528 862 1594 ἐν
891 1523 1030 1612 όνόματι
1051 1538 1165 1614 κυρίου

104 1638 139 1693 Ι)
154 1626 225 1704 θεὸς
246 1627 365 1710 κύριος,
389 1629 441 1692 καλ
465 1626 630 1712 ἔπέφανεν
652 1620 745 1711 ἡμῖν·
776 1622 993 1710 δι’ρχόμενος,
1018 1623 1036 1691 5
1058 1629 1166 1712 μηδα·

155 1727 208 1802 μού
239 1723 460 1807 χωρούμενος·
501 1722 673 1807 ἐρχόμενος
703 1719 719 1787 5
747 1725 900 1810 μηδαμοῦ
929 1723 1163 1807 κρατούμενος·

158 1813 357 1907 εόλογημένος
380 1816 397 1888 5
420 1821 602 1905 ἐρχόμενος,
627 1824 769 1887 καὶτῶν
793 1817 940 1904 ούρανῶν
961 1820 1005 1907 μὴ
1027 1822 1165 1905 χιυριζό-
1176 1838 1205 1890 15

159 1939 254 1997 μενος·
288 1913 501 2004 εύλογημένος
525 1914 759 2003 αύτοπρεπῶς,
790 1922 842 1984 καὶ
867 1917 969 1984 πάλιν
993 1918 1165 2003 ἐρχόμενος

159 2019 365 2100 θεοπρεπῶς·
388 2011 602 2103 εύλογημένος
625 2012 642 2080 5
665 2012 716 2082 ἐπ’
735 2016 791 2098 ἐμὲ
813 2016 869 2082 ἐπὶ
886 2015 1002 2081 πιόλου
1018 2019 1165 2096 τυπικῶς

158 2114 408 2224 ηαραγενόμενος
429 2109 474 2191 ῶς
490 2112 548 2179 ἐπὶ
562 2114 678 2179 πώλου
691 2116 906 2198 Χερουμικού
937 2121 970 2178 τί
984 2112 1045 2198 γάρ
1061 2136 1163 2200 φησιν

120 2201 355 2319 δὶεροκῆρυξ
375 2206 664 2333 εύαγγελιστης
625 2237 683 2299 της
705 2211 819 2297 ἑορτῆς
842 2208 983 2276 ἄκουσον
1016 2211 1163 2296 “ἐγένετσ

120 2284 206 2369 ὅτε
207 2306 346 2426 ἤγγιζεν
369 2303 386 2372 5
409 2307 519 2423 κύριος
549 2308 596 2386 εἷς
618 2305 801 2394 Βηθφαγὴ,
836 2311 889 2373 καὶ
920 2308 967 2386 εἷς
988 2314 1204 2394 Βηθανίανλῦ

161 2400 234 2481 πρὸς
251 2404 288 2470 τό
312 2402 389 2489 όρος
411 2406 449 2470 τὸ
473 2404 672 2489 καλούμενον
708 2405 826 2471 ἐλαιῶν
850 2399 1026 2471 ἀπέστειλε
1049 2404 1106 2469 δύο
1130 2404 1165 2472 ἐκ

118 2498 217 2569 Μῶν
236 2506 393 2588 μαθητῶν
417 2499 528 2579 αύτού,
552 2504 663 2587 λέγων,
689 2497 830 2586 ύπάγετε
854 2501 901 2578 εἷς
922 2501 980 2586 τὴν
1003 2496 1166 2568 ἀπέναντι

164 2592 267 2682 κώμην,
296 2601 352 2666 καὶ
382 2599 414 2664 ἒν
444 2602 490 2684 τῷ
521 2599 685 2666 εἰσελθεῖν
714 2595 799 2678 ύμᾶς
822 2594 973 2683 εόρησετε
1003 2595 1079 2662 όνον
1108 2595 1165 2663 καὶ

167 2693 258 2760 τῶλον
280 2697 463 2782 δεδεμένην,
487 2690 685 2774 λύσαντες’
667 2695 802 2779 αγάγετέ
822 2720 892 2776 μοι
931 2697 984 2760 καὶ
1002 2693 1164 2780 ἐποίησαν

170 2784 195 2850 ολ
214 2795 355 2879 μαθηταὶ
383 2793 498 2871 καθώς
530 2793 712 2860 ἐνετείλατο
742 2787 856 2870 αὐτοῖς
885 2788 902 2856 5
929 2786 1059 2878 Ἰησοῦς.
1109 2793 1205 2866 καλου

172 2876 420 2972 λυέστριυσαν
385 2917 427 2955 τα
450 2889 565 2974 ἱμάτια
588 2886 697 2956 αἰτῶν
720 2889 774 2955 ἐπὶ
799 2890 857 2976 τὴν
873 2890 997 2968 πῶλον,
1020 2915 1073 2954 ναι
1064 2888 1165 2954 ἐκά-

172 2983 281 3050 θισεν(
266 3011 283 3051 ο
304 2982 436 3073 Ἰησοῦς.
476 2991 528 3053 καὶ
553 2983 727 3073 εγένετυ“
703 3012 748 3064 ιος
769 2984 899 3109 η’γγισεν
923 2986 969 3064 εἷς
991 2987 1049 3071 τὴν
1065 2988 1191 3067 κατά-

171 3082 245 3155 δοσιν
265 3088 323 3150 τοῦ
348 3082 454 3169 όρους,
478 3079 495 3149 5
520 3083 615 3167 όχλος
639 3084 800 3151 ἐλθῶν’
771 3108 818 3162 εις
833 3082 892 3172 τὴν
907 3082 1023 3169 ἕσρτην
1046 3082 1164 3167 ἔλαβον

170 3177 231 3252 δαΐα
254 3184 319 3247 τῶν
347 3188 521 3268 φοινίκων,
560 3191 613 3248 καὶ
643 3182 784 3302 λξηλδον
814 3180 861 3258 εἷς
891 3174 1076 3266 ἀπάντησιν
1104 3182 1164 3244 τοῦ

170 3260 255 3381 Ἰησοῦ,
278 3277 338 3343 καὶ
355 3278 387 3343 οἱ
409 3279 612 3363 προάγοντες
633 3278 688 3344 καὶ
704 3303 735 3343 οι
727 3272 1040 3355 (ἀκολουθοῦντες
1031 3277 1204 3361 ε’κριιζοννῦ

173 3359 276 3439 ύσαννὰ
303 3379 350 3458 τῶ
379 3375 440 3461 υἱῷ
468 3378 589 3459 Δαβίδ.
634 3370 897 3461 εὐλογημένος
881 3398 899 3438 ο
929 3373 1164 3490 ε’ρχόηιενοςν
1131 3374 1164 3440 ἐν

154 3453 283 3547 Βόνόμστι
304 3475 445 3554 κυρλου.”
482 3468 563 3590 ηύτη
586 3499 644 3559 της
665 3473 837 3558 παρούσης
861 3496 975 3560 εορτνς
996 3498 1015 3556 η
1041 3473 1107 3537 δεσ
1107 3495 1165 3537 ·-ιο

172 3566 226 3646 1⁰51
243 3575 423 3652 παρουσία,
458 3566 539 3689 αύτη
567 3574 625 3635 τοῦ
648 3572 812 3652 βασιλέως
833 3572 899 3633 τῶν
920 3568 1165 3654 βασιλευόντων

173 3649 265 3739 λέν
241 3665 322 3731 «τῶν
345 3665 453 3732 ιτάλαι
474 3670 527 3733 καὶ
551 3669 607 3733 νύν
628 3666 767 3752 λπιδημ
741 3692 799 3745 ιια,
824 3662 904 3749 αύτη
920 3691 978 3751 της
993 3666 1165 3751 παρούσης

173 3744 233 3840 ’λλλλρ
219 3781 268 3840 ρας
288 3789 305 3850 η
295 3757 462 3847 ίλαμπρὰ
483 3788 538 3829 και
530 3761 676 3850 πάνδηι
676 3787 726 3841 ιος
741 3768 799 3829 τού
815 3767 957 3848 ποιητοῦ
974 3767 1040 3830 τῶν
1057 3759 1086 3828 5
1082 3761 1164 3828 τάν·
1172 3786 1205 3839 ³⁰

173 3871 223 3914 ταν
241 3857 369 3938 ἕλευσις.
408 3859 520 3925 διδ”
484 3886 550 3939 νυν,
574 3856 764 3948 ἀδελφοὶ,
749 3887 766 3925 υ
790 3859 885 3942 όχλος
908 3859 1070 3926 555555’
1042 3886 1086 3936 εις
1106 3884 1164 3972 την

173 3942 200 4008 ἕο
201 3970 276 4039 ριην,
304 3954 544 4040 ἕξέλθωμεν’
515 3982 561 4036 εις
584 3952 770 4042 ἀπάντησιν
793 3952 911 4036 αὐτοῦ,
947 3952 1023 4021 ὅτε
1047 3951 1165 4037 ὁρατός

171 4039 268 4128 κόσμος
293 4048 390 4119 καλό
414 4048 564 4139 ἀόρατος,
595 4057 648 4120 καὶ
672 4054 703 4119 ολ
727 4053 928 4138 προάγοντες
950 4053 1055 4137 χρόνῳ
1079 4075 1165 4134 προ-
