2586 4822
420 805 466 860 nt.
501 812 539 862 m
558 813 694 864 toruum
712 811 806 863 errsc.
825 813 903 865 aren.
1125 799 1165 864 73

636 1146 677 1204 IX

175 1275 412 1349 ΕΡΙΡΗΛΝΙΙ
438 1278 628 1352 EPiSCOPl
663 1278 962 1352 constiturum
992 1282 1114 1358 utrm

170 1390 410 1466 EPISTOLA
443 1393 499 1465 AD
535 1394 731 1467 roduntur
762 1394 1001 1469 episcorum
1028 1397 1115 1470 HIE-

466 1508 844 1582 aosonrtttrarttttt.

261 1727 338 1783 utro
363 1726 558 1784 utnuout'tto
583 1728 802 1785 Puasnrtnttu
827 1729 1045 1786 ruretenent.

328 1891 481 1958 Epiphanius
499 1892 585 1944 ioonui
605 1893 731 1959 Episcopo
749 1893 987 1961 Hierosolymorum.
1174 1907 1190 1956 5

235 2232 358 2293 ltominc
380 2233 567 2294 dilectissimo
590 2235 671 2295 iratri
695 2234 795 2294 ioanni
819 2235 957 2313 episcopo
974 2231 1164 2314 Epiphanius.

157 2322 311 2402 dnortebat
334 2350 396 2403 nos,
421 2331 616 2406 dilectissime,
640 2331 791 2392 clericatus
815 2333 927 2392 honore
952 2351 1009 2392 non
1031 2332 1110 2393 abuti
1134 2334 1163 2393 in

162 2429 331 2503 supertiam,
365 2430 415 2491 sed
444 2430 576 2491 custodia
598 2430 802 2491 mandatorum
831 2430 876 2489 dei
905 2439 934 2489 et
962 2429 1164 2491 observatione

89 2548 96 2655 b
163 2512 366 2600 diligentissima
389 2529 444 2588 hoc
467 2548 532 2590 esse
553 2530 629 2607 (ruod
647 2528 778 2587 dicimur.
818 2527 847 2587 si
871 2528 948 2587 enirn
971 2536 1069 2588 sancta
1094 2529 1167 2588 scri·

93 2656 96 2661 ,
160 2623 235 2684 utura
256 2624 398 2702 loquitur,
436 2625 504 2686 cieri
528 2643 630 2685 eorum
654 2645 713 2684 non
743 2625 907 2704 proderunt
935 2625 977 2685 eis
1004 2625 1053 2703 qrri
1083 2644 1204 2695 arro-10

89 2734 91 2739 '
134 2719 245 2781 Bataua
267 2722 418 2783 clericatus
440 2723 606 2783 conducere
635 2722 721 2782 nobis
750 2723 868 2801 poterit,
902 2723 950 2802 qni
979 2741 1039 2781 non
1069 2722 1163 2782 solum

151 2815 321 2893 tentatione
344 2831 373 2881 et
395 2840 493 2893 sensu,
518 2840 618 2881 rerum
641 2820 727 2880 etiarn
744 2839 879 2880 sermone
896 2818 1071 2899 peccamus?
1106 2824 1165 2881 Au·

144 2897 207 2973 diri
227 2917 333 2996 qrrippe
355 2919 432 2997 quod
456 2927 568 2978 tumeas
591 2928 692 2978 contra
716 2937 770 2978 nos
793 2929 821 2978 et
843 2918 988 2991 irascaris,
1022 2927 1051 2978 et
1079 2919 1165 2979 nrini·

140 3000 217 3074 [eris
237 3016 365 3076 scribere
387 3016 417 3076 iu
433 3026 581 3076 extremos
596 3019 670 3076 tines
687 3025 789 3089 terrae,
814 3024 844 3075 ut
864 3015 926 3076 inca
943 3016 1163 3097 provinciasque

135 3107 208 3170 ¹¹0n
231 3114 388 3175 nominem.
444 3114 482 3174 Et
504 3113 553 3174 nbi
576 3124 621 3174 est
649 3114 695 3174 dei
724 3113 826 3186 timor,
856 3113 904 3192 qui
929 3132 984 3173 nos
1006 3113 1092 3174 debet
1114 3114 1201 3175 ittou

132 3198 272 3272 tremoue
295 3222 460 3283 concutere,
484 3212 533 3290 qui
557 3211 652 3272 dictus
674 3219 719 3271 est
740 3231 755 3271 a
774 3211 902 3283 domino,
927 3211 951 3271 si
974 3212 1039 3289 tritis
1061 3211 1163 3272 irasci-

129 3294 199 3364 tur
222 3310 300 3369 irotri
331 3329 384 3369 suo
414 3309 477 3369 sine
506 3327 608 3382 causa,
644 3327 710 3369 reus
738 3310 793 3370 erit
821 3306 949 3370 iudicio?
991 3308 1054 3369 Non
1084 3309 1162 3388 quod

129 3401 323 3486 magnopere
345 3424 455 3479 curem,
480 3406 504 3467 si
527 3406 638 3466 scribas
659 3407 737 3485 qnod
760 3407 908 3485 placuerit.
954 3406 1163 3468 Scribebantur

130 3501 225 3562 enim
252 3515 281 3564 et
308 3506 448 3583 epistolae
477 3504 610 3585 bybiinae
640 3505 718 3565 iuxta
741 3504 872 3576 Esaiam,
911 3513 940 3565 et
972 3504 1170 3592 mittebantur

109 3591 237 3675 Qssuner
257 3621 362 3681 aquae,
396 3622 470 3682 rurae
492 3603 549 3663 cito
578 3622 643 3663 cum
673 3602 770 3662 seculo
801 3611 961 3662 transeunt.
1007 3602 1082 3662 Nihil
1111 3602 1201 3667 rthiao

139 3698 316 3773 nocuimus,
346 3701 418 3761 niirii
449 3700 571 3761 iniuriae
600 3700 735 3772 fecimus,
769 3700 999 3779 necquicquam
1023 3700 1162 3761 uiolenter

147 3797 330 3858 extorsimus.
380 3798 412 3857 in
436 3797 612 3859 monasterio
636 3799 767 3871 fratrum,
797 3808 826 3858 et
849 3799 970 3859 iratrrun
992 3798 1163 3876 peregrino·

156 3896 227 3962 ium,
246 3896 293 3974 qui
316 3896 483 3975 provinciae
504 3895 576 3955 nihil
597 3905 662 3955 tuae
678 3894 828 3966 deberent,
852 3905 880 3956 et
895 3904 1015 3974 propter
1032 3904 1160 3955 nostram

163 3990 324 4064 cariturum,
348 4002 377 4054 et
398 3992 506 4065 literas,
537 4012 609 4072 quas
631 3993 666 4052 ad
690 4012 742 4054 eos
765 3993 869 4054 crebro
892 3993 1059 4065 direximus,
1082 4010 1161 4052 com-

173 4087 296 4152 munionis
323 4110 439 4170 quoqne
470 4103 535 4152 tuae
564 4100 725 4170 coeperunt
757 4092 865 4152 habere
900 4089 1089 4162 discordiam,
1124 4101 1199 4154 neta
