2586 4822
345 805 379 857 11.
415 808 479 857 1312
495 810 570 858 τιιιι
588 809 712 860 τινων
729 809 802 859 τοκ
820 810 956 860 muoz
1031 799 1035 807 ’
1113 800 1156 862 25

144 951 159 1021 δ
181 957 219 1023 δέ
240 965 314 1035 τοῖς
335 956 451 1042 γόνασι
471 957 510 1024 τὸ
533 959 717 1044 πρόσωπον
733 960 962 1039 ουνεκάλυπτε,
985 957 1040 1026 καὶ
1055 959 1157 1041 δι’λλος

144 1055 267 1143 πρηνής
294 1049 511 1140 άνεπήγνυτο,
545 1061 598 1124 καὶ
628 1059 736 1141 ἕτερος
769 1054 849 1124 ὡσεὶ
876 1058 987 1141 νεκρὸς
1009 1054 1155 1145 ἆπεστή·

145 1153 248 1231 λοῦτο,
273 1155 325 1218 καὶ
349 1151 448 1231 ἄλλος
470 1159 516 1238 τῷ
540 1155 665 1239 θάμβει
688 1163 860 1238 κατείχετο,
890 1155 944 1220 καί
968 1156 1076 1239 ἐτερος
1096 1152 1155 1242 ήλ-

146 1250 320 1333 λοιωμένος
342 1258 516 1330 κατέκειτο,
540 1257 591 1317 καὶ
616 1251 715 1331 ἄλλος
731 1254 899 1337 ἐνδότερον
915 1254 1057 1338 ἔφευγεν.
1088 1254 1154 1321 ἐκεῖ

147 1348 198 1432 γάρ
220 1348 297 1415 τότε
320 1350 455 1429 διέκοψε
476 1349 623 1433 Χριστὸς
656 1350 689 1416 ἐν
712 1350 863 1418 ἐκστάσει
889 1352 1034 1436 κεφαλὰς
1057 1353 1180 1417 δυνά-5

149 1449 234 1525 σιῶν,
260 1445 327 1512 ἐκεῖ
349 1447 550 1533 ἐσείσθησαν
573 1448 606 1514 έν
629 1448 768 1527 ἑαυτοῖς,
793 1451 858 1516 ἐκεῖ
881 1449 1046 1534 διήνοιξαν
1061 1451 1154 1531 χαλι-
1219 1524 1223 1531 ,

148 1543 213 1622 τοὺς
235 1540 343 1610 αύτῶν
367 1547 528 1629 λέγοντες,
560 1553 611 1624 τίς
641 1545 728 1612 ἐστιν
758 1536 854 1624 οὗτος
883 1542 1076 1630 δμαοιλεάς
1098 1551 1155 1632 τῆς

147 1641 252 1728 δύξης,·
290 1649 341 1720 τίς
363 1644 451 1708 ἐστιν
474 1632 570 1720 οὗτος
599 1639 805 1723 ὁτοσούτος,
836 1640 959 1727 δμετά
986 1644 1153 1709 τοσούτων

126 1743 279 1806 Βισιαῦτα
302 1741 448 1806 ἐνταῦθα
471 1741 631 1807 ἐπιτελῶν
654 1742 829 1826 θαύματας
864 1749 913 1820 τίς
941 1731 1036 1818 οὗτός
1065 1742 1153 1808 ἐστιν

142 1831 158 1900 δ
180 1838 335 1920 βασιλεύς
357 1841 414 1926 τῆς
437 1840 540 1924 δόξης,
573 1835 590 1902 ὁ
613 1839 646 1905 ἐν
661 1835 760 1926 (Ἅιδη
790 1843 898 1906 ποιῶν
921 1842 975 1904 νῦν
998 1840 1039 1904 τὰ
1062 1836 1196 1906 obad-10

139 1958 224 2002 ποτε
238 1933 376 2023 ἐνἍιδή
392 1943 603 2022 γεγενημένας
626 1944 676 2015 τίς
692 1928 787 2015 οὗτος
803 1934 820 2002 ὁ
837 1937 957 2019 ἐξάγων
971 1937 1066 2003 ἐνθεν
1078 1938 1154 2015 τούς

140 2026 199 2096 ἅττ’
216 2033 336 2112 αἰῶνος
350 2041 617 2120 κεκοιμημένους,·
640 2043 690 2113 τίς
707 2036 795 2102 ἐστιν
819 2025 914 2112 οὗτος
937 2029 954 2098 ὁ
978 2034 1078 2113 λύσας
1099 2035 1154 2101 καὶ

141 2133 323 2210 καταλύσας
345 2128 437 2218 ήμῶν
459 2137 525 2199 τιῦν
548 2128 715 2218 άηττήτων
737 2135 775 2198 τὸ
797 2133 926 2215 θράσος
947 2135 1000 2197 καί
1023 2132 1061 2197 τὸ
1076 2133 1154 2215 κρά-

144 2249 208 2306 τος,
239 2232 292 2296 καλ
315 2229 479 2314 ἐξάγων)
466 2257 499 2296 εκ
521 2234 579 2315 τής
607 2235 664 2296 τοῦ
679 2228 798 2297 Ἀιδσυ
808 2232 967 2351 φυλακής
996 2230 1071 2309 τούς
1095 2225 1151 2297 άπ

150 2322 260 2404 αλωνος
287 2330 553 2415 πεπεδημένους,·
596 2327 681 2410 πρὸς
714 2328 769 2406 οὓς
798 2323 951 2409 άντέκρας
953 2352 990 2393 ον
1026 2329 1060 2392 αἱ
1094 2353 1152 2393 του
1166 2341 1197 2390 15

155 2417 304 2490 δεσπότου
322 2426 503 2509 δυνάμεις)
501 2431 668 2547 ἐγουσαι,
676 2433 782 2508 μαθεῖ
785 2414 1027 2510 νβούλεσθε,ἲς
1002 2451 1028 2489 ω
1044 2425 1154 2509 παρά-

159 2539 238 2600 κομυι
257 2522 419 2606 τύραννοι,
444 2530 495 2600 τίς
518 2522 606 2589 ἐστιν
630 2512 725 2601 ούτος
748 2548 765 2587 ο
755 2519 942 2607 ’βασιλεὺς
963 2525 1020 2609 τής
1039 2522 1097 2587 δά
1080 2548 1152 2606 ης,·

160 2613 249 2698 κύριος
270 2619 424 2704 κραταιὸς
445 2625 499 2686 καὶ
523 2620 674 2698 δυνατός·
708 2620 817 2705 κύριος
841 2618 978 2696 δυνατὸς
993 2620 1075 2685 καλ
1064 2643 1153 2701 ισχυ-

143 2711 205 2792 θεὸς
221 2723 270 2783 καὶ
294 2713 452 2805 ἀήττητος
474 2719 507 2784 ἐν
530 2719 699 2801 πολέμοις
762 2709 858 2795 οὗτος
880 2717 1001 2794 ἐκεῖνός
1023 2714 1152 2782 ἐστιν
1135 2742 1152 2781 ο

162 2806 189 2873 ἐκ
204 2818 261 2880 τῶν
283 2811 397 2899 ούρανί
398 2842 442 2881 ων
466 2814 599 2929 ἀψίδων
615 2817 703 2901 ἐξορί
705 2839 765 2894 σας
778 2842 832 2881 και
849 2810 1043 2899 ἀπορρίψας
1058 2813 1076 2879 ύ
1077 2818 1197 2898 μάς,κσ

162 2895 329 2979 ιίδείλαιοι
350 2913 428 2979 καὶ,
419 2914 609 2997 παράνομοι
624 2914 784 2997 τύραννοι
816 2913 938 2990 ἐκεῖνος
953 2901 1049 2990 ούτός
1064 2913 1152 2979 ἐστιν

158 2999 220 3073 δέν
241 3007 353 3077 ύδασιν
372 3006 534 3095 Ἰορδάνου
557 3036 654 3096 οιντρ
658 3019 740 3095 ίψας
761 3010 820 3089 τάς
834 3010 1039 3097 κεφαλάς”
993 3036 1058 3075 των
1075 3012 1154 3094 δρα-

155 3104 261 3172 κόντων
283 3105 382 3190 ὑμῶν.
422 3100 517 3187 οὗτος
540 3109 661 3187 ἐκεῖνός
684 3109 772 3175 ἐστιν
795 3105 812 3175 ὁ
833 3107 889 3176 διὰ
911 3110 1053 3191 σταυροῦ
1076 3131 1154 3193 στη-

150 3202 289 3284 λιιεύοας
311 3209 363 3272 καὶ
390 3207 615 3290 θριαμβεύσας
637 3209 689 3272 καλ
715 3206 914 3290 ἐκνευριύσας
936 3201 1029 3288 ύμάς.
1071 3205 1153 3272 ἐκεῖ·

150 3323 203 3378 νος
222 3293 312 3382 οὗτός
334 3304 422 3369 ἐστιν
445 3299 462 3369 δ
486 3304 588 3392 δήσας
609 3307 662 3371 καὶ
687 3303 841 3391 ζοφώσας
868 3307 921 3370 καὶ
949 3306 989 3390 τῇ
1019 3299 1198 3391 άβύουῳκσ

143 3408 371 3484 παραπέμψας
393 3397 486 3484 ὑμᾶς.
526 3392 621 3480 οὗτος
643 3401 765 3480 ἐκεῖνός
788 3402 876 3468 ἐστιν
900 3398 1013 3485 ὁπυρὶ
1030 3402 1154 3488 αἰωνίῳ

141 3500 197 3564 καί
219 3504 321 3585 γεέννῃ
345 3505 583 3583 παραπέμπων
611 3504 663 3568 καί
694 3497 870 3567 ἀπολλύων
893 3495 985 3580 ὑμᾶς.
1034 3500 1154 3565 λοιπὸν

136 3593 186 3684 μή
209 3598 346 3677 μέλλετε,
369 3599 452 3682 μηδὲ
476 3593 659 3681 ἀναμένετε,
693 3594 776 3665 άλλά
799 3596 972 3674 σπεύσατε,
1003 3600 1054 3662 καὶ
1079 3598 1154 3675 τοὺς

136 3695 293 3775 δεσμίους
316 3694 458 3774 ἐξάξατε,
491 3694 548 3774 οὓς
570 3695 644 3779 ἄχρι
671 3700 724 3763 καὶ
755 3700 810 3762 νῦν
839 3696 943 3771 κακῶς
971 3705 1150 3760 κατεπίετε.

97 3791 177 3869 m&
200 3790 260 3876 γὰρ
282 3786 436 3876 ὑμέτερον
465 3793 582 3877 κράτος
610 3794 729 3859 λοιπὸν
757 3793 986 3858 καταλέλυται·
1021 3787 1039 3875 ή
1063 3788 1196 3874 ύμιῦνκι)

132 3892 289 3973 τυραννὶς
311 3889 431 3955 λοιπὸν
454 3896 640 3956 πέπαυται·
674 3891 712 3956 τὸ
735 3886 889 3974 ὑμέτερον
911 3889 1064 3975 φρύαγμα
1088 3892 1153 3955 δει-

133 3991 202 4066 νῶς
231 3986 443 4073 κατήργηται·
484 3983 502 4072 ή
526 3983 616 4070 ὑμῶν
643 3990 843 4072 μεγαλαυχία
871 3988 917 4065 είς
945 3988 1037 4063 τέλος
1067 3986 1154 4052 ἐκλέ-

127 4089 272 4154 λοιπεν·
304 4080 322 4170 ή
346 4080 437 4169 ὑμῶν
462 4083 551 4167 ιὀχύς
573 4084 763 4170 πεπάτηται
785 4090 836 4150 καὶ
854 4081 1016 4151 άπὸλωλε.
1051 4086 1153 4149 ταῦτα
