2586 4822
119 819 159 881 to
416 831 529 882 rennui
547 829 830 882 aniusnvnnuoues

118 1002 149 1044 er
172 987 332 1043 Varroniano
354 985 563 1058 computatione,
587 999 667 1057 quarn
681 983 797 1039 Annales
819 990 980 1056 sequuntur,
1003 983 1127 1038 convenit

118 1088 178 1127 oram
199 1088 270 1128 anno
293 1071 390 1128 Christi
414 1070 573 1143 Dionysiano
597 1071 667 1126 247.
698 1068 774 1137 Qiiod
797 1084 829 1123 ex
849 1068 896 1130 iis,
920 1083 990 1139 qnae
1012 1067 1126 1139 sparsim

38 1190 41 1195 -
118 1157 144 1211 in
167 1157 208 1212 his
230 1153 509 1211 Animadversionibus
531 1152 656 1232 adpotata
678 1163 758 1217 sunt,
780 1152 922 1208 manilesto
944 1161 1060 1215 constat,
1084 1161 1128 1208 at·

117 1258 170 1314 que
192 1242 263 1296 inter
283 1241 332 1296 alia
355 1257 387 1296 ex
409 1238 518 1311 egregio
541 1237 586 1294 illo
602 1237 741 1294 Censorini
762 1237 823 1293 loco
838 1254 865 1309 p.
881 1241 917 1294 47
949 1235 996 1291 ubi
1024 1237 1126 1292 annum

115 1324 200 1389 illum,
223 1342 277 1399 quo
300 1323 392 1396 Ulpius
415 1331 442 1378 et
463 1323 601 1378 Pontauus
624 1322 700 1378 Coss.
724 1323 878 1385 extiterunt,
901 1338 956 1395 quo
979 1321 1012 1376 ab
1034 1322 1127 1393 Olym·

116 1410 193 1484 piade
220 1410 305 1484 prima
330 1407 487 1463 millesimus
519 1416 545 1462 et
573 1406 806 1480 quartusdecimus
836 1423 867 1461 es
895 1406 990 1462 diebus
1019 1407 1127 1461 aestivis

115 1495 258 1550 inchoatus
285 1501 343 1556 est,
370 1492 454 1547 luisse
480 1490 574 1548 scribit
601 1491 634 1547 ab
657 1491 728 1547 llrbe
750 1491 861 1547 Condita
889 1491 1126 1564 nongentesimum

115 1578 318 1652 nonagesimum
340 1577 456 1651 primum
478 1593 509 1632 ex
532 1576 678 1640 Parilibus,
708 1576 838 1632 lulianum
864 1592 929 1633 vero
953 1577 1022 1633 283.
1067 1575 1128 1631 lion

115 1671 207 1737 potest
218 1663 239 1717 is
255 1661 322 1721 alius
337 1678 424 1717 annus
440 1677 500 1717 esse
514 1678 594 1736 quam
608 1663 667 1720 288
679 1660 865 1734 Dionysianns,
883 1659 962 1733 Cyclo
973 1661 1064 1716 Lunae
1080 1663 1125 1723 tl,

116 1746 186 1804 Solis
209 1749 258 1812 23,
281 1756 312 1803 ut
334 1763 366 1802 ex
388 1745 587 1820 Olympiadum,
611 1747 788 1809 lulianornm,
808 1744 1071 1801 Nabonassareorum
1095 1761 1128 1800 ae

115 1841 284 1888 caeterorum
306 1848 438 1887 annorum
460 1831 660 1904 comparatione
682 1830 826 1903 colligitur.
857 1830 940 1903 lgitnr
962 1846 1022 1884 cum
1037 1846 1128 1885 annus

115 1915 193 1972 Urbis
215 1918 272 1973 991
300 1915 409 1989 Cyrlum
431 1915 528 1971 habeat
550 1916 640 1970 Lunae
657 1919 702 1979 ll,
725 1916 827 1988 primus
850 1913 928 1970 Urbis
949 1913 1036 1969 annus
1059 1914 1128 1969 llar-

115 2001 257 2065 ronianus,
286 2017 366 2073 quem
396 2000 559 2055 Censorinus
588 2000 772 2073 amplectitur,
802 1998 828 2054 in
858 1998 967 2073 Cyclom
992 1999 1081 2054 Lunae
1107 2002 1126 2056 9

114 2083 220 2148 incidit,
243 2084 313 2140 Solis
342 2088 386 2142 13.
430 2085 545 2140 Proinde
568 2084 724 2140 millesimus
746 2083 780 2138 ah
803 2082 874 2139 Urbe
896 2082 1006 2140 Gordiu
1029 2083 1128 2157 Cyclos

115 2168 210 2244 exigit,
234 2169 323 2225 Lunae
345 2168 451 2242 quidem
480 2173 510 2233 t,
533 2169 603 2225 Solis
626 2173 661 2232 4.
684 2169 731 2241 qui
752 2185 823 2224 anno
844 2168 941 2224 Christi
964 2170 1023 2226 247
1048 2185 1129 2225 oom-

113 2261 219 2328 petunt,
249 2253 320 2327 Crgo
342 2253 365 2309 is
387 2262 428 2310 est
450 2271 482 2310 er
498 2253 622 2310 Varronis
644 2253 777 2309 sententia
799 2251 832 2308 ab
848 2253 919 2309 Urbe
935 2253 1047 2309 Condita
1061 2252 1129 2309 mil-

113 2337 233 2397 lesimus.
277 2341 369 2394 Annus
398 2338 474 2394 enim
492 2340 551 2396 249
576 2338 670 2410 Cyclos
696 2337 801 2394 obtinet
823 2338 913 2394 lunae
937 2341 970 2403 3,
999 2337 1070 2395 Solis
1095 2340 1126 2395 6.

114 2422 160 2479 llis
183 2424 217 2479 ita
241 2423 404 2485 constitutis,
426 2423 471 2495 qui
493 2440 578 2478 annos
601 2423 730 2496 Philippis
752 2423 904 2479 attribuunt
929 2427 955 2486 5,
978 2439 1038 2479 oum
1060 2422 1128 2478 illo-

114 2524 173 2564 rum
196 2510 299 2563 initium
322 2509 497 2580 consignetur
518 2507 665 2563 Consulatu
687 2508 823 2581 Peregrini
847 2516 875 2563 et
896 2507 1047 2571 Aemiliani,
1077 2508 1127 2579 qui

114 2601 156 2650 est
178 2611 263 2649 annus
282 2592 381 2648 Christi
395 2593 572 2667 Dionysianns
585 2594 655 2656 244,
678 2601 793 2648 mortem
809 2592 956 2648 eorundem
972 2591 1128 2648 attribuunt

114 2677 189 2734 Coss.
212 2677 357 2733 Aemiliano
380 2686 407 2733 et
429 2677 562 2750 Aquilino,
586 2678 631 2750 qui
653 2687 696 2733 est
719 2677 797 2733 Urhis
825 2678 912 2740 1002,
936 2677 1033 2732 Christi
1050 2677 1125 2734 249.

112 2763 151 2818 lta
174 2761 309 2826 Onulrius,
333 2762 379 2835 qui
401 2761 473 2817 hune
494 2762 582 2836 ipsum
606 2770 728 2817 numerat
745 2762 843 2818 Christi
860 2763 928 2825 250,
952 2771 1064 2834 propter
1077 2761 1126 2816 in-

113 2845 233 2901 stitutam
250 2845 348 2900 Christi
368 2860 499 2901 annorum
522 2846 749 2918 anticipationem,
772 2847 805 2903 de
826 2864 880 2921 qua
903 2860 983 2919 saepe
999 2846 1126 2903 diximus.

22 2977 25 2983 .
112 2932 147 2986 nt
168 2928 266 3001 quibus
287 2937 391 3000 septem
414 2930 489 2984 annis
511 2930 611 3003 placuit
632 2931 779 3002 imperasse
795 2931 942 3005 Philippos,
966 2932 984 2986 ii
999 2941 1125 2988 mortuos

112 3012 173 3070 illos
202 3022 298 3086 putant
321 3012 404 3068 lleciis
432 3013 564 3070 ambobus
592 3013 668 3070 Coss.
697 3025 727 3070 ut
755 3025 798 3072 est
824 3016 894 3090 apud
925 3016 1124 3079 Cassiodonrm.

113 3097 159 3172 qui
180 3097 289 3154 nectum
316 3097 400 3152 lilium
428 3097 545 3171 appellat
565 3098 718 3155 lltruscum.
762 3101 863 3174 Estqim
890 3102 912 3157 is
934 3119 1020 3156 annius
1043 3101 1124 3155 Urbis

83 3186 86 3191 ’
118 3185 205 3246 1004,
230 3191 259 3238 ιιι
280 3183 392 3239 Orosius
414 3182 544 3256 prodidit,
569 3183 667 3240 Christi
689 3185 867 3258 Dionysianus
891 3189 961 3243 251.
991 3188 1023 3242 ht
1044 3194 1126 3241 vetus

113 3267 268 3338 luseriptio,
302 3284 372 3341 qnae
399 3284 469 3323 auno
500 3268 598 3325 Christi
628 3272 687 3326 253
716 3270 854 3343 Philippos
883 3272 987 3327 occisos
1015 3271 1125 3335 asserit,

112 3366 236 3426 querque
258 3351 284 3407 in
306 3352 453 3408 Annalibus
475 3353 605 3417 retertur,
628 3355 686 3410 sine
709 3354 791 3410 dubio
814 3372 877 3411 vana
899 3373 929 3411 ac
952 3355 1125 3428 supposititia

112 3445 163 3501 est,
186 3436 300 3509 ideoque
321 3437 417 3492 merito
439 3435 472 3492 ab
487 3438 598 3495 onusto
621 3440 818 3511 praetermisso,
841 3441 864 3496 si
879 3441 959 3496 modo
974 3457 1032 3496 eam
1047 3439 1124 3496 vidit.

112 3519 204 3594 lleqiae
233 3520 302 3576 enim
332 3521 398 3577 adeo
427 3529 531 3578 vetusta
558 3531 600 3580 est
622 3525 864 3596 computandorum
886 3542 1017 3581 annorum
1040 3526 1123 3587 ratio,

112 3622 181 3681 quae
204 3623 218 3660 a
241 3605 340 3661 Christi
354 3605 438 3662 Natali
459 3605 608 3663 deducitur.
640 3608 673 3667 Ut
695 3609 814 3664 omittam
837 3607 870 3665 ab
887 3610 1045 3683 llionysiana
1060 3627 1125 3666 me-

112 3690 196 3747 thodo
218 3689 325 3746 hiennio
346 3690 433 3746 solido
455 3690 659 3763 lnsoriptionem
682 3692 752 3748 illam
773 3694 930 3750 abhorrere.

194 3776 304 3832 τοῦτον
324 3768 479 3842 bratteam
500 3770 622 3848 Δέκιος]
654 3776 798 3850 Eutropius
821 3778 902 3835 Decio
924 3779 1045 3852 integros
1066 3795 1122 3834 an·

112 3876 162 3917 ros
183 3860 252 3916 duos
273 3858 396 3932 imputat,
419 3870 450 3917 ut
472 3869 499 3915 et
521 3859 610 3917 Victor
631 3861 658 3917 iu
681 3861 848 3920 Caesaribus.
892 3864 926 3920 ht
946 3865 974 3920 in
997 3862 1124 3937 Cpitome

112 3952 219 4001 mensos
234 3947 272 4003 30
294 3944 441 4017 imperasse
462 3944 535 4000 dicit.
566 3946 741 4002 Cassiodorus
764 3947 900 4005 biennium
924 3958 951 4004 et
964 3966 1072 4005 menses
1089 3954 1121 4008 4.

111 4024 274 4102 Epiphanius
296 4028 404 4086 Eusebii
425 4029 576 4086 Chronioon
598 4039 708 4087 secutus
730 4049 829 4088 annum
856 4038 881 4098 l,
904 4050 1012 4091 menses
1036 4036 1064 4092 3.

128 4156 134 4165 .
194 4109 226 4170 dr
247 4107 281 4172 dl
301 4117 365 4182 τοῖς
380 4104 504 4191 χρόνοις
516 4109 642 4188 Aeeten]
672 4115 748 4174 Gallo
763 4117 913 4191 imperante
927 4119 1043 4177 moritur
1056 4119 1121 4177 Ori-
