2586 4822
158 754 217 815 teo
609 766 722 815 eemut

153 933 249 979 nostro
271 923 352 978 solui.
393 922 463 978 lieri
485 923 586 996 quippe
607 933 699 995 potest
728 930 757 976 ut
781 920 879 993 aliquid
900 920 935 975 de
958 939 1013 975 suo
1035 923 1128 976 seieus
1149 938 1180 977 ae

153 1008 246 1065 solens
269 1008 424 1063 inseruerit.

239 1095 300 1150 212
316 1094 342 1148 d.
374 1086 449 1167 paui
473 1084 577 1145 δὲκαὶ
601 1071 698 1161 οὗτοι]
721 1090 833 1146 tertull.
856 1089 873 1144 l.
890 1106 951 1145 eon.
969 1090 1078 1146 l'aleut
1096 1095 1177 1149 eat.

151 1265 242 1334 pietri,
265 1264 313 1334 qui
335 1278 370 1316 er
385 1261 545 1333 Pontifieuli
567 1277 620 1314 sua
644 1263 812 1315 auctoritate
834 1262 861 1314 in
884 1260 958 1314 hune
984 1263 1099 1315 moduni
1114 1279 1176 1317 een·

151 1350 217 1411 ruit,
241 1357 291 1401 ete.

239 1433 299 1488 213
317 1450 340 1485 a.
370 1421 503 1503 Κλήμης
530 1446 577 1496 τε,
607 1419 642 1484 ὃν
670 1425 750 1504 quoi
776 1446 851 1495 τινες
870 1420 1089 1505 Ἀλεξανδρέα]
1125 1431 1174 1500 Qui

154 1517 318 1572 Clementem
341 1516 427 1588 patria
447 1515 639 1570 Atheniensem
663 1533 723 1569 esse
746 1514 846 1568 diceret
870 1525 977 1586 praeter
992 1515 1173 1588 Epiphanium

153 1617 184 1655 ex
208 1600 348 1655 Veteribus
372 1600 422 1654 ridi
445 1600 589 1655 neminem.
632 1600 789 1673 Quanquam
813 1617 847 1654 ne
870 1601 891 1653 is
914 1599 1025 1671 quidem
1048 1601 1171 1663 attineat,

152 1685 199 1740 sed
222 1685 370 1741 contrarias
394 1686 522 1740 duntaxat
544 1685 686 1758 opiniones
709 1684 795 1739 allent.
828 1684 922 1738 llirum
946 1685 1032 1757 igitur
1054 1697 1098 1740 est
1120 1703 1172 1760 quo

111 1770 240 1826 wiretus
263 1771 378 1825 authore
402 1769 447 1824 l'ir
469 1769 590 1824 eruditus
615 1769 779 1824 Clementem
802 1770 914 1824 Athenis
937 1770 1104 1833 oriundum,
1128 1769 1172 1827 set

152 1856 226 1929 qnod
245 1854 418 1910 Alexandriae
441 1854 535 1927 perdiu
559 1854 691 1917 docuerit,
715 1853 919 1908 :Alexandrinum
943 1854 1029 1910 luisse
1052 1865 1108 1910 tam
1129 1873 1172 1910 as·
1204 1868 1206 1876 ’

152 1949 308 1996 severanter
335 1933 483 2012 seripserit.
530 1939 581 2007 uni
604 1938 640 1994 oh
664 1957 721 1994 eam
745 1956 866 1994 caussam
889 1939 961 1994 addit
986 1957 1000 1992 a
1025 1941 1168 1996 maioribus

152 2026 195 2090 (ut
217 2026 316 2080 author
338 2033 379 2079 est
395 2024 571 2097 Epiphanius)
596 2032 652 2078 tum
667 2024 884 2085 iderandniium,
907 2032 964 2077 tum
989 2025 1073 2079 etiam
1088 2026 1168 2080 Athe·

151 2111 273 2164 niensem
296 2126 356 2164 esse
380 2109 556 2164 nominatum.
601 2110 681 2180 Atqui
705 2125 836 2181 nusquam
860 2109 894 2169 id.
918 2109 992 2182 quod
1017 2109 1063 2164 ille
1085 2119 1165 2182 putat,

151 2193 317 2266 Epiphanius
341 2203 397 2248 tum
420 2193 644 2256 Alexandrinum,
675 2203 731 2248 tum
754 2194 833 2249 etiam
857 2194 1053 2249 Atheniensem
1076 2212 1092 2249 a
1113 2210 1165 2249 me

150 2277 254 2333 iorihus
278 2279 443 2334 nominatum
467 2296 527 2335 esse
545 2278 710 2333 Clementem
732 2280 837 2342 asserit,
862 2278 934 2352 quod
950 2279 1067 2335 Athenis
1085 2288 1161 2337 ortus.

150 2362 324 2419 Alexandriae
353 2363 499 2419 docuisset.
544 2363 598 2419 Sed
627 2363 659 2418 de
687 2365 771 2436 patria
794 2364 920 2417 duntaxat
944 2365 1017 2418 varie
1040 2363 1159 2437 quosdam

150 2449 269 2504 sensisse
292 2458 391 2504 narrat.

237 2533 340 2591 2131».
371 2529 429 2602 lori,
452 2528 509 2600 lori,
534 2527 583 2587 itai
606 2533 674 2610 (peri,
698 2532 770 2607 peri]
810 2532 847 2586 ,td
874 2532 940 2587 haec
963 2534 1067 2589 lrenaei
1090 2531 1156 2588 ierit

151 2619 268 2691 respexit
290 2618 402 2674 Tertull.
434 2617 467 2672 hi
488 2617 599 2674 Scholia
616 2617 894 2688 Carthopinieneihus
915 2618 970 2688 suit
992 2620 1107 2689 quidam
1126 2617 1156 2670 ri·

149 2704 309 2773 pidiaeimes
332 2704 436 2758 Rhetor
457 2703 586 2766 Latione,
618 2702 798 2774 Phosphorus
820 2703 939 2756 nomine.
989 2703 1057 2757 Cum
1079 2705 1156 2758 rim

149 2790 249 2859 sortem
268 2797 426 2861 peroraret,
453 2787 542 2851 l'enio,
567 2789 664 2859 inquit,
688 2789 726 2841 ad
741 2804 798 2850 eos,
815 2788 912 2859 optimi
927 2788 1012 2851 eie-es,
1037 2791 1071 2843 de
1082 2803 1156 2862 prae·

150 2875 188 2928 lio
211 2891 272 2928 cum
293 2875 413 2928 uictoria
435 2889 513 2936 meo,
536 2890 598 2926 eum
620 2873 754 2943 felicitate
775 2881 883 2936 restro,
912 2875 1082 2944 ampliatur,
1107 2874 1156 2944 pe

149 2959 251 3022 riorus,
275 2960 445 3030 fortunatus,
471 2959 617 3021 maximoe,
641 2957 828 3029 triumphalis.
858 2956 894 3012 Et
916 2957 1089 3014 Scholastiei
1108 2966 1157 3013 ete·

150 3043 199 3096 tim
224 3043 353 3114 familiae
375 3042 533 3114 Phosphori
562 3043 620 3117 {peri
648 3044 816 3098 acclamant.
861 3041 972 3097 Audisti
992 3044 1158 3114 fortunatum

151 3135 177 3181 et
199 3127 352 3190 Hedonen,
375 3136 400 3180 et
423 3124 574 3191 Acinetum,
598 3135 623 3181 et
642 3127 778 3182 Teletum:
801 3127 928 3182 acclama
950 3129 1082 3198 [nuntiae
1103 3128 1158 3184 ee»

150 3211 251 3264 lemoea'
274 3212 341 3285 peri.
386 3211 543 3283 Quanquam
567 3212 625 3287 (peri
647 3211 718 3284 apud
740 3212 811 3267 lren.
834 3209 1076 3284 σχετλιαστικὸν,
1096 3210 1157 3287 apud

151 3292 263 3349 Tertull.
284 3287 501 3366 θαυμαστικὸν
522 3306 573 3351 est.

237 3380 296 3435 att
313 3395 337 3434 a.
368 3373 400 3434 ἐκ
423 3373 455 3435 δὲ
477 3384 531 3455 τῆς
559 3372 665 3456 ἀρχῆς]
704 3382 767 3453 Leg.
798 3375 830 3437 iu
853 3374 886 3436 di
909 3382 964 3456 τῆς
985 3372 1157 3458 (intermitte

151 3455 297 3541 δευτέρῳ,
320 3472 372 3519 ete.
401 3464 468 3520 adeo
491 3476 522 3520 nt
544 3483 622 3521 voees
645 3466 705 3521 illae
734 3467 788 3539 τῆς
820 3458 916 3539 ἀρχῆς
944 3469 1104 3540 parenthesi
1123 3469 1160 3523 iu·

150 3546 240 3602 eliisae
268 3548 416 3604 adscititiae
444 3549 592 3606 videantur.
639 3550 720 3606 Cuius
754 3551 919 3606 eontrarium
948 3551 982 3608 ab
1006 3555 1099 3627 operis
1125 3559 1162 3609 eet

149 3629 249 3687 factum
272 3641 325 3687 tam
348 3633 374 3687 in
398 3642 525 3689 contextu
548 3636 608 3707 ipso
630 3651 710 3707 quam
733 3634 759 3689 in
783 3636 895 3707 paginae
917 3636 1013 3692 limite.
1056 3639 1086 3696 Si
1106 3637 1162 3712 qui-

150 3716 210 3771 dem
233 3717 359 3774 lrenaeus
382 3712 414 3773 ix
436 3712 470 3771 di
491 3720 545 3791 τῆς
566 3710 746 3792 ἀνεννοὴῐου
768 3719 843 3793 legit.

236 3802 295 3858 214
312 3802 338 3857 d.
373 3804 416 3881 τῷ
443 3795 642 3877 ὑποδείγματι
672 3806 727 3860 τοῦ
755 3796 944 3880 εὐαγγελίου]
984 3807 1164 3865 Coniieieham

147 3877 322 3960 ὑποδήματι
344 3886 563 3943 substituendum
586 3906 655 3945 esse.
687 3889 765 3957 Quod
788 3891 811 3944 si
834 3891 876 3946 eui
892 3901 1001 3964 recepta
1019 3894 1074 3949 iam
1088 3892 1164 3951 lectio

149 3972 233 4044 magis
255 3971 389 4035 arriserit,
411 3963 581 4048 ὑπόδειγμα
604 3974 739 4032 hocloco
761 3993 811 4049 pro
835 3976 960 4031 mandato
977 3987 1004 4032 et
1021 3987 1166 4052 praecepto

148 4056 334 4131 accipiendum
356 4065 406 4113 est.
