2586 4822
231 806 289 866 172
571 820 648 869 eram
667 818 706 868 oe
723 819 763 868 nu
784 818 896 868 oannis

228 977 339 1032 facultas
363 986 404 1032 est
427 974 571 1040 attributa,
596 974 667 1030 relut
690 992 722 1030 cn
744 973 835 1029 multis
858 972 988 1029 imbribus
1011 973 1092 1029 lertili
1114 973 1242 1047 largitate

228 1061 339 1126 dillusis,
363 1060 454 1115 Heliae
477 1059 612 1134 precibus,
636 1059 1031 1133 aliorumqueprophetarum,
1058 1075 1177 1131 quorum
1200 1068 1241 1123 tu,

228 1146 307 1211 lilius,
331 1146 488 1219 discipulus,
512 1155 539 1200 et
562 1161 705 1199 successor
728 1143 885 1203 renerabilis
908 1143 1079 1217 approbaris,
1104 1143 1242 1216 accipiens

228 1249 295 1291 eam,
320 1241 350 1286 ut
374 1231 419 1294 illi,
443 1230 586 1285 allomino
609 1230 731 1302 gratiam,
756 1227 834 1283 nobis
857 1245 969 1303 eamque
993 1227 1162 1285 orationibus
1187 1228 1243 1284 tuis

204 1325 219 1374 b
231 1319 397 1391 impertiens.

315 1401 388 1456 l'ndc
413 1401 462 1452 iam
485 1399 518 1453 de
542 1398 582 1451 bis
606 1398 729 1470 incipiam
752 1397 855 1453 dicere:
880 1397 996 1471 priunum
1011 1396 1119 1469 «paridem
1135 1398 1243 1453 reniam

231 1505 362 1560 poscens,
391 1493 418 1539 et
448 1484 578 1556 propositi
602 1483 653 1538 ruei
676 1483 795 1538 studium
817 1483 996 1556 patelaciens,
1025 1483 1088 1539 licet
1110 1482 1245 1539 invalidae

170 1636 174 1643 ,
229 1569 426 1626 dissertationis
448 1568 549 1641 possim
572 1568 673 1624 relcrre
695 1585 858 1623 sermonem.
888 1567 936 1623 Est
957 1584 1022 1640 crgo
1038 1569 1155 1641 primum
1172 1567 1246 1623 scri-

230 1667 306 1729 ptum
330 1656 355 1710 iu
378 1663 495 1727 quatuor
516 1652 647 1717 versibus,
671 1652 857 1725 quadrifariam
880 1653 980 1726 quippe
996 1652 1244 1718 discrirninabatur,

189 1747 218 1798 ld
229 1740 366 1796 Rationale
390 1737 534 1812 pontilicis,
558 1739 700 1810 ipsumque
722 1738 936 1810 quadrangulum
960 1748 1033 1803 erat,
1059 1737 1165 1793 babens
1189 1746 1245 1794 tam

230 1828 256 1882 in
279 1824 457 1899 longitudine,
481 1840 561 1897 quam
585 1824 611 1879 in
635 1822 775 1879 latitudine
799 1823 917 1896 palmum
941 1839 1033 1878 unrrm.
1069 1823 1246 1897 Primi-crgo

230 1928 323 1967 versus
354 1909 421 1965 ordo
450 1918 505 1963 est:
537 1909 654 1963 sardium
682 1908 785 1981 primus
808 1908 890 1981 lapis,
920 1908 980 1963 dein
1005 1908 1147 1982 topazion,
1180 1917 1249 1981 post

229 1996 396 2067 smaragdus.
427 1993 544 2048 Secundi
567 2010 660 2047 rcrsus
683 1994 786 2066 primus
802 1992 869 2066 lapis
885 1992 1075 2056 carbunculus,
1099 1992 1163 2049 dein
1178 2010 1248 2065 sap-

231 2082 335 2154 plurus,
359 2088 421 2151 post
444 2080 534 2150 iaspis.
573 2078 654 2133 Tertii
678 2095 770 2132 rcrsus
794 2079 897 2150 primns
919 2078 986 2150 lapis
1009 2078 1150 2151 ligyrium,
1181 2077 1246 2133 dein

191 2166 349 2225 lbaclrates,
374 2172 435 2236 post
458 2163 636 2235 amethystus.
667 2164 759 2230 [lrrarti
782 2180 891 2236 utroque
914 2180 1008 2218 versus
1032 2163 1160 2227 extremi,
1186 2163 1248 2235 pri-

231 2267 290 2305 mus
313 2248 379 2321 lapis
402 2247 595 2319 chrysolithus,
619 2247 715 2303 deiude
738 2248 885 2321 beryllum,
909 2258 972 2320 post
994 2249 1150 2321 onychium.
1196 2248 1246 2303 lsti

229 2335 337 2411 (pridem
360 2342 423 2387 suut
447 2332 588 2387 duodecim
610 2331 723 2405 lapides,
746 2350 814 2408 qum
838 2342 945 2389 corrstat
960 2334 986 2388 in
1003 2333 1145 2396 llatiouali,
1169 2333 1246 2407 quod

230 2421 256 2476 in
280 2417 495 2491 superhumerali
511 2417 645 2491 pontificis
660 2416 813 2490 ponebatur
827 2419 954 2482 insertos,
978 2434 1097 2493 quorum
1109 2418 1269 2478 uiderer-t

230 2507 279 2561 tias
302 2504 416 2577 locaque
439 2502 568 2558 dicemus.

186 2598 217 2648 lb
312 2589 443 2651 Sardium,
468 2588 540 2660 quod
564 2598 591 2643 et
607 2586 790 2661 babylonium,
814 2588 852 2643 sic
868 2580 1011 2656 diciturltz
1035 2585 1117 2642 lrabet
1132 2588 1244 2659 quidem

229 2675 347 2748 speciem
372 2676 456 2729 instar
479 2674 546 2746 ignis
570 2673 724 2746 colorisque
747 2672 886 2746 sanguinei
909 2672 998 2728 sardio
1022 2672 1088 2745 pisci
1111 2672 1245 2727 consimi-

230 2759 298 2825 lem,
329 2759 400 2814 unde
424 2768 451 2813 et
472 2759 590 2813 sardium
614 2768 736 2813 roratum
760 2766 816 2821 est,
845 2774 858 2811 a
881 2758 972 2830 specie
995 2773 1147 2830 cognomen
1171 2758 1246 2813 acci-

230 2845 317 2917 piens.
354 2844 383 2897 ln
405 2842 541 2915 Babylone
565 2860 642 2905 reru,
668 2860 736 2914 quae
760 2852 801 2897 est
823 2842 893 2915 apud
916 2843 1087 2915 dssp'rios‘),
1110 2828 1259 2915 gignitur,¹

231 2937 258 2984 et
281 2937 323 2983 cst
344 2926 412 3000 lapis
435 2927 492 2999 ipse
515 2927 679 2999 perlucidus,
704 2926 807 2982 liabens
830 2928 953 2983 medendi
976 2926 1142 3001 potentiam
1165 2928 1245 2983 cuius

186 3020 325 3072 basucum
354 3003 449 3071 ruendi
479 3029 562 3084 serpen
591 3020 710 3066 tumores
738 3029 768 3067 ac
797 3012 954 3085 putredines
982 3013 1108 3068 linientes
1136 3012 1245 3074 sedant,

230 3097 349 3169 aliasque
372 3095 472 3168 plagas,
496 3112 565 3168 quae
587 3114 637 3169 per
660 3097 816 3152 incisionem
840 3098 903 3152 lcrri
926 3099 1097 3170 proveniunt.
1128 3096 1178 3153 Est
1193 3114 1246 3152 au·

231 3192 284 3238 tem
308 3189 335 3237 et
357 3181 425 3235 alius
448 3181 589 3254 sardonyx,
613 3182 658 3256 qui
682 3192 793 3238 vocatur
816 3182 963 3244 rnrdoclras,
988 3183 1076 3238 sciens
1098 3190 1244 3237 attenuare

231 3266 422 3340 pinguedines:
449 3266 532 3339 ipsius
554 3274 644 3321 autem
667 3266 769 3322 lormae
791 3277 847 3332 est,
871 3266 1013 3323 subviridis
1036 3267 1245 3339 aliquantulum,

231 3352 423 3424 patentiorque
452 3352 536 3425 magis
564 3360 605 3407 est
633 3352 704 3407 circa
732 3352 806 3407 serni
829 3353 958 3424 temporis
981 3352 1101 3415 initium,
1133 3352 1246 3424 quando

187 3444 217 3495 ³0
227 3437 330 3492 Pasclra
347 3435 514 3503 celebratur;
531 3445 559 3491 et
573 3435 640 3491 alius
657 3437 837 3497 sardacbates.
855 3439 925 3492 circa
937 3453 1017 3510 quem
1033 3436 1150 3509 lapidem
1166 3436 1246 3493 albus

230 3522 337 3595 quidam
349 3521 465 3576 circulus
477 3529 597 3594 apparet,
610 3522 679 3577 sieut
691 3522 718 3577 in
733 3522 837 3585 achate,
849 3538 929 3595 quem
942 3522 968 3587 ii,
981 3522 1027 3596 qui
1039 3520 1165 3578 sabulosa
1176 3538 1248 3578 con-

230 3606 344 3680 lingunt,
362 3606 429 3661 mala
445 3607 538 3679 lugare
554 3607 730 3679 pronuntiant
746 3623 836 3680 posse,
854 3624 970 3680 eumque
983 3606 1123 3681 pacilieum
1136 3616 1246 3664 vocant.

223 3851 239 3904 λ
265 3847 272 3863 ,
311 3788 335 3841 dt
360 3786 480 3849 Epituurc,
508 3787 620 3853 Πρῶτος
641 3783 718 3841 λίθος
736 3784 856 3854 Σάρδιος
879 3783 893 3837 ὃ
913 3786 1083 3854 Βαβυλώνιυς
1106 3782 1181 3838 οὕτω
1200 3804 1250 3839 κα-

240 3868 448 3985 Wblcllcmpe
473 3924 517 3971 aliu
536 3939 633 3987 quoque
653 3925 754 3987 Babylon
773 3925 816 3975 luit
834 3928 856 3974 iu
877 3930 994 3991 Aegypto,
1019 3927 1049 3974 do
1070 3939 1117 3989 qua
1136 3925 1251 3990 pluribus

227 3993 263 4054 egl
283 3993 306 4041 iu
327 3994 535 4042 Exercitationibur
554 3995 766 4043 historico-criticis
784 3999 812 4044 de
830 3997 928 4045 domena
941 3997 966 4045 b.
978 3997 1037 4045 l'clri
1054 3998 1139 4045 itinere
1158 4004 1180 4045 et
1198 4000 1252 4061 epi-

227 4070 321 4125 scopato
341 4069 395 4121 etc,
413 4061 494 4110 Eaerc.
509 4061 545 4109 lb.

311 4129 328 4183 lt
354 4129 449 4190 Corripe
468 4131 557 4179 medici.
594 4128 702 4190 Epitome
721 4130 829 4189 Gesneri,
848 4124 876 4178 oi
893 4122 991 4197 ἰατροί.
