2586 4822
115 724 156 786 24
570 727 682 788 unitur

115 894 230 951 Inachus
252 911 323 953 anno
350 903 412 951 ante
433 895 506 951 bunc
521 895 717 952 sexcentesimo
733 894 934 968 septuagesimo
950 903 1050 967 quarto
1073 912 1142 952 coe-

115 979 155 1054 pit
177 980 284 1036 Pcriodi
306 981 355 1037 lul.
380 982 472 1045 2856,
497 980 586 1035 blundi
611 982 708 1046 atum
735 989 798 1053 post
820 979 952 1035 Diluvium
976 982 1049 1045 471,
1073 990 1136 1054 post

114 1065 239 1121 Abraami
262 1074 352 1121 ortum
379 1067 446 1122 179.
484 1065 604 1138 Cumque
627 1066 763 1121 israelitae
785 1082 856 1121 anno
880 1065 941 1120 Per.
965 1064 1017 1121 lul.
1042 1067 1135 1130 318³.

104 1145 205 1206 vlluudi
230 1151 310 1209 2453
334 1168 366 1205 cx
381 1152 503 1223 Aegypto
525 1150 707 1223 migraverint,
730 1150 821 1206 Inachi
840 1148 1020 1224 primordium
1035 1149 1137 1225 bloysis

114 1236 293 1310 principatum
315 1234 450 1291 antecedit
468 1235 547 1289 anuis
570 1235 626 1290 lere
648 1235 720 1295 325.
758 1235 872 1291 'lantum
894 1244 1020 1291 veterum
1042 1235 1139 1309 Scrip-

115 1329 205 1376 torum
235 1329 262 1375 et
294 1319 434 1393 Epiphanii
465 1318 646 1394 chronologia
676 1320 782 1376 avenis
805 1329 958 1394 temporum
982 1320 1134 1376 rationibus

114 1405 231 1461 aberrat.

199 1471 235 1544 οὗ
256 1478 398 1564 θυγάτηρ
419 1478 480 1561 Ἰώ]
518 1487 589 1544 llaec
618 1506 650 1545 ex
673 1488 782 1545 Eusehil
805 1489 945 1546 Chronicis
973 1490 1135 1565 interpolata

113 1582 187 1628 sunt.
232 1573 363 1629 Eusebius
391 1572 424 1628 ad
452 1590 552 1628 aunum
579 1575 636 1632 too
667 1576 733 1631 haee
762 1583 853 1630 uolat:
883 1574 986 1630 lnam-i
1013 1577 1073 1650 filio
1093 1575 1135 1642 Io,

113 1673 198 1730 quom
219 1655 347 1731 Aegyptii
360 1666 467 1714 mutato
488 1661 600 1714 normae
622 1658 725 1715 Isidem
747 1661 849 1715 colent.
881 1659 904 1714 A
923 1668 1011 1733 petre
1028 1661 1134 1717 Inoobo

113 1743 236 1799 Inachus
256 1744 358 1815 {lucius
380 1745 459 1816 apud
479 1740 577 1816 Argoa.
608 1743 631 1798 A
652 1746 713 1818 filio
736 1745 803 1800 lone
818 1744 963 1818 Respoms
986 1763 1135 1819 senape-

114 1836 168 1884 ων.
198 1830 232 1885 At
253 1845 324 1884 anno
348 1831 418 1887 cst.
456 1829 497 1893 lo,
520 1830 616 1903 inquit,
639 1829 700 1886 lusi
720 1831 798 1904 filiae
820 1830 930 1902 iupiter
950 1832 1055 1886 mistus
1078 1838 1132 1886 ert:

113 1929 170 1986 pua
190 1916 222 1969 lu
244 1916 348 1978 bouem,
371 1921 401 1968 ut
424 1915 535 1978 diuitem
558 1931 651 1979 verso,
675 1915 820 1987 bosporus
843 1916 1008 1988 appellatus
1030 1924 1085 1983 ττι,-
1105 1922 1132 1970 ct

112 2001 263 2054 secundum
284 2000 434 2055 nonnullos
456 2000 488 2053 lu
504 1997 655 2072 Aegyptum
674 2001 804 2073 prosecta
822 2000 874 2056 lsr's
895 2009 1073 2074 nuncupato.
1102 2001 1129 2055 ln

113 2081 238 2146 Graccis,
256 2078 338 2156 'quae
367 2100 399 2139 ex
427 2083 544 2156 Georgio
567 2084 697 2140 llouacho
720 2084 841 2159 Scaliger
868 2086 1056 2151 concinnavit,
1083 2100 1130 2160 pro

112 2166 163 2221 lasi
185 2167 316 2241 scriptum
339 2177 380 2223 est
402 2157 528 2241 Ἰνάχου.
568 2169 661 2243 ltaque
684 2170 750 2225 duas
773 2170 894 2226 eiusdem
916 2170 1038 2227 nominis
1052 2186 1130 2245 appt-

111 2260 155 2307 ret
184 2253 275 2308 luisse.
320 2252 358 2308 lle
386 2253 477 2326 priore
505 2253 627 2327 loquitur
648 2254 823 2329 Epiphanius.
868 2255 921 2310 Sed
951 2256 1005 2312 hoe
1029 2255 1062 2312 de
1082 2271 1129 2310 suo

112 2352 255 2411 perperam
277 2338 387 2399 adiecit,
411 2338 523 2394 eandem
546 2340 684 2396 Atthidem
705 2341 879 2395 nominatam.
909 2340 976 2395 Nam
1000 2340 1127 2396 Eusebius

112 2437 184 2478 anno
209 2426 264 2480 5tt
292 2423 386 2479 Granai
415 2423 527 2479 secundi
548 2424 753 2480 Atheniensium
784 2425 855 2498 rogis
884 2424 965 2480 filiam
995 2425 1125 2482 Atthidem

112 2508 233 2564 extitisse
255 2508 358 2575 scribit,
382 2526 397 2564 a
419 2525 472 2584 qua
487 2509 574 2565 Attica
596 2526 747 2584 cognomen
770 2509 897 2574 obtinuit,
921 2526 983 2565 cum
1000 2511 1126 2567 haetenus

111 2596 177 2649 Acta
199 2604 350 2652 vocaretur.

202 2683 235 2736 ll
254 2697 278 2736 c.
311 2675 361 2736 uei
385 2671 481 2736 αὐτοῦ
502 2680 558 2736 τοῦ
577 2669 861 2753 Ἰνάχου,’Άττιδος]
891 2678 1007 2735 Multum
1030 2680 1127 2736 dim

111 2774 176 2839 pant
198 2766 313 2822 Inachus
336 2774 364 2821 et
385 2767 459 2839 Apis.
504 2765 568 2820 Nam
591 2765 636 2821 hic
657 2763 690 2819 ab
716 2763 762 2820 illo
785 2765 881 2819 tertius
903 2773 945 2820 est
968 2764 996 2818 in
1020 2765 1127 2838 Argivo·

112 2867 171 2906 rum
194 2850 298 2924 Regum
321 2850 400 2906 serie.
432 2851 520 2918 Quare
542 2849 707 2923 imprudenti
729 2850 782 2905 hoo
805 2848 954 2922 Epiphanio
979 2849 1085 2906 excidit.

196 2931 246 2990 καὶ
269 2931 311 3002 εἰς
333 2927 462 3012 αἱρέσεις
483 2927 693 3009 συσταθέντα]
718 2934 783 3003 Quis
806 2935 859 2990 hoc
879 2943 989 3006 praeter
1013 2933 1129 3009 Epipha-

110 3019 185 3075 nium
208 3019 282 3085 dixit,
306 3018 432 3092 Mysteria
453 3018 506 3083 illa,
530 3037 600 3093 quae
623 3019 656 3074 ab
680 3020 799 3093 Orpheo.
823 3019 993 3092 caeterisque
1013 3020 1128 3077 Athenas

110 3104 255 3176 importata
271 3104 386 3168 lueraut,
410 3104 638 3178 Philosophorum
655 3113 742 3161 sectas
758 3121 789 3160 ac
804 3104 928 3177 dogmata
944 3097 1130 3178 propagasse?

111 3187 193 3243 Plano
216 3189 268 3245 hoc
291 3188 454 3253 inauditum,
483 3205 515 3245 ac
537 3190 650 3245 mirum:
681 3206 785 3263 neque,
808 3197 840 3245 ut
861 3189 934 3263 qixod
959 3205 1004 3244 res
1028 3199 1072 3246 est
1091 3186 1130 3243 la-

111 3282 178 3338 tear,
202 3275 321 3346 speciem
343 3273 425 3329 ullam
447 3273 646 3346 probabilitatis
669 3275 800 3330 continet.

197 3351 254 3425 ἕως
275 3359 336 3414 τῶν
358 3353 584 3415 Μακεδονικῶν
605 3350 741 3437 χρόνων]
779 3359 885 3431 Susque
914 3357 1002 3430 deque
1038 3359 1133 3414 miscet

111 3458 143 3498 ac
170 3442 314 3516 perturbat
347 3443 450 3506 omnia,
479 3459 534 3498 nou
564 3444 653 3499 miuus
676 3453 830 3516 temporum
852 3459 933 3515 quam
954 3442 1078 3499 veritatis
1105 3448 1134 3498 ct

111 3527 241 3584 historiae
263 3545 386 3584 securus.
430 3527 495 3583 Nam
518 3527 687 3585 Macedonica
710 3538 843 3602 tempora,
866 3527 965 3600 quibus
988 3527 1134 3601 imperium

111 3612 185 3669 istud
212 3612 319 3679 lloruit,
349 3612 479 3668 allerxis
507 3621 595 3670 aetate
618 3614 729 3669 nimium
753 3614 870 3679 distant,
899 3611 985 3667 multo
1008 3613 1096 3687 magis
1117 3627 1134 3667 a

111 3696 389 3754 Nabuchodonosore.
420 3696 453 3753 Et
475 3706 565 3754 umen
587 3699 619 3754 ad
642 3699 687 3754 illa
704 3708 828 3772 tempora
843 3706 978 3753 sectarum
993 3698 1135 3772 principes

111 3780 295 3857 Philosophos
317 3783 438 3839 extitisse
461 3781 550 3838 docet.
581 3783 652 3839 llaec
675 3792 739 3839 sunt
761 3780 962 3839 inextricabilia.

196 3860 334 3924 Πλάτων
353 3859 412 3945 γὰρ
436 3857 501 3923 κατ’
524 3861 705 3924 ἐκεῖνοντὸν
718 3858 838 3943 καιρόν]
861 3867 939 3931 Τοῑο,
964 3866 1063 3940 inquit,
1086 3865 1136 3924 illo

111 3953 198 4027 spatio
221 3952 307 4018 Plato,
331 3960 358 4009 et
380 3961 443 4008 ante
465 3952 539 4008 hune
560 3952 737 4027 Pythagoras,
761 3971 791 4009 ac
814 3961 877 4027 post
899 3951 973 4007 illurn
997 3950 1140 4024 Epicurus

110 4040 230 4098 emersit.
275 4037 404 4096 Xerxisne
427 4054 458 4095 ac
479 4035 740 4095 Nabuchodonosori
763 4033 953 4111 temporibus?
999 4037 1078 4094 Unus
1099 4053 1138 4095 ex
