2586 4822
165 751 227 813 too
620 755 733 807 rurant

244 906 395 991 νοταρίοις
416 911 471 968 τοῦ
483 902 659 982 Bootleiov]
691 910 752 966 Cor.
767 897 929 982 βαὰιλέως.
959 905 1127 964 Habuerunt
1140 916 1181 964 la-

159 1019 221 1058 men
250 1000 277 1055 in
301 997 425 1054 Conciliis
449 1004 476 1052 et
497 994 624 1070 Episcopi
646 995 768 1050 notarios
789 1010 870 1057 sitos,
898 1001 982 1066 atque
1007 993 1178 1066 Exceptorea,

159 1104 190 1143 ac
212 1086 296 1141 ferme
320 1083 461 1145 Diaconos,
485 1089 516 1137 ut
539 1097 570 1136 er
586 1078 710 1136 Chalced.
729 1078 810 1135 Cone.
834 1087 952 1135 constat.
983 1078 1094 1134 Sedet
1115 1078 1180 1152 apud

159 1174 274 1243 August.
298 1168 344 1224 lib.
363 1169 389 1241 3,
410 1176 505 1222 contra
533 1167 671 1221 Crescent.
695 1181 753 1236 cap.
771 1165 822 1239 29λ
839 1164 866 1218 in
887 1163 964 1219 Actis
987 1162 1180 1219 Consularibus

160 1254 212 1310 snb
236 1251 393 1325 zenophilo,
416 1250 596 1307 Nundinarius
618 1249 716 1305 Silvani
739 1247 888 1305 Cirthensis
910 1247 1076 1306 Donatistae
1090 1249 1180 1305 lliaco-

161 1357 214 1396 nus
235 1338 369 1410 Exceptor
390 1335 498 1391 dicitur.

331 1553 374 1609 All
397 1552 563 1609 HAEllESlN
585 1552 672 1608 Llillll
696 1551 1021 1609 liAllCEbblAll'OllUll.

248 1672 307 1729 834
324 1687 348 1727 n.
372 1663 577 1749 Ἀντίγραφον
590 1665 759 1747 ἐπιστολῆς]
791 1670 877 1727 Edidit
899 1670 971 1726 hanc
995 1671 1064 1728 fidei
1078 1670 1172 1745 proice·

161 1757 266 1813 sionem
285 1755 435 1819 Marcellus,
459 1764 602 1830 postquam
624 1755 658 1812 ab
672 1757 777 1812 Arianis
799 1756 864 1811 sede
886 1772 935 1810 sua
958 1757 1064 1829 pulsus
1077 1756 1170 1812 tonan

161 1842 195 1897 ad
217 1840 313 1896 lulium
336 1841 435 1914 Papam
463 1842 599 1914 confugit,
628 1840 661 1896 ab
691 1858 779 1915 eoque
807 1857 860 1896 una
882 1857 943 1896 cum
966 1842 1115 1897 Athanasio
1132 1856 1173 1895 re·

163 1927 274 1981 stitutus
298 1934 348 1981 cst.
378 1926 440 1981 Vide
462 1924 582 1995 Annales,
601 1926 697 1982 Baron.
721 1943 745 1980 a.
764 1929 832 1984 341.
859 1925 910 1992 Qui
933 1925 967 1981 de
991 1927 1050 1982 hoc
1073 1926 1127 2000 ipso
1144 1923 1175 1980 li·

162 2009 234 2066 bello
257 2008 371 2076 dubitat,
395 2009 453 2066 isne
475 2011 519 2074 sit,
543 2022 624 2083 quem
646 2010 713 2067 lulio
735 2019 792 2066 tum
808 2009 914 2074 obtulit,
939 2012 1051 2066 cumin
1067 2027 1100 2067 eo
1114 2008 1175 2066 nulla

162 2095 197 2150 sit
225 2095 280 2148 τοῦ
303 2086 468 2166 ὃμοουσίου
491 2095 603 2150 mentio.
650 2096 748 2152 Verum
770 2112 824 2151 non
845 2095 956 2168 temper
977 2096 1007 2151 in
1033 2094 1175 2152 Catholicae

162 2177 224 2233 litlei
245 2178 472 2243 Professionibus,
496 2190 543 2236 aut
564 2180 591 2234 in
614 2181 803 2236 convincendis
827 2179 983 2245 haereticis,
1010 2180 1116 2237 recenti
1134 2178 1176 2235 ad-

162 2262 217 2318 huc
249 2262 364 2318 llicaeno
398 2262 532 2329 Concilio,
562 2274 665 2321 tessera
697 2265 741 2320 illa
774 2265 836 2321 fidei
862 2281 893 2320 ac
925 2267 982 2320 τοῦ
1018 2257 1175 2339 ligamina

164 2346 235 2403 clara
257 2355 285 2402 et
307 2347 407 2404 diserta
429 2349 563 2405 confessio
586 2349 692 2407 solebat
714 2350 791 2423 exigi.
821 2349 949 2422 Exemplo
972 2350 1010 2406 sit
1036 2350 1135 2407 Ursacii
1152 2357 1176 2404 et

164 2431 282 2487 Valentis
304 2433 417 2490 Arianae
440 2433 563 2490 factionis
585 2435 737 2508 principum
751 2433 874 2499 libellus,
897 2451 979 2506 quem
1003 2435 1076 2492 lulio
1099 2435 1175 2508 Papae

164 2516 337 2582 obtulerunt,
367 2534 421 2593 quo
450 2527 478 2574 et
495 2519 606 2575 ,erroris
634 2520 676 2574 sui
699 2523 801 2575 veniam
823 2519 959 2592 deprecati
981 2529 1052 2576 sunt
1074 2530 1102 2577 et
1121 2518 1176 2575 Ario

164 2602 289 2658 damnato
320 2602 483 2660 Catholicam
518 2603 597 2660 lidem
629 2604 755 2678 professi.
799 2604 876 2660 Extat
906 2603 979 2676 apud
1007 2605 1176 2662 Athanasium

163 2686 282 2759 Apolt.
313 2687 341 2742 ln
365 2705 398 2744 eo
421 2705 483 2744 vero
507 2688 540 2744 dc
561 2680 715 2767 ὄμοουσίῳ
737 2688 847 2745 verbum
870 2688 984 2744 nullum.
1018 2690 1088 2746 Nam
1110 2689 1175 2746 etia

160 2771 283 2828 Concilio
298 2773 470 2847 Aquileiensi,
495 2773 522 2828 in
544 2789 598 2846 quo
621 2773 758 2830 adnitente
772 2774 913 2830 Ambrosio
929 2773 1071 2831 Palladius
1092 2773 1174 2832 etSe-

162 2857 311 2913 cundianns
334 2857 459 2931 Episcopi
481 2858 599 2914 damnati
621 2866 699 2924 sunt,
729 2876 790 2915 oum
817 2869 871 2916 tam
894 2858 1019 2926 studiose
1044 2861 1073 2916 id
1095 2866 1174 2933 agent

161 2940 329 3006 Ambrosios,
354 2951 384 2998 nt
405 2942 438 2998 ab
462 2943 492 2998 iis
515 2942 642 2999 indicium
664 2944 772 3017 aliquod
795 2945 905 3000 Arianae
928 2943 1113 3016 professionis
1132 2942 1176 2999 eli·

162 3035 251 3090 ceret,
282 3027 397 3100 ideoque
420 3028 497 3084 variis
520 3028 777 3102 interrogationibus
798 3029 958 3093 lacesseret,
984 3029 1091 3086 nullam
1113 3029 1176 3085 Cou-

161 3109 345 3166 substantialis
368 3113 534 3169 mentionem
556 3113 652 3186 attigit,
676 3114 723 3169 sed
746 3114 812 3170 haec
828 3123 930 3170 tantum
946 3117 1115 3178 communia,
1134 3130 1175 3168 eo-

163 3192 227 3264 qnid
242 3193 324 3249 Filius
347 3195 513 3261 immortalis,
537 3196 626 3252 bonus
648 3214 678 3253 ac
700 3215 778 3254 verus
801 3207 882 3263 esset,
905 3214 936 3254 ac
952 3198 1063 3272 reliqua
1077 3196 1174 3274 generis

110 3276 293 3333 aoeinsdem.
325 3278 475 3345 Quinetiam
498 3281 635 3337 Athanasii
651 3282 808 3355 Symbolum
830 3301 891 3339 cum
914 3283 949 3338 sit
971 3285 1108 3357 quaedam
1122 3281 1176 3340 fidei

164 3360 295 3434 expositio
317 3360 350 3416 ab
374 3378 406 3418 eo
430 3364 509 3429 edita,
534 3366 579 3438 qui
602 3357 637 3421 τὸ
659 3360 821 3440 ὁμοούσιον
836 3368 968 3425 acerrime
983 3377 1175 3444 propugnaret,

164 3445 283 3501 eiusdem
307 3446 427 3503 vocabuli
449 3449 614 3505 mentionem
637 3453 735 3508 omisit.

248 3533 306 3589 837
325 3549 349 3588 c.
378 3524 438 3590 ὑπὸ
462 3528 495 3588 δὲ
517 3525 618 3590 ἄλλων
639 3530 740 3609 πάλιν]
785 3537 927 3610 Utcunque
956 3537 1037 3593 licuit
1067 3554 1099 3594 ex
1118 3551 1176 3592 cor·

162 3615 319 3687 ruptissimo
341 3617 401 3674 loco
423 3618 584 3674 senteutiam
608 3621 769 3678 extudimus.
799 3621 837 3677 oe
859 3622 1019 3686 bisantem,
1046 3639 1115 3694 quos
1130 3636 1175 3674 no·

161 3700 254 3764 minat,
278 3701 384 3767 Acacio,
406 3701 512 3768 llasilio,
536 3703 661 3778 Georgia,
684 3722 716 3762 ac
738 3706 858 3781 reliquis,
884 3716 982 3779 agetur
1004 3706 1033 3762 in
1058 3702 1175 3779 sequenti

162 3782 272 3838 llaeresi
294 3784 426 3857 pluribus.

247 3869 307 3926 838
324 3887 347 3925 a.
378 3872 477 3928 ταῦτα
502 3864 560 3944 μὲν
580 3854 636 3925 οὖν
658 3865 707 3925 καὶ
730 3865 933 3946 τὰτοιαῦτα]
970 3874 1106 3941 ‚Asterius
1128 3873 1174 3928 So-

159 3953 249 4024 phista
272 3951 447 4012 Christianam
476 3956 556 4012 fidem
583 3956 721 4028 amplexus
742 3958 873 4015 nonnulla
896 3958 1047 4031 scripserat
1070 3959 1173 4014 Arianae

160 4037 287 4108 perfidiae
310 4051 499 4098 consentanea.
546 4041 620 4112 Quae
642 4058 704 4098 cum
726 4042 873 4102 refutasset
894 4041 1050 4110 dfarcellus,
1072 4043 1173 4117 longw
