2586 4822
424 834 716 923 enisiorrisrouus
1023 836 1078 899 tat

60 1010 135 1069 seat,
156 1005 290 1069 rotundo,
313 1012 345 1060 ut
366 1003 482 1071 assolet,
510 1021 626 1062 numero
648 1014 712 1062 ante
731 1022 819 1063 annos
846 1008 902 1065 tto
926 1006 998 1064 unt.
1045 1007 1085 1065 lle
1127 1057 1133 1065 .

59 1087 181 1146 Eusebia
202 1088 325 1163 expedita
347 1106 392 1147 res
414 1090 482 1154 erit,
507 1089 531 1146 si
551 1099 601 1147 aut
621 1090 723 1164 ipsius,
750 1100 799 1147 aut
818 1091 921 1148 librarii
942 1091 1022 1165 eulpa
1044 1094 1085 1172 τῇ

35 1168 191 1255 Ιδευτίρρι
217 1191 268 1247 pro
296 1176 334 1251 τῇ
355 1169 490 1255 προτέρᾳ
512 1175 654 1249 irrepsisse
677 1176 806 1232 dicamus.
851 1176 917 1233 Nam
939 1178 1085 1250 perspicua

59 1251 118 1334 τὴν
138 1254 285 1333 δευτέραν
304 1259 376 1315 illam
399 1277 460 1315 esse
482 1259 624 1333 signifieat,
648 1278 728 1333 quam
751 1278 803 1317 nos
824 1262 938 1334 primam
960 1263 1082 1327 tacimus,
1115 1282 1124 1293 ¹

59 1346 176 1419 primam
203 1353 310 1409 autem,
340 1360 410 1418 quae
437 1344 517 1401 nobis
545 1354 588 1401 est
609 1346 739 1401 secunda.
785 1346 972 1411 Postremum,
1002 1358 1085 1421 atque

61 1431 195 1486 muium.
211 1429 396 1485 difficillimum
425 1439 482 1492 est,
512 1430 585 1504 quod
614 1429 648 1486 de
676 1430 811 1487 Marcione
839 1432 919 1488 nobis
947 1432 1082 1489 obiicitur.
1158 1493 1160 1498 ,

61 1515 160 1585 Qun,
183 1523 215 1570 ut
236 1524 418 1571 consentanea
440 1514 593 1589 loquamur,
616 1515 804 1572 affirmandum
820 1525 861 1573 est
877 1534 931 1573 uon
947 1518 1085 1573 Antonino

61 1600 172 1657 demum
193 1599 353 1673 imperante,
377 1600 425 1656 sed
446 1598 498 1655 sub
520 1601 636 1657 Adriano
659 1601 793 1674 coepisse.
822 1605 911 1675 Atque
933 1602 1005 1658 haud
1027 1603 1085 1658 seio

61 1702 96 1742 an
119 1685 179 1741 duo·
196 1685 267 1740 illius
290 1685 479 1758 distinguenda
502 1686 556 1740 sint
578 1682 709 1758 tempora,
734 1695 764 1742 ut
786 1687 812 1741 in
829 1677 966 1760 plerisque
981 1687 1084 1743 llaere-

62 1770 140 1827 sibus
163 1770 267 1834 accidit,
290 1771 327 1825 ita
349 1780 380 1825 ut
401 1768 453 1826 sub
471 1770 587 1826 Adriano
610 1772 727 1844 primum
749 1772 878 1844 eruperit,
903 1781 998 1845 postea
1020 1789 1085 1829 vero

62 1855 115 1912 sub
136 1856 274 1911 Antonino
302 1854 383 1928 longe
411 1856 521 1928 lateque
549 1856 703 1929 propagatis
733 1855 871 1912 erroribus
900 1857 1007 1913 celebre
1033 1855 1084 1913 sibi

62 1956 166 1997 nomen
192 1941 341 2013 pepererit.
384 1943 422 1996 Ac
444 1940 625 1996 Tertullianus
654 1942 777 2014 profecto
800 1942 851 1997 etsi
874 1941 924 1997 sub
947 1943 1085 1998 Antonino

62 2025 227 2105 llarcionem
243 2042 364 2081 errorem
379 2025 519 2082 exhalasse
534 2025 643 2090 scribat,
666 2036 749 2098 negat
764 2035 853 2082 umen
869 2028 938 2083 scire
953 2044 984 2083 se
999 2035 1086 2102 quoto

64 2112 124 2167 aius
146 2127 219 2166 anuo
242 2111 373 2183 coeperit.
406 2111 498 2179 Quoto
521 2111 631 2183 wdone
646 2128 730 2175 uarro,
754 2110 851 2184 inquit,
875 2111 1011 2168 Antonini
1023 2128 1087 2166 mo·

61 2197 136 2252 ioris
156 2197 191 2250 de
214 2195 302 2250 Ponto
324 2212 375 2250 ruo
398 2196 577 2251 exhalaverit
598 2214 672 2252 aura
695 2198 884 2262 cementario,
906 2215 963 2253 stoa
985 2197 1088 2252 aaroni

61 2283 246 2352 iaoestapore.
287 2280 453 2354 Epiphanius
476 2282 502 2336 in
525 2280 742 2338 llarcioniterum
765 2281 875 2337 llaeresi
898 2281 992 2338 scribit
1015 2281 1087 2337 ller-

63 2368 171 2424 eionem
195 2383 256 2421 eum
279 2382 293 2420 a
316 2375 392 2438 patre
408 2384 458 2421 suo
473 2365 569 2438 pulsus
585 2383 678 2439 pacem
694 2382 725 2422 ao
740 2367 842 2423 veniam
860 2366 990 2424 eblandiri
1006 2366 1087 2422 nullia

62 2450 193 2527 precibus
209 2459 313 2523 posset,
337 2450 448 2507 Romam
464 2468 495 2505 se
509 2460 572 2523 post
589 2452 683 2525 llygini
700 2450 805 2507 obitum
821 2453 978 2508 contulisse.
1003 2454 1088 2507 Grim-

63 2553 118 2613 qae
140 2536 226 2592 nihilo
249 2536 332 2609 magis
355 2535 428 2608 quod
451 2535 577 2608 cupiebat
598 2536 652 2592 illic
665 2536 812 2599 obtineret,
836 2545 893 2592 tum
909 2540 1017 2593 demum
1033 2553 1089 2609 pu-

64 2622 164 2696 {dicata
185 2620 295 2676 llaeresi
318 2637 365 2675 sua
388 2620 534 2677 Ecclesiam
556 2637 739 2695 oppugnasse.
785 2621 882 2694 Hygini
905 2621 996 2677 obitus
1019 2638 1089 2677 con·

64 2708 155 2764 iertur
180 2706 209 2761 in
237 2723 336 2761 annum
359 2705 487 2761 Antonini
514 2707 567 2770 183
596 2715 658 2762 ante
686 2705 760 2779 quod
789 2715 895 2779 tempus
923 2705 1088 2762 llorcionem

65 2790 205 2848 llaeresirn
227 2807 303 2846 suam
326 2790 517 2846 disseminasse
537 2807 649 2847 neeesse
664 2800 715 2855 est,
739 2808 800 2846 eum
816 2778 944 2854 lustinus,
968 2791 1015 2865 qui
1031 2794 1089 2846 hn-

65 2878 162 2934 tonino
185 2885 213 2932 et
235 2876 343 2949 quidem
366 2876 470 2949 imperii
493 2876 551 2930 eius
574 2875 668 2940 initio,
692 2875 849 2949 Apologiam
872 2875 987 2941 obtulit,
1016 2875 1090 2930 blar-

66 2962 153 3020 ciunis
176 2961 337 3017 meminerit.
367 2962 455 3029 Quare
471 2960 578 3034 duplex,
602 2961 641 3017 uti
658 2960 878 3025 coniieiebamus,
902 2960 1090 3017 llarcionista-

65 3064 128 3104 rom
149 3054 229 3102 ortus
251 3062 312 3101 esse
335 3046 424 3102 debet.
455 3046 520 3101 Nam
543 3046 659 3119 primum
683 3047 710 3101 in
733 3045 820 3102 Ponto
837 3047 938 3102 ctdsia
960 3047 1090 3101 duntaxat

65 3132 200 3189 nefarium
223 3130 320 3204 dogma
342 3132 518 3204 praedicavit,
543 3132 624 3204 idque
646 3131 763 3187 Adriano
785 3131 945 3204 imperante.
990 3131 1090 3186 Postea

66 3217 118 3273 sub
141 3216 280 3272 Antonino
309 3218 423 3279 maiores
453 3217 563 3272 trahens
585 3217 696 3290 spiritus
719 3216 906 3272 vehementius
928 3215 955 3271 in
976 3215 1096 3277 eoadem

66 3303 129 3359 illos
158 3318 268 3357 errores
299 3302 389 3374 coepit
418 3301 584 3357 incumbere.
629 3302 735 3375 llygino
763 3318 827 3357 vero
850 3301 958 3356 demum
980 3311 1091 3357 mortuo

66 3387 195 3462 primitus
222 3386 320 3459 dogma
349 3386 478 3443 Cerdonis
506 3387 685 3460 interpolasse
714 3387 877 3443 Marcionem
906 3387 981 3443 nullo
1009 3388 1091 3443 modo

68 3489 181 3529 censeo.
225 3469 296 3526 llaec
324 3471 357 3527 de
380 3470 474 3527 lustini
503 3489 534 3527 ac
556 3472 698 3528 llareionis
724 3470 893 3545 temporibus
916 3471 998 3527 habui
1021 3486 1091 3545 quae
1132 3490 1152 3502 -

67 3558 198 3615 dicerem.
243 3556 337 3612 Dicent
365 3556 409 3612 alii
436 3557 551 3613 fortasse
580 3557 701 3613 meliora.
736 3557 801 3612 Nam
830 3557 932 3612 nostris
960 3556 1013 3611 illis
1036 3571 1091 3610 non

66 3645 138 3700 adeo
160 3640 331 3704 confidimus,
354 3650 385 3696 ut
407 3659 462 3698 non
485 3641 574 3697 afferri
597 3643 713 3699 certiora
736 3659 816 3715 posse
839 3658 991 3714 speremus.

157 3728 214 3785 aut
236 3743 260 3783 o.
291 3719 334 3792 ὡς
355 3722 422 3802 περὶ
446 3718 480 3784 τὸ
504 3720 679 3783 δωδέκατον
699 3720 778 3801 ἔτος]
817 3727 1023 3782 Consentaneus
1046 3743 1093 3781 er-

68 3830 116 3869 ror
139 3821 184 3868 est
205 3812 239 3876 ei,
263 3829 343 3887 quom
367 3813 446 3885 paulo
469 3821 547 3868 antea
571 3812 753 3876 refutavimus,
776 3810 828 3866 sub
844 3811 960 3867 Adriano
981 3826 1091 3884 passum

67 3914 134 3954 esse
155 3898 299 3953 lustinum.
345 3896 423 3965 Quod
445 3914 506 3954 cum
529 3897 626 3952 salsum
648 3897 699 3961 sit,
721 3896 835 3969 perinde
857 3896 953 3951 falsum
976 3904 1018 3952 est
1041 3894 1092 3951 sub

68 3983 209 4040 Antonino
232 3982 296 4046 Pio,
326 3982 449 4038 videlicet
476 3991 538 4055 post
568 3981 662 4037 lustini
693 3979 812 4046 obitum,
842 3981 962 4037 scholam
992 3979 1094 4036 erroris
1206 4015 1213 4028 ·

68 4069 214 4143 aperuisse
235 4067 385 4131 Tatiauum,
410 4067 482 4139 quod
506 4065 556 4122 sub
580 4066 669 4122 blareo
691 4065 800 4122 Aurelio
824 4067 912 4121 lacere
934 4066 1032 4139 potuit.

151 4154 221 4241 ΞΜ
237 4151 266 4208 b.
297 4146 394 4208 ἕνεκεν
415 4146 449 4208 δὲ
463 4143 657 4229 σφαλμάτων
671 4145 701 4207 ἰν
716 4141 791 4232 ᾅδῃ]
815 4150 935 4206 Nolendo
952 4147 1094 4224 Epiphanii
