2586 4822
489 824 599 876 versio
619 827 762 895 correus.
1080 814 1142 877 195

113 988 142 1036 et
165 979 393 1052 superhumerale
417 995 478 1035 eum
502 990 576 1036 esset
598 997 682 1036 unuin
712 998 761 1055 per
783 982 926 1039 circuitum
948 999 1004 1039 uno
1026 1000 1140 1056 prorsus

115 1064 220 1121 orilicie
244 1063 423 1121 claudebatur
437 1064 541 1120 habens
558 1066 649 1121 vittam
666 1067 866 1140 hyacinthinam
883 1084 949 1123 auro
965 1067 1140 1141 complexam,

117 1158 144 1206 et
165 1149 231 1206 hinc
254 1166 270 1204 a
292 1149 393 1205 dextris
416 1166 500 1205 unum
530 1150 674 1214 annulum,
710 1162 737 1208 et
765 1168 779 1206 a
807 1153 923 1208 sinistris
952 1152 1066 1209 alterum
1094 1170 1144 1226 per

117 1244 262 1308 utramque
285 1234 393 1289 humeri
416 1244 519 1307 partem
535 1236 731 1308 prominentes
755 1238 870 1292 orrrrulos
886 1237 919 1292 ad
934 1237 1057 1311 iugulum
1072 1255 1144 1311 pon-

122 1318 196 1375 tificis
220 1321 402 1382 innectentes,
437 1321 483 1393 qui
505 1337 601 1375 rursus
625 1338 656 1376 es
679 1331 794 1394 utraque
818 1321 955 1378 rationalis
978 1330 1055 1394 parte
1077 1330 1170 1394 spe-5

123 1404 262 1460 utebantur
284 1405 410 1477 oppositi,
434 1405 470 1460 ita
490 1414 520 1460 ut
534 1405 646 1476 perinde
669 1416 907 1470 connecterentur,
931 1416 959 1462 et
982 1415 1144 1479 coaptaren-

126 1497 164 1544 tur
184 1490 212 1545 in
235 1506 296 1545 sese
319 1505 370 1561 per
391 1488 460 1544 duros
481 1489 584 1545 scilicet
599 1489 714 1546 errrrulos
730 1491 877 1554 rationalis,
902 1501 929 1547 et
944 1491 1012 1547 duos
1029 1491 1144 1546 annulos

128 1573 359 1648 superhumeralis,
385 1572 429 1628 ubi
452 1583 530 1629 erant
552 1575 692 1631 catenulae
714 1592 811 1631 aureae
827 1576 945 1648 desuper
960 1576 1140 1631 imminentes.

203 1658 260 1716 Hoc
283 1667 373 1714 autern
397 1658 537 1721 rationale,
562 1660 642 1715 sicuti
665 1659 726 1725 diri,
751 1660 867 1716 habebat
883 1660 1024 1717 duedecim
1039 1660 1141 1732 lapides

133 1742 171 1799 sibi
193 1751 377 1816 congruenter
400 1742 532 1806 insertoS‚
567 1753 652 1816 atque
678 1745 845 1817 corripesitos
873 1743 1004 1818 quadrato
1035 1745 1139 1807 ordine,
1154 1753 1183 1800 ld

109 1829 171 1901 tiqui
190 1829 226 1885 sic
249 1827 388 1884 interterti
412 1826 571 1900 probantur,
605 1838 636 1884 ut
664 1838 705 1884 est
728 1828 988 1885 subterannexum.
1032 1828 1139 1883 Primus

136 1912 196 1978 erdo,
217 1922 299 1986 atque
322 1912 449 1985 superior
471 1930 486 1968 a
507 1912 581 1968 laeva
603 1922 681 1986 parte
703 1913 839 1986 pontilicis
861 1931 955 1969 versus
971 1912 1003 1969 ed
1019 1913 1139 1968 dextram

136 1996 174 2052 hes
192 1997 292 2072 lapides
316 1995 433 2053 habebat
456 1998 605 2070 appositos,
639 1997 766 2063 sardium,
798 1999 933 2073 topazion,
957 1997 1137 2070 smaragdum.

138 2080 231 2153 lipertet
253 2083 325 2138 enim
349 2090 376 2137 ct
399 2081 451 2137 hec
474 2081 629 2155 diligentius
661 2084 805 2148 adnotare,
839 2084 911 2139 unde
940 2082 1043 2138 scilicet
1070 2081 1140 2137 inci-

138 2165 210 2236 piebat
236 2167 414 2240 compositio,
445 2175 472 2222 et
501 2166 546 2222 ulii
586 2168 650 2223 item
683 2167 839 2225 desinebat:
875 2166 1069 2238 sciendumque
1099 2172 1180 2222 estte

139 2252 195 2320 quod
213 2253 285 2308 iusto
309 2250 499 2308 Hebraiearunr
533 2251 666 2309 elementa
689 2252 839 2309 litterarum
868 2253 904 2308 ita
927 2251 1138 2324 compositiones

140 2331 190 2391 istae
209 2336 317 2392 debant.
363 2335 492 2391 Scribunt
513 2337 614 2410 quippe
637 2335 752 2392 Hebraei
781 2354 796 2392 a
824 2337 940 2393 sinistris
963 2336 996 2391 ad
1019 2336 1138 2392 dextram

141 2420 261 2478 cuiuslibet
285 2421 324 2477 rei
347 2419 499 2476 subiectum
515 2420 637 2478 ordinem
654 2421 845 2494 perducentes.
882 2421 936 2493 lpsi
951 2436 1014 2476 sero
1030 2436 1137 2475 trionum

142 2502 332 2578 subsequentem
361 2505 458 2561 litteris
488 2523 501 2561 a
531 2506 631 2561 destris
661 2506 762 2562 babere
791 2505 916 2561 videntur
944 2504 976 2559 od
1000 2504 1139 2571 laevom).

143 2583 205 2645 Erant
223 2609 287 2664 ergo
311 2606 395 2663 super
415 2589 551 2662 pontificis
573 2601 670 2663 pectus
698 2608 714 2645 a
742 2590 857 2646 sinistris
887 2590 944 2646 eius
974 2588 1083 2644 ordines
1105 2587 1180 2643 aunt

143 2669 254 2731 dexteram
277 2674 468 2749 perducentes.

207 2759 308 2816 Primus
324 2759 401 2823 orde,
424 2760 494 2816 sicut
509 2759 560 2815 ianr
578 2759 646 2814 diri:
670 2758 784 2823 sardius,
810 2758 941 2831 topazius,
965 2754 1139 2827 smaragdum

144 2844 253 2901 sccundus
268 2853 360 2901 autem
382 2843 572 2907 carbunculus,
597 2844 751 2916 sapphirus,
776 2844 872 2917 iaspis;
898 2842 993 2897 tertius
1015 2840 1138 2913 ligurius,

145 2924 236 2995 achates,
259 2930 444 3002 ametirystus;
469 2938 590 3001 quartus,
615 2929 660 3001 qui
684 2938 712 2984 et
727 2928 847 2992 ultimus,
872 2926 1064 3000 cbrysolithus,
1088 2923 1139 2980 be-

145 3007 215 3079 rillus,
234 2998 425 3088 onychinus).
1147 3015 1177 3067 25

211 3114 231 3167 ll
248 3114 320 3163 Erod.
340 3112 535 3171 exitio-13.

147 3185 419 3206 N—

212 3234 229 3282 zi
246 3232 279 3279 [le
298 3232 344 3279 boc
364 3231 527 3279 Hebraeorum
553 3229 672 3278 scribendi
697 3229 769 3276 medo
788 3228 834 3289 ogit
853 3229 1004 3276 Hermennus
1024 3227 1090 3285 Hugo
1110 3227 1141 3273 De

148 3294 201 3348 prim,
214 3301 324 3349 scribendi
342 3301 439 3362 eriqirre,
460 3305 514 3359 etc,
534 3312 585 3360 cap.
596 3296 619 3358 8,
639 3297 679 3345 ubi
698 3303 777 3345 tamen
792 3296 863 3344 nimis
875 3295 989 3344 audacter
1003 3295 1049 3342 eit:
1071 3294 1140 3342 Porro

150 3357 191 3409 leur
204 3369 310 3416 scribendi
327 3370 440 3417 rationem
457 3368 559 3429 leqpprii
578 3368 605 3414 ob
624 3366 734 3414 Hebraeis
753 3380 867 3429 occepere,
887 3372 911 3412 ut
921 3364 1051 3412 Herodotus
1069 3368 1140 3410 testu-

151 3428 177 3497 ltt?
189 3432 219 3479 lii.
231 3436 256 3484 H.
298 3433 394 3483 Scilicet
414 3433 549 3482 Herodotus
568 3433 613 3480 hoc
633 3447 706 3480 unum
725 3440 813 3493 norrot,
837 3430 963 3494 Aegyptios
983 3445 996 3478 o
1015 3430 1096 3478 dextro
1116 3428 1139 3475 in

152 3494 243 3550 sinistrum
265 3502 328 3550 latus
352 3503 457 3550 seribere
482 3514 635 3549 consuevisse
660 3516 682 3563 p.
696 3500 742 3549 102
771 3501 808 3548 ed.
828 3499 938 3548 Gronovii
964 3498 1036 3559 lugd.
1063 3497 1139 3545 Ratae.

152 3567 261 3635 trulm,
296 3573 325 3617 At
343 3571 506 3618 Hebraeorum
525 3569 661 3618 nullatcnus
680 3569 796 3629 meminit,
816 3567 954 3629 etquidem
973 3580 1000 3614 ea
1019 3564 1140 3613 scribendi

151 3635 193 3677 rane
207 3636 226 3684 in
243 3639 340 3687 (triente
358 3652 420 3701 pene
439 3637 572 3687 communis
591 3636 642 3697 luit,
662 3645 688 3684 ut
706 3635 815 3685 Holmius
834 3649 881 3684 neo
900 3634 1035 3683 dissimulat
1053 3634 1076 3681 in
1088 3633 1141 3680 His-

151 3704 240 3755 lltetieue
264 3709 291 3755 de
314 3710 443 3769 scripturo,
469 3713 529 3766 etc,
554 3706 646 3768 cop.5,
673 3706 774 3755 Analect.
791 3705 941 3768 portitoris,
962 3710 1023 3763 etc,
1053 3699 1142 3756 Creoii,

152 3765 210 3821 lli:
232 3774 336 3836 quinimo
356 3774 453 3822 Graecis
477 3788 588 3837 queque,
614 3773 788 3834 Romanisque,
814 3779 837 3820 et
855 3770 977 3832 Etruscis,
1005 3767 1141 3830 dequibus

151 3839 249 3900 Praecipue
267 3842 430 3903 consulendus
449 3849 486 3890 est
504 3841 533 3890 cl.
553 3840 639 3890 dorius
657 3841 715 3889 Mos.
734 3842 825 3889 Etrrrsci
844 3847 907 3887 tomo
926 3839 953 3887 H.
973 3837 1064 3901 pede,
1090 3848 1142 3882 eam

152 3902 243 3957 asilendi
259 3911 376 3959 rationem
395 3924 443 3958 oen
462 3909 536 3959 luisse
555 3909 698 3969 incognitam
712 3908 781 3956 decet
800 3908 823 3956 in
843 3907 911 3967 libre,
930 3922 1001 3970 quero
1020 3902 1143 3964 inscripsit

152 3964 210 4032 ltbli
225 3977 414 4038 Plemicizuntes,
436 3985 490 4038 etcr,
510 3991 560 4039 cop.
575 3977 621 4038 ¹03
657 3975 796 4024 Edmundus
816 3975 977 4024 llielrinsoous
996 3973 1115 4023 l'escicrde
1135 3970 1145 4019 l

153 4034 298 4106 tristitiom,
320 4054 374 4106 etc,
395 4045 473 4094 Creoii
491 4060 514 4108 p.
531 4045 585 4094 tot.
622 4044 793 4093 lliclrinsooum
813 4044 835 4092 in
855 4045 918 4091 notis
937 4044 966 4091 ad
982 4044 1144 4090 Herrnonnum

151 4101 246 4167 lingonen
265 4128 344 4177 neque
364 4114 514 4162 Cirristienus
532 4113 601 4161 Treta
619 4112 734 4161 indictum
753 4112 884 4175 proeteriit.

932 4189 984 4240 13*
