2586 4822
51 798 53 812 Ι
114 831 154 891 74
414 841 527 895 amatu
545 842 833 905 tntntntuttstottnsj

112 1007 180 1072 quot
206 998 238 1055 ad
260 998 402 1071 Imperium
431 1007 601 1055 accesserant
623 998 698 1062 anni,
731 1008 761 1054 ut
784 1007 899 1055 testatur
921 999 978 1055 ttio.
1023 998 1126 1056 Sedsi

113 1084 186 1140 Gallo
214 1101 244 1138 ac
267 1083 409 1139 Volusiano
436 1093 574 1156 praetcrea
598 1082 734 1140 biennium
757 1082 935 1156 arrogandum
959 1092 1015 1148 est,
1044 1100 1125 1138 coan-

112 1186 192 1224 munc
220 1169 272 1223 hoc
299 1167 359 1224 istis
388 1185 448 1223 csse
477 1186 538 1223 cum
562 1168 699 1224 Valeriano
729 1179 756 1225 ct
779 1169 898 1224 Gallieno
921 1168 1018 1232 dahel,
1047 1167 1123 1242 quod

112 1254 208 1309 mirum
236 1263 278 1308 est
305 1253 337 1308 ab
362 1252 501 1308 historicis
523 1269 584 1308 csse
606 1252 811 1309 dissimulatum.
855 1254 909 1310 Nec
932 1253 995 1308 illud
1018 1254 1124 1317 nescio.
1149 1319 1155 1327 ,

111 1355 191 1412 quam
213 1338 290 1393 lallas
313 1338 473 1410 plerumque
494 1337 648 1393 coniectura
669 1338 713 1393 illa
736 1339 779 1402 sit,
803 1355 873 1411 quae
895 1338 929 1393 dc
946 1339 1028 1410 lmpp.
1045 1337 1126 1393 annis

112 1441 144 1479 ex
165 1422 331 1478 Tribunitiae
358 1422 499 1494 potcstatis
529 1437 641 1477 numero
669 1425 788 1496 capitur,
819 1424 865 1496 qui
893 1424 920 1479 in
942 1422 1125 1479 marmoribus

111 1516 158 1564 aut
185 1507 273 1562 nuruis
297 1506 473 1570 exhibentur,
500 1515 532 1562 ut
553 1507 578 1562 in
602 1506 692 1563 Tacito
716 1508 795 1581 paulo
817 1518 880 1581 post
902 1516 929 1563 ct
952 1507 1018 1563 Caro
1040 1523 1126 1563 mon-

111 1592 250 1648 strabitur.
283 1591 422 1647 Eatinctus
445 1600 486 1647 est
508 1592 604 1648 Decius
626 1609 696 1649 anno
719 1592 817 1648 Christi
841 1595 900 1651 252
925 1610 956 1648 cx
977 1608 1032 1666 quo
1054 1590 1126 1648 Galb

111 1693 143 1734 ac
165 1675 299 1731 Volusiani
321 1676 426 1732 initium
447 1677 596 1749 consurgit.

199 1763 256 1818 176
272 1779 296 1816 a.
327 1755 521 1834 ἐβασίλευσεν
538 1752 755 1835 Οὐαλεριανός]
786 1761 944 1831 Quindecim
965 1777 1051 1816 annos
1065 1758 1128 1815 Eu-

112 1845 203 1902 sebius
226 1846 252 1901 in
275 1846 409 1902 Chronico
432 1855 460 1903 et
481 1847 508 1901 in
524 1845 638 1902 Historia
663 1846 765 1911 tribuit,
789 1847 814 1902 in
831 1863 885 1920 quo
901 1855 1022 1902 caeteros
1039 1845 1127 1900 lca-me

112 1931 303 2004 suifragatores
332 1930 422 1986 hahet.
468 1931 531 1987 Nam
555 1931 693 1986 Valeriano
717 1934 734 1987 6
758 1940 804 1987 aut
828 1935 855 1997 t,
887 1930 997 1986 Gabene
1019 1929 1070 1985 soli
1096 1931 1127 1993 8.

111 2016 194 2072 vell)
224 2016 384 2071 concedunt.
429 2016 536 2072 initium
559 2015 688 2072 Valeriani
716 2025 744 2072 et
770 2016 872 2072 Gabeni
900 2016 1024 2073 convenit
1051 2031 1127 2071 anno

113 2100 210 2156 Christi
234 2101 304 2164 254,
328 2100 416 2155 exitus
437 2118 507 2156 anno
531 2103 601 2157 268.
642 2100 705 2156 baur
732 2105 768 2158 15
791 2118 891 2158 annum
911 2101 1037 2157 Gabenus
1058 2101 1139 2157 atti--

112 2185 161 2259 git.
192 2183 288 2239 Tribus
310 2185 387 2240 annis
410 2185 499 2240 minus
520 2186 584 2242 dicit
601 2185 776 2259 Epiphanius.

197 2264 229 2325 tv
256 2269 299 2347 τῷ
325 2262 422 2348 ἐνάτῳ
450 2254 507 2324 οὖν
527 2263 584 2326 ἕπει
607 2263 728 2343 τούτου]
760 2271 905 2327 Manichaei
929 2268 1127 2343 grassationem

112 2354 191 2409 variis
212 2355 289 2410 aunis
311 2355 471 2426 consignant
493 2363 597 2410 veteres
620 2354 793 2429 Chronologi.
830 2355 927 2412 Noster
950 2355 993 2410 hic
1014 2353 1128 2428 quiden

113 2439 215 2495 Gabeni
243 2455 316 2496 nono
339 2440 509 2496 collationem
532 2440 601 2495 illam
624 2440 746 2497 Archelai
768 2458 829 2496 cuna
852 2441 955 2496 llanete
978 2438 1129 2510 contigisse

113 2524 215 2581 scribit.
259 2529 293 2581 At
322 2524 347 2579 in
370 2524 585 2580 Manichaeorum
608 2524 731 2588 haeresi,
760 2543 831 2581 anno
853 2524 989 2580 Aureliani
1015 2524 1072 2578 lere
1097 2528 1125 2581 4.

114 2610 197 2684 Vulgo
221 2609 296 2665 Coss.
320 2609 409 2665 Probo
432 2627 463 2666 ac
485 2610 606 2673 Paulino,
629 2620 659 2666 ut
681 2610 778 2665 ibidem
801 2611 880 2666 latius
902 2609 1092 2666 disseruimus.

203 2697 259 2751 176
276 2694 302 2749 b.
324 2687 403 2767 μετὰ
427 2685 634 2770 Οὐαλεριανὸν
655 2692 704 2750 καὶ
730 2692 757 2750 Γ
755 2691 891 2768 allapsos]
922 2695 993 2750 llaec
1015 2710 1045 2749 cx
1070 2693 1130 2749 Eu·

113 2779 198 2834 sebio.
229 2778 355 2851 Plerique
376 2796 461 2834 annos
483 2780 561 2843 duos,
585 2796 653 2853 quos
675 2780 814 2836 absolutos
838 2780 930 2842 baisse,
956 2781 992 2834 ita
1014 2787 1043 2834 ut
1068 2788 1129 2834 ter·-

114 2865 180 2918 tium
214 2863 316 2926 inierit,
349 2862 517 2919 demonstrat
550 2864 688 2920 baronius.
733 2865 786 2920 Nec
819 2865 932 2919 multum
966 2880 1128 2937 repugnem.

115 2947 209 3020 Coepit
232 2947 358 3002 Claudius
381 2965 452 3003 anno
476 2948 574 3003 Christi
600 2951 669 3007 268.
693 2949 763 3005 circa
786 2951 818 3005 tx
840 2949 897 3004 llal.
914 2951 978 3022 Apr.
1000 2957 1031 3004 ut
1053 2949 1130 3006 indi·

114 3042 158 3088 cat
179 3029 337 3087 Trebellius.
352 3031 450 3087 ’llesiit
472 3050 541 3087 anno
566 3035 636 3090 270.

197 3117 308 3172 conitor
339 3110 508 3190 arctabam
536 3111 736 3191 Adpalrovdg]
782 3119 960 3175 Consentiunt
991 3117 1019 3172 in
1053 3117 1131 3174 hunc

113 3219 245 3257 annorum
267 3219 410 3257 numerum
433 3212 540 3275 praeter
555 3203 699 3260 Eusebium
718 3204 871 3277 Eutropius,
895 3203 994 3265 Victor,
1019 3201 1133 3258 Cassio-

114 3287 196 3342 dorus
219 3295 271 3342 etc.
302 3286 382 3343 Solus
397 3288 537 3343 Annalium
561 3289 686 3344 conditor
706 3292 824 3345 annosi
848 3288 979 3351 attribuit,
1004 3286 1078 3359 quod
1100 3287 1130 3342 in

112 3383 196 3427 numo
220 3380 310 3427 vetere
330 3373 431 3445 septies
454 3372 526 3428 Trih.
544 3382 599 3446 pot.
615 3373 761 3446 affingitur.
792 3373 843 3429 Sed
859 3372 1033 3428 nihilominus
1048 3388 1132 3428 coan-

113 3455 202 3510 muuis
230 3457 381 3512 sententiae
412 3458 531 3513 nondum
562 3475 606 3514 nnc
638 3459 767 3531 poenitet.
812 3457 937 3530 Coeperit
965 3455 1130 3512 Arrrelianua

114 3558 185 3595 auno
209 3543 278 3605 tto,
301 3541 448 3597 Februario
471 3559 579 3607 mense,
602 3543 654 3599 hoc
676 3552 718 3598 cst
733 3533 761 3598 'A
784 3543 841 3599 llal.
865 3542 940 3598 llart.
963 3550 994 3596 nt
1017 3558 1049 3611 cx
1075 3542 1132 3597 Vo-

113 3626 188 3699 pisco
212 3626 294 3681 relect
317 3626 458 3690 Onulrius,
484 3628 562 3700 periit
585 3645 655 3683 anno
679 3630 738 3684 275
763 3627 813 3682 sub
835 3628 905 3683 idern
930 3627 984 3682 lere
1008 3635 1129 3700 tempus.

113 3711 177 3766 Nam
200 3719 263 3782 post
284 3711 342 3765 cius
365 3709 468 3766 obitum
492 3712 676 3784 interregnum
698 3713 747 3767 luit
769 3730 815 3768 sex
839 3712 986 3774 meusium,
1011 3712 1130 3767 authore

114 3795 228 3868 Vnpisco
251 3812 282 3850 ac
304 3795 426 3860 Victore,
455 3797 487 3850 ad
509 3797 552 3851 Vll
575 3796 632 3852 Kal.
656 3798 715 3853 llct.
738 3815 792 3870 quo
816 3806 938 3870 ternpore
961 3794 1131 3869 subrogatus

113 3889 156 3936 est
177 3897 191 3935 a
210 3880 311 3935 Senatu
327 3880 443 3936 Tacitus.
474 3882 511 3936 lta
534 3888 638 3937 se'xtum
662 3883 768 3955 Imperii
790 3898 890 3937 annum
911 3881 1006 3936 leviter
1028 3881 1129 3953 attigit.

114 3966 224 4022 Veteres
240 3964 431 4037 lnscriptiones
454 3983 507 4022 non
530 3966 644 4039 amplius
660 3984 739 4041 quam
757 3970 773 4023 5
790 3967 900 4022 Tribun.
918 3967 978 4021 Pot.
994 3964 1131 4022 referunt.

196 4043 275 4123 μετὰ
296 4051 406 4106 τοῦτον
427 4045 601 4122 ἐβασίλευσε
621 4046 763 4124 Τάκιτος]
794 4053 846 4108 Scx
868 4051 929 4108 illos
945 4067 1053 4106 menses
1069 4049 1133 4106 iniit

89 4160 92 4167 ·
114 4148 147 4188 ex
168 4137 198 4191 A
215 4136 245 4191 l).
270 4135 312 4191 Vll
336 4134 395 4193 llnl.
412 4136 472 4225 Oct.
496 4136 556 4192 anni
574 4138 643 4199 275,
667 4137 845 4211 perduxitque
867 4136 900 4193 ad
922 4134 1041 4208 Aprilem
1065 4135 1132 4191 anai
