2586 4822
115 787 184 831 ull
530 787 556 837 S.
574 785 723 837 Ertrnattlt

116 940 209 997 mundi
236 949 284 998 aut
312 940 505 999 haereditatem
535 942 627 999 odium
655 942 784 999 aduersus
806 958 868 999 snm
890 956 1052 1017 pugnasque
1072 954 1133 997 sas·

116 1027 193 1100 capia
215 1026 262 1083 sed
284 1027 328 1095 (ut
349 1026 508 1100 simpliciter
528 1029 625 1098 fatear)
647 1026 742 1092 doleo,
771 1036 801 1084 et
822 1026 897 1084 valde
917 1025 1016 1090 doleo,
1044 1024 1134 1081 videas

115 1111 246 1186 plurimos
269 1111 392 1176 fratrum,
414 1122 444 1168 et
464 1128 559 1169 carrum
582 1112 728 1186 praecipue
749 1112 795 1187 qui
817 1110 1017 1187 professionem
1037 1107 1137 1167 bahent

115 1212 170 1253 non
192 1196 344 1260 minimam,
366 1197 444 1254 etin
465 1196 579 1270 gradum
600 1212 712 1269 quoque
733 1196 884 1254 sacerdotii
902 1197 1050 1253 maximum
1072 1210 1136 1269 pm-

115 1290 256 1345 reuerunt,
280 1282 339 1339 aius
353 1281 576 1355 persuasionibus
591 1281 730 1355 deceptos,
754 1291 781 1339 et
796 1280 1000 1356 perversissima
1014 1279 1136 1337 doctrina

115 1365 192 1423 cilios
213 1366 299 1423 lectos
322 1382 384 1423 esse
405 1364 531 1423 diaboli'’.
561 1366 681 1423 Conatm
703 1367 787 1441 igitur
807 1385 823 1423 a
841 1366 983 1440 sequendo
998 1375 1027 1423 et
1041 1364 1138 1422 delea-

115 1450 203 1509 dendo
226 1450 353 1524 Origene,
375 1451 521 1516 monendo,
545 1451 689 1517 hortando,
712 1452 878 1525 increpando
899 1451 1031 1508 loannem
1048 1466 1142 1524 quaa--

115 1546 172 1593 tum
195 1537 221 1593 in
245 1552 275 1593 se
297 1544 356 1592 erat
375 1533 526 1593 abducere:
551 1546 609 1593 tum
631 1536 664 1593 ad
686 1537 730 1593 sui
752 1536 954 1595 excusationem
976 1535 1078 1593 iterum
1091 1550 1138 1592 ra-

113 1619 224 1686 labitur,
247 1620 412 1695 exponitque
433 1621 543 1687 laetum,
566 1622 640 1695 quod
662 1632 691 1679 et
711 1622 845 1696 insignem
861 1621 920 1679 eius
935 1620 1027 1678 zelum
1041 1628 1153 1677 osten·.

114 1705 163 1771 dit,
185 1705 211 1762 in
235 1706 409 1763 carendo·eo
431 1706 505 1763 omni
527 1707 601 1782 quod
623 1716 714 1763 rectae
736 1707 876 1781 roligionis
890 1706 1002 1781 puritati
1017 1712 1138 1780 quantu-

114 1788 281 1866 lumeunque
292 1790 585 1849 videbaturadrerssri.
607 1791 662 1849 Sed
673 1791 743 1849 idem
754 1791 788 1847 ab
801 1790 984 1849 iconomachis
997 1790 1137 1847 hodiernis
1151 1816 1158 1821 ·

114 1877 232 1949 pessirnm
254 1875 422 1933 intellectum
443 1877 574 1950 arripitur
594 1886 690 1934 contra
712 1876 907 1952 expositione·
922 1876 1082 1950 imaginum.
1107 1874 1135 1931 la

115 1961 169 2019 boo
190 1971 281 2018 autem
303 1972 415 2035 apparet
443 1978 491 2019 eos
512 1962 598 2033 magis
620 1979 682 2019 esse
703 1962 814 2018 insanos
836 1959 974 2019 veteribus
995 1962 1137 2017 iconoma-

114 2049 188 2113 chis,
211 2047 341 2103 adversus
362 2064 433 2120 quos
456 2046 602 2105 Nicaenum
617 2048 640 2103 ll
663 2048 806 2104 concilium
828 2047 893 2121 egit.
938 2046 1006 2103 Nam
1028 2045 1076 2111 hi,
1102 2042 1136 2101 ad

113 2150 189 2189 sumn
213 2131 346 2189 baeresim
367 2131 510 2205 Epiphanii
533 2132 642 2189 nomine
663 2131 870 2198 ohannan'dam,
894 2148 948 2189 non
971 2139 1038 2187 snat
1058 2128 1136 2187 abusi

114 2235 147 2274 eo
176 2218 248 2291 quod
278 2216 403 2289 sequitur
429 2216 517 2281 lacto,
546 2216 594 2273 sed
622 2217 786 2275 affinxerunt
813 2225 908 2275 sancto
935 2215 1082 2289 qnamdam
1102 2212 1137 2271 ad

114 2301 297 2360 Theodosium
326 2300 517 2389 imperatorem
544 2302 701 2375 epistolam,
731 2303 758 2358 in
781 2302 859 2359 cuius
881 2301 934 2358 line
957 2303 998 2357 sic
1020 2304 1045 2357 ei
1068 2300 1136 2357 seri-

65 2408 71 2421 ·
112 2389 229 2462 psisset:
259 2386 348 2456 “Quia
375 2385 515 2444 multoties
542 2386 652 2445 locutus
673 2404 734 2444 sunt
756 2404 818 2444 cnm
841 2386 1036 2444 comministris
1058 2384 1135 2448 nes,

112 2482 144 2529 nt
165 2473 339 2530 aulerrootur
360 2471 506 2544 imagines,
528 2482 656 2546 receptus
679 2490 732 2529 nou
755 2488 816 2529 sum
839 2470 873 2528 ab
894 2471 950 2534 eis,
973 2487 1066 2544 neque
1086 2486 1137 2525 aa·

112 2558 170 2615 dire
191 2574 285 2615 vocem
307 2572 395 2613 meam
416 2555 513 2612 saltem
535 2557 675 2630 paululum
698 2558 770 2631 passi
785 2552 875 2613 sunt”.
904 2555 980 2613 llanc
996 2572 1061 2612 vero
1076 2553 1136 2627 epi·

112 2643 210 2701 stolam
233 2642 321 2699 “laiso
344 2641 554 2715 suprascriptum
578 2642 628 2698 dici
652 2642 770 2716 quidem,
793 2641 841 2698 sed
863 2658 918 2697 non
939 2657 1000 2698 csse
1016 2639 1136 2714 Epipha-

56 2714 62 2729 '
112 2729 175 2793 nii,''
197 2744 284 2801 aeque
305 2744 337 2784 ac
359 2726 435 2783 aliam
459 2726 485 2782 iu
508 2743 563 2801 qua
584 2727 747 2800 scripsisset,
771 2726 831 2784 “Ne
851 2726 986 2783 inducatis
1003 2724 1135 2799 imagines

113 2813 138 2869 in
162 2813 300 2876 ecclesias,
323 2828 412 2884 neque
435 2811 462 2866 in
485 2811 647 2868 coemeteria
669 2820 835 2875 sanctorum,
857 2811 907 2867 aed
927 2826 1019 2883 neque
1040 2810 1070 2865 in
1085 2810 1135 2865 do-

112 2915 186 2954 mum
209 2896 412 2961 communem;''
441 2912 504 2952 cnm
526 2896 617 2952 multis
640 2896 806 2953 ostendisset
827 2895 947 2970 synodus
967 2903 1023 2952 act.
1040 2896 1077 2959 6,
1104 2908 1135 2949 se

112 2983 221 3055 quidem
251 2990 395 3037 “sanctum
417 2979 525 3036 Patrem
552 2981 691 3038 doctorem
713 2981 849 3039 Ecclesiae
870 2980 1021 3037 catholicae
1042 2994 1134 3043 nosse,

113 3066 342 3140 conscriptionem
376 3065 456 3121 vero''
485 3064 602 3123 abiicere
631 3067 731 3123 iterum
759 3065 921 3141 profitetur:
954 3065 1018 3138 qnia
1047 3064 1135 3121 “hasa

112 3150 249 3208 mendacis
271 3149 431 3207 assertionis
453 3151 616 3224 conscripta,
639 3167 709 3224 quae
730 3159 826 3208 contra
848 3148 1017 3207 venerabiles
1039 3148 1136 3223 imagi·

113 3253 162 3291 nes
184 3244 257 3300 snut,
279 3236 408 3291 dicuntur
428 3234 538 3309 quidem
561 3253 576 3291 a
597 3236 759 3308 quibusdam
782 3236 813 3293 S.
827 3234 970 3309 Epiphanii
991 3251 1064 3299 esse,
1087 3231 1135 3291 sod

42 3392 45 3397 Ι
112 3319 188 3378 nullo
210 3320 291 3377 modo
313 3322 404 3377 snnt''.

198 3407 248 3463 23.
279 3405 369 3478 ipsum
391 3421 475 3478 porro
498 3405 607 3470 lactum,
630 3407 709 3462 cuins
730 3405 874 3463 occasione
896 3404 964 3460 lraac
978 3403 1061 3469 dicta,
1085 3418 1136 3461 au·

113 3491 217 3546 ‹iiarnus
239 3490 357 3563 propriis
380 3490 438 3545 cius
453 3488 551 3547 verbis.
582 3490 756 3555 “Praeterea,
779 3489 876 3563 inquit,
898 3488 987 3547 audiui
1000 3487 1135 3564 quosdam

112 3591 282 3632 rrrurumrare
304 3583 400 3637 eonma
422 3591 474 3640 me,
498 3576 561 3648 qnia
583 3574 692 3647 quando
715 3575 796 3633 simui
817 3573 999 3649 pergebamus
1020 3574 1057 3631 ad
1071 3588 1136 3631 san·

112 3669 186 3717 ctum
216 3660 306 3717 locum
334 3660 382 3733 qui
410 3670 522 3716 vocatur
549 3659 659 3725 lietbcl,
689 3669 720 3717 ut
747 3658 784 3717 ibi
812 3658 953 3717 collectam
981 3667 1075 3716 tactam
1102 3673 1134 3715 aa

112 3762 189 3802 ruore
211 3744 394 3803 ecclesiastico
417 3746 550 3809 lacerem,
573 3754 602 3800 et
622 3745 756 3802 venissem
779 3744 812 3802 ad
834 3743 921 3801 villam
942 3759 1015 3817 quae
1038 3743 1136 3801 dcitur

112 3830 277 3895 anablatha,
308 3829 487 3904 vidissemque
512 3829 548 3885 ibi
570 3830 739 3903 praeteriens
760 3829 900 3887 lucernam
920 3828 1079 3893 ardentem,
1106 3834 1134 3883 et

112 3918 323 3990 interrogassem
351 3915 412 3987 quis
440 3914 519 3971 locus
546 3923 634 3979 esset,
663 3914 871 3988 didicissemque
896 3930 959 3971 esse
980 3913 1132 3975 ecclesian.

113 4012 141 4059 ct
168 4003 311 4059 intrassem
340 4009 372 4055 ut
398 4016 520 4066 orarom;
549 3998 636 4057 inveni
664 3999 702 4056 ibi
724 3999 813 4057 velum
835 3998 958 4073 pandens
978 3998 1007 4055 in
1029 3997 1133 4057 loribm

113 4088 233 4145 eiusdem
256 4085 397 4152 ecclesias,
421 4085 536 4143 tinctum
551 4095 634 4159 atque
649 4084 796 4159 depictum,
819 4094 847 4143 ct
859 4082 965 4143 habens
979 4084 1132 4159 imaginent,
