2586 4822
110 856 127 893 ,
212 817 276 881 titt
615 852 631 865 ··
658 830 780 881 emiiu

210 1005 284 1045 noio.
330 986 395 1042 Nam
417 985 596 1042 Laodicenuin
619 985 739 1059 digamos
752 985 824 1049 eos,
848 983 1007 1056 dequibus
1030 984 1164 1058 loquitur,
1186 1003 1244 1060 aii-q

211 1073 292 1148 pellat
313 1065 482 1148 ἐλευθέρως
496 1066 546 1126 iiiii
562 1067 697 1145 νομίμως
711 1063 930 1147 concedimus
944 1064 1104 1148 δευτέροις
1117 1065 1228 1146 γάμοις,

167 1176 172 1187 ·
208 1159 330 1229 leyita'ine
352 1173 386 1212 oc
408 1156 497 1211 litere
518 1158 647 1213 seciindis
668 1157 775 1228 nuptiis
796 1156 938 1226 ittiyotos,
969 1155 1025 1211 lioc
1049 1165 1110 1220 est,
1134 1157 1180 1232 qui
1200 1157 1230 1212 li·

209 1242 298 1300 centia
323 1251 353 1299 ,et
380 1240 508 1297 tacutuie
536 1240 588 1297 sibi
610 1259 624 1296 a
648 1241 755 1297 Cliiisto
768 1249 805 1297 et
827 1239 945 1296 Ecclesia
967 1256 1106 1297 concessa
1128 1243 1172 1296 iisi
1192 1243 1230 1298 lo-

209 1338 286 1390 cent,
314 1326 415 1399 quique
445 1324 471 1380 id
493 1325 611 1399 legitime
634 1326 770 1383 fecissent.
815 1325 844 1380 lu
866 1342 922 1399 quo
945 1324 1061 1380 ridicula
1086 1336 1131 1382 est
1152 1326 1229 1382 lucis·

209 1411 327 1469 consulti
350 1403 496 1483 expositio,
526 1409 664 1483 νομίμως
684 1411 753 1466 idem
777 1426 839 1466 esse
861 1427 892 1465 ac
912 1411 1070 1466 sesnandum
1093 1413 1164 1483 teeia
1182 1412 1228 1467 iii·

208 1513 311 1553 monuo
333 1495 484 1552 licentiosi.
523 1495 618 1570 Neque
639 1496 710 1553 enim
733 1494 937 1551 Ecclesiasticus
960 1495 1006 1550 ille
1032 1495 1146 1551 Petrum
1166 1512 1227 1553 iiiii·

154 1590 164 1604 ⁸
209 1599 303 1638 cessus
331 1576 469 1653 νομίμως
496 1579 556 1635 inici
585 1582 693 1654 nuptias
716 1581 774 1637 illas
796 1579 929 1643 ediceret,
959 1597 1031 1653 quas
1055 1581 1134 1637 nullo
1155 1582 1224 1638 modu

208 1666 303 1730 licitas,
327 1681 416 1739 oeque
438 1663 509 1720 satas
532 1683 592 1722 esse
615 1674 802 1740 cognosceret.
832 1664 937 1719 Etenim
960 1665 1009 1739 qui
1033 1666 1104 1723 citra
1127 1665 1224 1722 adulte·

210 1751 294 1816 cium,
316 1749 380 1807 alias
403 1747 438 1804 oli
462 1765 580 1815 caussis,
603 1761 718 1824 psopter
739 1768 807 1826 quas
829 1748 971 1804 diuortium
996 1752 1091 1807 lacere
1114 1751 1220 1824 liupcia-

101 1828 110 1854 *
210 1836 276 1892 tuiis
298 1834 404 1908 legibus
427 1833 465 1888 las
485 1844 536 1900 est,
561 1852 671 1891 uincens
687 1835 828 1896 dimiserit,
850 1832 981 1907 aliamque
999 1834 1120 1899 duxerit,
1141 1838 1165 1890 iii
1178 1853 1221 1890 ea·

208 1920 269 1977 dein
291 1937 354 1978 cuiii
375 1917 503 1975 aduiteiis
526 1937 620 1976 caussa
643 1920 778 1977 Ecclesiae
801 1918 898 1975 iudicio
913 1919 1086 1994 decretoque
1102 1931 1220 1981 versatis,

209 2022 298 2079 neque
327 2014 374 2061 aut
400 2002 451 2060 levi
479 2005 647 2076 poenitentia
673 2006 783 2079 defungi
810 2011 929 2079 poterat,
961 2013 1010 2060 aut
1043 2005 1125 2062 aliter
1153 2022 1222 2083 quain

208 2090 344 2146 dissoluto
367 2089 519 2163 posteriore
541 2089 689 2163 illicitoque
712 2089 907 2151 contubernio,
937 2088 1010 2144 illam
1034 2090 1123 2164 ipsum
1146 2092 1223 2164 impi-

209 2184 280 2230 teate
303 2173 506 2248 poeniendam.
551 2175 781 2242 Quemadmodum
803 2175 930 2237 devotae,
955 2174 1009 2231 lioe
1033 2184 1086 2240 est,
1112 2193 1223 2249 quaese

209 2259 264 2314 lieo
286 2268 525 2324 consecraverant,
549 2260 680 2332 virgines,
703 2270 750 2316 aut
772 2261 879 2323 viduae,
901 2260 926 2313 si
947 2261 1084 2315 maiitiam
1108 2265 1223 2335 occcpd·

205 2351 275 2408 sciit,
297 2361 353 2400 non
376 2345 597 2401 admittebantur
619 2347 658 2403 od
675 2346 885 2418 poenitentium,
908 2344 963 2398 iiiii
984 2345 1082 2423 addite
1105 2348 1168 2420 ipso
1188 2350 1223 2403 ii·

205 2437 286 2485 uenite
306 2430 409 2485 intimo
431 2441 512 2486 eosic
534 2431 628 2486 eivers
654 2431 824 2503 coepissent,
855 2437 905 2483 oiit
922 2438 1080 2502 postquam
1102 2433 1166 2504 ipse
1185 2435 1224 2488 de·

206 2515 341 2579 cessisset,
365 2515 402 2571 ait
424 2512 588 2573 Toletanum
608 2518 632 2580 l,
657 2516 721 2571 uin.
735 2518 769 2573 ld
786 2525 813 2572 et
833 2518 878 2572 tii.
908 2515 988 2586 Atqui
1013 2514 1145 2588 Digamus
1165 2518 1223 2575 istos

206 2601 386 2657 laodicenum
403 2600 550 2658 Concilium
572 2599 646 2657 linesi
669 2610 792 2674 tempore
814 2599 1007 2673 poenitentiam
1030 2600 1112 2657 obire
1128 2607 1222 2668 statuit,

206 2685 437 2742 Nicaenum-ueco
459 2686 627 2752 ttoviiisnis,
650 2695 682 2741 ut
704 2703 764 2741 cuin
788 2685 838 2741 illis
861 2683 1021 2740 nominatim
1043 2692 1224 2747 communici-

154 2779 282 2834 stetisses
305 2787 336 2826 se
358 2787 419 2827 esse
441 2771 630 2845 profiteantur,
655 2771 744 2826 edicit.
789 2769 867 2839 Quod
889 2768 1012 2843 prolecto
1038 2787 1096 2827 iioii
1113 2774 1221 2844 larsem,

205 2855 228 2910 si
251 2855 417 2928 digamorum
440 2857 550 2912 nomine
571 2856 720 2928 flagitiosos
743 2854 803 2911 illos
826 2872 857 2911 ac
880 2854 977 2910 iudicio
993 2853 1138 2915 Ecclesiae
1154 2862 1222 2918 ailul-

206 2940 266 2995 teiii
288 2941 430 2997 damnatos
450 2940 637 2998 intellexisset.
669 2925 821 3002 Praeterii,
845 2949 876 2995 ut
897 2955 978 3013 quam
999 2939 1124 3000 absurda
1139 2948 1174 3004 sit
1187 2948 1221 3002 ld

203 3025 339 3081 sententia
361 3025 511 3083 evidentius
533 3035 671 3099 appareat,
695 3026 717 3080 si
739 3025 766 3080 in
788 3024 834 3080 illo
857 3024 964 3080 Nicaeiii
986 3023 1106 3085 Consilii
1123 3029 1222 3089 Caiioic

202 3109 302 3182 digami
324 3119 403 3176 sunt,
431 3111 479 3184 qui
501 3121 595 3167 contin
619 3110 818 3167 Ecclesiasticas
839 3108 1011 3177 sanctiones,
1040 3113 1095 3169 lioc
1119 3128 1176 3183 eii,
1195 3125 1222 3172 ι

203 3193 261 3266 ipse
283 3209 345 3249 cum
369 3194 526 3252 Calviniiinis
549 3195 697 3260 existimat,
721 3194 786 3251 citra
809 3210 930 3251 caussam
953 3194 1100 3265 adulteiii,
1125 3202 1161 3257 ob
1179 3216 1220 3257 eis

201 3293 322 3342 caussas,
346 3273 379 3333 de
402 3278 501 3351 quibus
524 3280 667 3336 divortium
689 3280 790 3335 saeculi
812 3279 887 3353 leges
909 3278 1063 3354 indulgent,
1087 3287 1221 3360 repudiiti

142 3382 144 3389 ·
203 3362 308 3435 piioie,
338 3362 449 3419 alteram
473 3363 524 3419 sibi
547 3365 689 3439 coniugem
712 3364 862 3429 asciscunt,
886 3380 941 3420 non
963 3365 1014 3420 alia
1038 3379 1109 3442 puto
1132 3371 1221 3428 cond·

202 3446 276 3503 tione
297 3445 460 3504 Novatiinos
481 3448 514 3504 ad
537 3449 700 3524 iungendam
723 3463 782 3506 cuin
807 3449 858 3504 illis
881 3452 1104 3511 commonionem
1137 3458 1220 3530 coegit

200 3548 281 3606 quini
311 3542 341 3588 ut
369 3532 503 3591 dissoluto
531 3535 684 3608 postcii'oic
707 3533 752 3590 illo
781 3534 907 3607 coniugio
934 3533 1120 3597 foedissimam
1151 3540 1219 3597 illam

201 3616 332 3673 toaculam
359 3619 527 3690 poenitentia
556 3618 700 3675 diluerent.
745 3618 825 3692 Atqui
847 3635 901 3675 uon
924 3620 1010 3694 magis
1034 3632 1067 3679 ut
1088 3642 1148 3682 eum
1169 3626 1220 3682 linc

197 3710 375 3770 peccatorum
396 3719 512 3775 genere,
541 3714 606 3776 post
627 3705 836 3777 poenitentiam,
864 3717 953 3778 qnam·
967 3713 1000 3762 ut
1022 3724 1087 3765 ciiiii
1110 3711 1219 3768 metuis

199 3786 431 3851 communicarent
453 3787 588 3851 omnibus,
612 3787 652 3844 lei
675 3789 735 3854 isti,
759 3789 903 3864 cautioque
920 3789 986 3847 leiti
1001 3790 1220 3853 Nouatiaiiisdc-

199 3864 267 3923 liuit.
297 3868 356 3924 Non
379 3871 450 3926 enim
472 3871 604 3927 eiusmodi
627 3873 714 3929 soliim
738 3862 869 3947 digaiiiiis,
892 3875 940 3931 sed
963 3892 1157 3957 quoscumque
1173 3881 1219 3938 de·

198 3949 253 4007 licti
276 3953 404 4025 gravioris
427 3972 489 4012 neos
511 3955 544 4011 ali
567 3958 640 4012 oiiiiii
664 3975 713 4031 spe
735 3959 933 4016 communionis
957 3961 1143 4022 excluserant.
1169 3966 1219 4022 Coi

197 4034 280 4108 igitur
308 4037 341 4094 de
370 4038 483 4112 digamis
509 4040 577 4106 illis,
607 4041 701 4117 utique
730 4043 838 4100 nonnisi
866 4045 1066 4120 poenitentiam
1088 4060 1117 4107 et
1138 4050 1217 4108 illiciti
1263 4053 1265 4070 '

196 4120 314 4196 coniugii
328 4120 536 4198 &remptionem
551 4124 735 4193 admittendis,
755 4127 1090 4208 dissito-nominatimque
1104 4134 1218 4194 lituus
