2586 4822
438 843 729 895 unruaovcnsronns.
752 842 755 847 ’
1054 828 1093 892 st

71 1005 102 1051 et
125 996 277 1070 Procopius
299 999 327 1053 in
350 998 454 1054 Esaiam
484 1017 498 1055 a
527 999 794 1055 Nabuchodonosore
828 999 973 1055 Samariam
1002 1010 1030 1056 et
1053 1001 1099 1056 lu·

70 1082 168 1137 dacaru
191 1092 361 1155 expugnatas
385 1085 431 1140 ait.
470 1085 551 1157 Atqui
580 1101 649 1140 com.
668 1085 706 1141 24
730 1084 829 1139 dicum
850 1085 1020 1157 Assyriorum
1043 1086 1097 1142 lle!
1194 1095 1201 1109 '

70 1167 106 1223 de
136 1166 290 1240 Babylone,
320 1178 347 1223 et
376 1169 409 1224 de
433 1162 532 1224 (lotha¹
548 1169 717 1241 caeterisque
747 1168 903 1242 regionibus
928 1170 1098 1237 transtulisse

71 1252 188 1309 colonos
209 1252 238 1308 in
261 1253 417 1309 Samariam.
454 1257 495 1309 An
518 1264 574 1309 tum
598 1254 782 1309 Salmanassar
803 1254 965 1326 Babylonem
988 1254 1098 1311 obtine·

71 1337 136 1401 bat,
167 1348 197 1393 ut
225 1338 271 1410 qui
301 1347 366 1393 tunc
396 1356 421 1393 rn
445 1356 476 1394 ea
498 1339 630 1412 regnabat
651 1340 822 1411 Assyriorum
846 1339 981 1412 vectigalis
1004 1337 1136 1396 essetlll

71 1422 132 1477 Hoc
162 1422 270 1494 qtridem
299 1423 440 1496 probabile
470 1434 520 1479 est.
566 1424 630 1479 Nam
654 1433 715 1496 post
738 1425 909 1496 Assyriorum
932 1434 1009 1480 vetus
1032 1425 1097 1480 illud

72 1524 104 1562 ao
134 1508 294 1563 diuturnum
318 1508 462 1580 Imperium
492 1510 655 1572 extinctum,
685 1507 892 1580 babyloniorum
916 1510 1097 1582 primordiaa

71 1591 262 1647 Nabonassaro
286 1603 452 1666 coeperunt,
477 1611 547 1648 anno
571 1594 632 1649 Per.
656 1593 706 1648 lul.
731 1596 810 1650 3967
836 1603 944 1650 centum
968 1596 1024 1650 lere
1047 1613 1098 1651 an-

72 1678 114 1731 nis
143 1694 158 1730 a
187 1678 333 1733 constituta
358 1678 496 1733 llcdorum
520 1679 687 1741 llonarcbia;
718 1696 786 1750 qrrac
816 1680 874 1735 iniit
902 1696 973 1735 anno
1004 1682 1095 1738 3838.

72 1762 160 1817 Porro
183 1762 368 1818 salmanassar
395 1768 428 1819 tu
453 1763 551 1818 Tribus
580 1766 697 1836 captivas
725 1763 834 1820 abduxit
863 1764 971 1819 circiter
996 1781 1096 1822 annunt

71 1847 135 1902 Per.
158 1847 208 1902 lul.
233 1850 330 1911 3993,
354 1865 425 1903 anno
448 1849 579 1904 Ezechiae
603 1852 630 1905 6.
675 1852 773 1921 Aqtro
797 1851 828 1904 ad
852 1849 1096 1921 b'abopolassarnm

71 1931 334 1988 Nabuchodonosori
357 1943 461 2006 patrem
484 1934 547 1988 anni
570 1942 634 1989 sunt
657 1920 722 1989 96(
752 1933 847 1989 lrritur
869 1934 940 1989 enim
963 1934 1094 2007 Nabopol.

71 2018 200 2073 convenit
222 2034 293 2072 anno
316 2017 377 2073 Per.
401 2018 448 2073 lul.
474 2020 555 2075 tota
580 2017 631 2074 sub
655 2034 725 2090 quo,
755 2019 808 2073 imo
832 2028 894 2074 ante
916 2019 1020 2091 ipsum,
1043 2019 1097 2075 lla-

69 2101 245 2175 byloniorum
269 2102 413 2175 Imperium
437 2104 534 2159 llorere
558 2104 722 2175 excitarique
745 2104 849 2177 eoepit:
885 2120 945 2159 cum
968 2105 1019 2159 iam
1042 2107 1096 2160 Aa·

70 2188 209 2260 syriorum
237 2189 387 2243 secundnm
416 2188 480 2244 illud
508 2188 660 2243 occidisset.
706 2188 810 2243 Etenim
840 2198 902 2261 post
923 2189 1094 2246 assaraddon

69 2271 144 2327 nulla
168 2272 199 2327 lit
221 2272 336 2345 amplius
358 2273 459 2343 Regum
476 2275 648 2346 Assyriorum
672 2274 791 2329 mentio:
816 2274 862 2329 sed
879 2273 1031 2330 blerodacbi
1047 2274 1094 2330 lilii

69 2357 187 2412 baladan
210 2356 417 2430 babyloniorum
447 2358 591 2431 principis,
619 2362 647 2416 4.
665 2358 730 2430 lleg.
755 2375 779 2413 c.
797 2360 846 2422 20,
869 2361 903 2415 12
931 2375 1002 2414 anno
1025 2359 1095 2415 Eze-

70 2441 148 2497 chiae
176 2446 222 2498 ll.
254 2440 373 2515 ldeoque
396 2452 458 2514 post
481 2443 623 2498 llerodacb
647 2442 808 2515 babylonios
824 2444 911 2514 Reges
934 2445 1094 2501 crediderim

68 2525 101 2581 ab
124 2527 299 2599 Assyriorum
323 2528 460 2583 dominatu
484 2544 513 2582 se
537 2528 563 2582 in
586 2527 738 2582 libertatem
761 2529 920 2583 asseruisse.

157 2613 199 2668 22
214 2611 242 2666 b.
273 2604 345 2678 τούς
366 2630 397 2668 rc
415 2608 590 2685 χουθαιόυς
612 2606 829 2683 καλουμένους]
864 2613 986 2680 Quatuor
1008 2614 1094 2670 lrosoe

68 2697 189 2770 populos
215 2696 296 2769 longe
319 2697 398 2752 aliter
419 2697 558 2768 Scriptura
582 2697 715 2769 concipit:
745 2696 882 2761 Adduxit,
906 2697 1008 2771 inquit,
1033 2698 1095 2754 nee

67 2783 250 2851 Assyriorum
270 2784 347 2836 uiros
370 2784 403 2836 dc
427 2782 580 2850 Babylone,
604 2784 684 2835 etde
709 2780 813 2845 Gurdo,
837 2783 917 2836 etde
940 2782 1042 2847 Haeo,
1067 2791 1093 2840 ot

68 2869 101 2922 de
116 2866 232 2930 Baratb,
256 2875 282 2921 et
304 2869 337 2921 de
352 2867 549 2938 Seplroruaim.
581 2867 681 2921 Graece
704 2868 749 2929 ita,
782 2862 844 2921 Καὶ
860 2862 892 2923 ἐκ
907 2861 1017 2937 Kadoi,
1041 2862 1093 2923 arod

67 2944 130 3008 dud
146 2943 266 3017 Ἅουὰν,
289 2947 340 3006 καὶ
363 2943 423 3010 ἀπὸ
442 2943 572 3025 Λῗμὰθ,
595 2946 646 3006 καὶ
669 2942 729 3007 ἀπὸ
744 2947 980 3026 Σεμφαροωίμ.
1013 2952 1092 3021 Quod

67 3037 101 3092 ad
125 3036 282 3092 Ebntlraeos
306 3037 411 3100 attinet,
435 3037 568 3110 losephus
585 3026 737 3109 Ἀρχαιολ.
749 3038 777 3100 a,
793 3040 837 3099 ta,
859 3052 874 3091 a
890 3036 1005 3102 chutun,
1023 3038 1092 3093 Per-

67 3121 133 3176 sidis
163 3121 290 3194 regione,
321 3131 348 3177 et
376 3123 538 3194 cognomine
567 3121 647 3176 llurio
676 3121 829 3177 nominatos
858 3120 981 3178 affirmat.
1026 3122 1092 3179 Vide

66 3205 154 3262 Eiiam
177 3205 336 3270 Ebisbitem,
361 3206 582 3266 vocabulorum.
625 3204 665 3261 Ab
688 3206 720 3261 iis
742 3205 824 3270 nihil,
851 3206 963 3279 opinor,
987 3206 1094 3264 discre-

66 3300 135 3364 pant
157 3285 321 3360 Κουδαῖοι,
343 3291 406 3347 licet
422 3291 587 3364 Epiphanius
610 3301 749 3356 secernat;
772 3291 823 3346 nisi
847 3292 907 3364 quis
922 3287 1093 3364 Adriudlol-
1116 3335 1119 3342 .
1142 3336 1146 3348 .

66 3393 123 3443 ους
145 3376 206 3432 eius
229 3375 290 3431 loco
313 3376 498 3448 reponendum
523 3384 642 3432 censeat.
673 3375 737 3431 Nam
761 3392 810 3449 pro
831 3367 1094 3451 Ἀναγωγαναίους

65 3461 187 3518 sonasse
200 3451 398 3527 Ἀουαναίους
412 3460 509 3517 melius
523 3462 583 3525 erit,
608 3478 658 3533 pro
674 3460 794 3523 llavaeis,
818 3477 878 3517 cunr
894 3461 959 3516 Lxx
979 3453 1094 3517 Ἀουὰν

64 3546 199 3603 scribant.
230 3548 264 3600 At
287 3545 408 3618 Scaliger
424 3535 587 3620 'Aro‘yvooc
610 3542 639 3599 Γ
638 3541 763 3612 αναιόι·ς
782 3546 836 3618 leg.
860 3545 1004 3612 ariolatur3
1028 3547 1092 3619 quia

64 3631 132 3692 *aba
156 3638 222 3686 sunt
237 3621 373 3705 ἄναγνοι,
396 3632 535 3690 obscoeni.
567 3630 664 3685 Verum
680 3633 818 3686 nationum
836 3631 879 3686 bic
894 3630 1011 3694 nomina,
1035 3648 1090 3687 non

63 3732 175 3772 morum
199 3732 230 3771 ac
253 3715 377 3770 vitiorum
400 3716 509 3788 propria
531 3725 786 3771 commemorantur.

156 3803 196 3858 23
211 3817 238 3855 a.
261 3791 400 3874 ”Eodpor
420 3794 486 3856 τινὰ
511 3792 605 3875 ἱερέα]
637 3799 745 3855 llirilrea
768 3816 857 3855 rerum
881 3808 1090 3873 temporumque

63 3885 251 3962 perturbatio.
282 3884 393 3940 Esdram
416 3883 514 3940 asserit
535 3902 550 3939 a
572 3883 767 3957 Nabuchodon.
790 3886 911 3948 missum,
934 3885 981 3958 qui
995 3885 1091 3941 Sama-

62 3973 121 4029 riae
145 3969 296 4043 inquilinos
319 3969 401 4025 blosis
422 3970 510 4043 legem
533 3969 658 4033 doceret,
689 3969 769 4043 idque
791 3985 862 4024 anno
886 3972 925 4026 30
948 3969 1093 4042 Rabyloni-

62 4074 112 4114 oae
144 4053 309 4129 captiuitatis
338 4054 478 4111 accidisse.
523 4053 581 4110 Non
604 4054 712 4110 videtur
731 4053 845 4110 alterurn
867 4053 977 4109 Esdram
1000 4053 1033 4109 ab
1056 4069 1092 4110 eo

60 4140 247 4204 intellexisse,
269 4139 316 4213 qui
339 4138 462 4196 Hecaliao
484 4138 555 4195 lilius
578 4140 657 4210 Legis
679 4137 767 4195 scriba
789 4138 896 4194 dicitur.
932 4138 986 4195 Sed
1008 4138 1089 4194 alium
