2586 4822
551 120 649 165 ,111111
652 119 783 165 1111111ζὸ.

566 281 571 292 “
647 273 691 329 lx.

388 386 610 451 uelstoun
641 386 695 451 AD
730 385 940 451 tutnnutt.

243 524 366 603 Epistola
386 526 464 593 haec,
486 542 538 601 qua
553 524 719 601 Epiphanius
734 542 765 583 se
779 536 891 584 excusat
905 524 978 601 quorl
991 524 1207 585 Paulinianum

159 610 350 688 proslpterum
378 610 532 669 affluam
558 610 618 686 ipso
645 608 816 679 inconsulto,
852 618 881 669 et
907 618 1066 669 caumont
1090 620 1124 669 ut
1143 608 1202 669 ol

159 696 284 773 origenis
310 694 451 753 erroribus
482 694 631 759 abstineat.
664 694 766 770 legitur
799 694 873 753 inter
904 712 988 771 opera
1009 694 1195 773 llieranpm',

158 782 232 839 uutlo
252 780 351 839 sumsit
371 780 505 845 Pettalus.
528 788 603 837 textu
627 790 684 837 tum
708 780 837 855 temporis
859 780 968 857 uulgato
988 796 1067 847 aaut.
1095 796 1191 857 quen

159 866 333 943 postmorlum
356 882 388 923 ex
409 864 549 923 codicibus
564 865 697 922 Vaticanis
717 874 745 923 et
759 864 938 923 nnrbrosiaao
959 866 1060 941 passim
1083 882 1189 923 emen·

159 952 231 1008 clarit
245 950 397 1015 vallarsius,
420 951 497 1007 cuius
519 968 552 1008 ex
574 950 793 1007 annotationibus
816 968 886 1025 quae
901 958 996 1008 notatu
1018 950 1099 1025 digua
1114 958 1185 1008 sunt

160 1037 228 1093 inira
250 1036 401 1109 posuimus.

245 1124 293 1185 73,
313 1125 339 1176 7.
369 1119 487 1177 Consule
514 1119 669 1194 llieronymi
698 1121 776 1193 epist.
801 1124 838 1178 57
872 1120 913 1175 De
942 1121 1046 1193 optimo
1073 1134 1178 1191 petum

156 1206 371 1280 interpretandi,
400 1221 453 1278 qua
475 1222 505 1261 se
527 1215 620 1261 tuetur
642 1205 715 1261 Hier.
744 1215 838 1262 contra
860 1204 985 1261 llufinum
1008 1202 1176 1261 cavillantem

157 1293 249 1366 priora
272 1292 339 1347 haec
360 1290 502 1365 Epiphanii
525 1289 620 1353 rerba,
649 1307 719 1363 quae
740 1290 768 1346 io
791 1290 893 1347 Gracco
921 1300 1001 1353 suut,
1030 1283 1091 1346 itta
1116 1282 1175 1367 γὰρ

157 1368 250 1452 ἡμᾶς,
273 1366 419 1450 ἀγαπητὰ
447 1368 492 1449 μὴ
513 1376 551 1451 τῇ
573 1367 668 1449 οἰήσει
690 1376 753 1432 τῶν
774 1366 894 1453 κλήρων
913 1369 1078 1451 φέρεσθαι,
1100 1390 1124 1431 a.
1146 1370 1173 1429 S.

159 1460 276 1517 lloctorc
298 1460 367 1515 male
383 1475 511 1515 conversa
527 1460 552 1515 in
570 1460 702 1515 Latinum.
731 1459 824 1515 vntt.
913 1462 942 1517 9.
958 1460 1056 1517 lerem.
1070 1460 1116 1526 12,
1128 1458 1173 1516 tc

206 1549 252 1602 111.
275 1544 369 1600 llattlr.
387 1546 414 1609 5,
432 1545 481 1601 3⁶2.
576 1546 625 1601 23.
650 1544 707 1600 lino
730 1545 893 1602 vetustiores
915 1544 994 1601 coilil.
1019 1544 1103 1601 Vatia.
1125 1538 1173 1617 pul

154 1631 322 1704 prouinciae
349 1628 423 1685 altit
448 1630 578 1685 deluere.
628 1629 692 1686 Erat
719 1641 809 1686 autem
832 1630 1005 1686 Paulinianus
1027 1630 1057 1686 S.
1079 1628 1173 1687 lliera·

158 1714 231 1789 uymi
254 1714 345 1779 irater,
367 1730 448 1787 quem
464 1714 616 1779 diaconum,
640 1724 668 1769 et
683 1732 745 1771 mon
760 1714 949 1790 presbyterum
964 1714 1099 1771 ordinarit
1111 1708 1173 1787 epi·

157 1800 283 1875 plrauius,
305 1799 333 1855 iu
350 1799 559 1873 Peregrinarum
574 1800 748 1864 monasterio,
772 1800 845 1873 quorl
866 1801 899 1856 ad
914 1800 1023 1856 loannis
1039 1794 1170 1857 dioecesi!

158 1901 213 1941 non
236 1883 397 1959 pertinebat.
442 1884 527 1941 Porro
544 1884 715 1941 cisterciens.
732 1902 783 1941 ms.
805 1883 849 1940 Ne
870 1886 1034 1941 clamentur
1054 1884 1170 1958 psum

157 1970 265 2026 darino
286 1978 313 2025 et
335 1970 507 2025 conscientia
528 1971 593 2043 {idei
616 1971 766 2043 antiquae,
795 1986 880 2043 puori
905 1971 990 2026 simul
1017 1970 1165 2027 mutanti,

158 2057 194 2112 ab
216 2054 346 2111 Ecclesia
367 2055 508 2127 separari.
553 2054 607 2111 Sed
622 2054 748 2111 Ambros.
771 2055 851 2128 paulo
873 2064 936 2111 aute
958 2052 1166 2129 cooperanti*

157 2140 222 2197 lere
243 2139 396 2203 consortio,
417 2156 454 2194 ae
473 2140 636 2195 siderentur
657 2141 781 2212 modam
802 2140 917 2205 duritia,
941 2148 995 2195 etc.
1018 2138 1113 2197 unul„

244 2224 293 2289 tt,
311 2226 339 2281 6.
362 2224 543 2298 Praepostero
566 2225 661 2280 oratioe
681 2226 819 2281 vetustiss.
836 2224 919 2281 Vatic.
942 2225 1082 2299 exemplar
1103 2218 1158 2285 355,

157 2310 288 2381 tippulae
314 2307 460 2364 Ecclesiae
487 2310 683 2382 episcoporum
710 2308 829 2375 labent,
860 2320 912 2367 ete.
948 2307 1158 2384 quemadmodum

158 2394 237 2451 etiam
266 2394 292 2448 iu
322 2394 405 2448 veteri
433 2391 518 2468 prima
548 2394 666 2450 editione
694 2393 837 2470 legendum
861 2405 912 2451 est.
967 2394 1029 2452 llos
1050 2392 1158 2452 amum.

156 2495 242 2551 super
263 2494 348 2533 unam
369 2494 535 2533 mensuram.
560 2478 654 2534 VALL.
765 2482 809 2538 18.
833 2480 942 2535 Rectius
965 2480 1036 2537 lorte
1059 2478 1159 2536 Ambra·

158 2564 225 2621 sian.
250 2564 386 2638 exemplar
407 2571 433 2618 te
455 2563 576 2620 voculam
599 2580 653 2620 non
676 2565 808 2638 agnoscit.
833 2563 926 2620 vntt.
1016 2567 1067 2623 30.
1091 2560 1160 2620 l'erlt

157 2650 315 2713 clamitans,
339 2656 364 2703 et
384 2664 472 2720 proce
494 2665 564 2704 onas
585 2649 663 2705 ultro
683 2650 758 2706 eires
779 2666 849 2706 suos
871 2666 940 2714 esse,
962 2666 1033 2723 quae
1056 2650 1085 2707 iu
1106 2650 1162 2706 lue

157 2750 245 2808 usque
279 2732 357 2789 editis
385 2732 459 2806 [post
480 2734 624 2806 iadipnuta
645 2732 686 2808 oc]
717 2734 829 2791 aluerant
849 2733 1035 2810 supplevimus
1058 2752 1092 2792 ex
1112 2738 1165 2791 lu-

156 2818 232 2875 bros.
255 2835 305 2874 ms.
329 2816 423 2874 vntt.

244 2907 293 2967 75,
311 2904 361 2960 21.
384 2900 585 2976 theoprepum}
607 2902 652 2959 Sic
674 2903 873 2960 emendavimus
896 2921 928 2960 es
943 2903 1089 2977 antiquiss.
1104 2904 1172 2961 1111-

157 3005 225 3045 cano
254 2996 282 3045 ct
303 2987 481 3044 Amhmsiano
504 2988 665 3060 exemplari,
694 3005 756 3045 cum
783 3000 861 3046 antea
884 2996 958 3045 esset
982 2988 1175 3063 Tneoprotan

79 3078 85 3091 ·“
157 3074 252 3130 Latino
275 3073 371 3146 partim
395 3082 422 3128 et
444 3072 540 3147 partim
564 3072 666 3129 Gracco
689 3074 807 3129 nomine.
831 3072 925 3129 VALL.

245 3160 294 3223 16,
316 3160 362 3215 ll.
385 3156 617 3223 l‘salm.140,l.
707 3160 756 3217 32.
779 3158 888 3215 lleuter.
906 3158 956 3223 32,
974 3158 1002 3214 5.

244 3245 293 3323 73,
311 3244 339 3300 3.
368 3241 425 3297 lluo
454 3241 534 3298 rerba
558 3239 705 3314 Oriperm
725 3244 847 3307 scilicet,
881 3252 945 3317 post
965 3241 1029 3299 Arii
1055 3252 1179 3316 patrans,

157 3328 202 3384 hic
223 3326 348 3382 inserunt
370 3325 448 3391 editi,
481 3343 551 3400 quae
580 3338 669 3384 tamen
698 3328 764 3384 nulli
787 3346 852 3384 mss.
874 3336 1042 3401 agnoscunt,
1078 3337 1107 3383 et
1128 3346 1180 3383 nos

157 3428 251 3469 eorum
274 3410 435 3468 auctoritate
457 3418 585 3485 tanquam
607 3430 622 3470 e
637 3413 796 3487 glossatoris
811 3430 892 3469 mauu
907 3412 1029 3488 prolecta
1045 3415 1182 3486 expunxi-
