2586 4822
150 811 191 875 to
376 818 452 873 Vm.
485 820 524 873 ne
541 814 790 872 nesunnncuoue
808 818 935 870 ceusu.

617 1152 696 1211 VIIL

200 1288 412 1363 ΕΡΙΡΗΑΝΙΙ
446 1286 636 1360 urlscorl
662 1284 961 1359 cousraurmu
988 1283 1116 1358 CYPRl

200 1403 359 1477 ORATIO
405 1403 449 1477 ΙΝ
501 1400 705 1476 ἉΝΕΤΑΜ
751 1399 919 1474 CHRISTI
957 1398 1117 1473 RESUR-

525 1514 785 1589 euertuntur.

390 1738 545 1797 eruendo
569 1740 685 1798 vosslo
709 1738 928 1797 luruueufiru.

498 1903 599 1968 (Graeca
617 1920 667 1956 non
685 1904 818 1968 extabant.)

554 2092 759 2107 ——n-—u-u—¹

233 2244 318 2305 Nune
334 2252 516 2305 mortuorum
530 2245 627 2305 luctus
642 2244 765 2305 exulavit
780 2254 809 2306 et
822 2244 1049 2306 resurrectionis
1067 2244 1190 2306 tumen

151 2342 271 2416 affulsit,
302 2342 332 2402 in
355 2361 413 2421 quo
436 2360 549 2403 summa
577 2342 624 2402 dei
651 2343 682 2403 in
710 2362 765 2405 nos
797 2342 1016 2404 demonstratur
1048 2343 1174 2404 maritas.

150 2441 223 2503 Nam
246 2448 371 2500 montem
392 2458 479 2519 quam
501 2439 625 2500 debebat
646 2440 750 2514 homo,
782 2459 846 2500 eam
869 2441 999 2503 moriens
1022 2438 1171 2503 destruxit

151 2538 295 2612 (inustus,
316 2538 526 2617 redemptionis
548 2537 674 2617 pretium
695 2538 769 2599 dans
791 2557 846 2617 pro
868 2538 973 2611 anima,
1001 2558 1036 2599 ae
1058 2556 1164 2619 eorpus

114 2647 204 2717 topro
226 2654 359 2715 corpore,
382 2644 532 2715 totumque
554 2635 702 2695 hominem
725 2654 779 2715 pro
801 2636 930 2709 homine,
952 2654 987 2696 ao
1001 2655 1058 2715 pro
1074 2644 1162 2697 morte

150 2742 283 2795 mortem.
322 2733 359 2795 Et
380 2733 445 2812 quis
468 2752 595 2811 unquam
618 2733 713 2793 iustus
735 2746 868 2794 mortuus
891 2743 935 2794 est
956 2752 1012 2813 pro
1035 2731 1161 2796 iniusto?

151 2832 223 2903 Quis
245 2840 329 2911 pater
349 2850 403 2910 pro
425 2830 483 2890 tilio
491 2828 505 2889 t
533 2830 648 2910 etquis
671 2849 725 2909 pro
747 2840 829 2910 patre
850 2831 927 2892 sititis
947 2831 1037 2892 morti
1061 2851 1095 2893 se
1116 2830 1160 2891 ota

151 2926 237 2989 tulit?
268 2928 345 3008 quod
368 2928 484 3007 quidem
512 2947 566 3006 pro
590 2928 675 2989 nobis
703 2929 770 2989 feeit
797 2928 950 3003 dominus,
984 2948 1046 2990 non
1078 2929 1180 2999 medon

151 3045 203 3087 sua
225 3044 280 3086 nos
308 3045 397 3085 manu
426 3028 555 3086 formans
582 3026 612 3085 in
635 3027 741 3100 Adam,
776 3026 827 3087 sed
855 3027 941 3087 otiam
968 3026 999 3087 in
1030 3046 1085 3088 sua
1113 3046 1161 3088 nos

113 3123 287 3203 lopassione
315 3141 491 3201 regenerans
519 3142 573 3201 per
599 3123 743 3203 spiritum.
793 3124 960 3203 {ruptusque
988 3124 1162 3187 iudaeorum

149 3220 278 3301 populus
301 3239 386 3280 suum
408 3220 500 3299 ipsius
522 3221 666 3281 interfecit
695 3221 918 3295 benefactorem,
947 3241 1001 3301 pro
1030 3222 1162 3284 bonisei

150 3319 224 3380 mala
246 3318 428 3396 rependens,
458 3336 492 3378 ao
512 3336 567 3396 pro
589 3319 693 3396 gaudio
716 3318 950 3393 tribulationem,
978 3328 1008 3380 et
1031 3339 1087 3399 pro
1110 3320 1163 3383 nita

150 3431 283 3478 mortem.
327 3416 383 3488 Qui
407 3414 484 3475 euim
507 3414 621 3475 illorum
645 3417 828 3478 resuscitavit
843 3427 983 3491 mortuno,
1008 3426 1038 3478 et
1053 3420 1162 3480 curarit

151 3513 259 3587 turhaS,
281 3513 509 3592 illuminaritque
531 3532 641 3585 coenos,
665 3515 745 3575 liuue
761 3515 932 3576 oeciderunt
947 3515 1162 3595 suspendentes

110 3609 179 3671 eoin
201 3611 289 3689 ligno.
339 3611 438 3671 Videte
466 3629 553 3684 nune,
585 3611 728 3685 homines,
752 3612 854 3685 nnete,
888 3612 1016 3692 inquam,
1040 3626 1164 3678 ouncue

148 3720 251 3788 gentes
274 3727 365 3769 noros
386 3707 590 3787 inauditosque
610 3709 788 3787 perfidorum
814 3729 920 3771 ausus:
943 3714 1164 3791 suspenderunt

149 3825 230 3879 eum,
259 3806 307 3884 qui
336 3813 426 3867 totam
449 3804 602 3884 suspendit
624 3815 748 3866 terram:
779 3806 858 3885 tigno
887 3809 1041 3871 affixerunt
1072 3811 1162 3885 illum,

149 3909 197 3982 qui
230 3902 361 3962 solidavit
389 3903 546 3977 mundum,
587 3911 615 3963 ot
645 3903 737 3963 mensi
766 3913 835 3965 sanat
862 3924 928 3966 eum
960 3907 1009 3985 qui
1043 3910 1187 3978 metitum

149 4000 260 4070 coeloe,
287 3999 472 4079 ligaruntque
493 3999 587 4073 illum,
611 4000 659 4078 qui
690 4000 773 4061 solvit
795 4010 978 4080 peccatores,
1008 4014 1038 4066 et
1060 4006 1092 4068 in
1114 4008 1163 4069 siti

110 4102 288 4178 topotarunt
309 4106 390 4159 noeto
413 4096 502 4173 illum,
526 4098 575 4177 qui
597 4116 651 4178 pro
673 4107 743 4176 potu
765 4100 886 4179 praebet
908 4101 1057 4169 iustitiam.
1081 4106 1164 4167 etin
