2586 4822
152 793 220 837 uti
519 828 522 833 .
561 788 590 839 S.
608 786 758 839 tuttbtbtt

61 981 63 984 ·
151 963 203 1005 nos
226 962 275 1020 pro
297 960 381 1018 opere
403 941 461 1009 bei,
484 943 557 1019 quod
579 944 607 1000 in
629 942 859 1007 aedificationem,
884 949 914 997 et
935 956 991 999 noo
1012 941 1041 997 ia
1063 941 1170 999 dorm·

152 1032 270 1089 ctionem
293 1030 405 1087 [ratrum
426 1028 536 1085 iactans
549 1025 626 1085 est‘d'

238 1117 287 1173 20,
332 1113 468 1171 Hactenus
490 1113 666 1187 Epiphanius,
689 1112 755 1185 ipsis
778 1111 821 1169 his
843 1109 932 1169 verbis
953 1111 1019 1179 satis
1041 1111 1169 1179 indicans,

152 1202 204 1258 iana
227 1210 285 1259 tuna
308 1208 449 1272 receptum
471 1198 497 1254 in
520 1198 637 1255 Ecclesia
660 1197 753 1261 tuisse,
776 1208 807 1254 ut
829 1196 995 1253 monasteria
1010 1196 1108 1255 saitem
1122 1197 1171 1255 di-

152 1303 206 1359 qua
234 1285 326 1360 (quale
354 1292 412 1340 crat
441 1282 634 1339 monasterium
664 1283 692 1338 S.
708 1281 849 1355 Epiphanii
872 1282 966 1337 “iusta
987 1281 1170 1341 besanduwn

151 1372 247 1434 vicum,
270 1371 298 1427 in
324 1368 462 1427 territorio
477 1366 774 1441 Eleutheropoiitano‚”
796 1366 870 1440 qood
884 1365 918 1422 ab
934 1367 1023 1440 inopia
1039 1384 1170 1442 aquarum

152 1454 359 1529 “Spanpdrioffl
381 1452 545 1527 appeliatum
568 1451 662 1509 scribit
684 1452 941 1526 pseudo-ioannes,
964 1451 1012 1508 abi
1034 1453 1106 1509 sacta
1124 1470 1172 1509 or·

152 1540 270 1603 dinatio.
294 1547 322 1595 et
343 1538 458 1595 alterum
482 1537 725 1611 “peregrinorum‘'
754 1537 950 1595 monachornm
977 1536 1005 1593 in
1020 1536 1171 1605 Bethleem.

152 1625 225 1681 unde
246 1623 418 1680 Paulinianos
446 1622 479 1680 ad
501 1622 679 1696 Epiphaniam
703 1623 824 1691 venerat)
847 1630 970 1696 exempta
992 1632 1173 1681 censerentur

151 1710 185 1766 ab
208 1709 335 1766 orcbnarii
356 1707 556 1765 iurisdictione:
579 1707 616 1765 ita
638 1708 838 1781 etquicunque
854 1707 1042 1781 episcopusin
1058 1708 1092 1765 iis
1106 1725 1173 1783 pes-

151 1805 203 1858 set.
226 1795 249 1851 si
265 1804 418 1867 rogaretur,
441 1793 507 1866 ipsis
522 1793 663 1849 monacbis
678 1810 771 1849 sacros
786 1792 911 1849 conferas
926 1792 1048 1849 ordines.
1079 1792 1172 1867 Pergit

152 1897 234 1953 porro
257 1878 425 1953 Epiphanius
447 1894 576 1935 excusare
597 1894 628 1934 se
652 1877 744 1934 ioanru
765 1878 808 1934 his
830 1877 934 1936 serbis:
959 1877 1034 1935 “Sed
1056 1887 1085 1934 et
1106 1878 1171 1936 iilud

152 1966 327 2021 vehementer
348 1962 496 2019 admiratus
518 1980 578 2020 suro
600 1962 674 2036 qood
696 1963 763 2019 meis
780 1963 889 2020 locutus
904 1980 935 2019 ea
950 1962 1073 2031 cleriois;
1095 1980 1173 2020 asas-

152 2066 215 2105 rens
239 2059 265 2105 te
287 2066 337 2121 per
357 2057 481 2105 sanctum
504 2046 691 2121 presbyterum
707 2057 736 2105 et
750 2046 875 2105 abbatem
890 2047 1087 2105 monachornm
1103 2049 1173 2107 Gre-

151 2133 258 2206 goriuna
280 2133 422 2189 mandasse
444 2133 519 2197 mihi,
543 2149 577 2189 ne
600 2150 762 2206 quemquam
785 2133 953 2199 ordinarem
976 2141 1005 2189 et
1021 2149 1076 2207 ego
1091 2133 1173 2207 pobi-

152 2219 221 2275 citus
251 2218 301 2273 sim
330 2217 438 2275 dicens:
468 2216 595 2291 bunqraid
623 2218 726 2273 invenis
754 2236 815 2275 satur
843 2228 892 2275 ant
913 2235 1031 2275 mones
1056 2215 1173 2292 ignoroi

152 2303 219 2359 barii
242 2303 325 2376 igitur
347 2304 485 2359 ceritatem
508 2302 535 2357 in
558 2320 683 2359 sermone
708 2303 763 2367 bet.
786 2320 829 2360 me
845 2320 896 2361 nec
911 2302 1097 2367 hocaodisse.
1121 2320 1172 2361 nee

109 2410 128 2469 ι
151 2404 249 2451 nosse,
279 2405 329 2444 nec
352 2387 428 2445 istius
451 2387 584 2445 sermonis
608 2387 715 2460 penitus
737 2388 884 2445 recordari.
928 2388 1089 2461 Suspicatus
1111 2405 1172 2445 sant

152 2490 187 2529 ne
208 2472 320 2529 forsitan
342 2473 415 2529 inter
436 2471 530 2537 molta,
552 2473 630 2547 quasi
645 2474 737 2536 bouso.
760 2472 862 2531 obiitus
878 2491 982 2539 essem:
1005 2482 1035 2530 et
1049 2473 1085 2531 ob
1102 2474 1172 2531 hano

151 2574 259 2615 minam
281 2566 404 2614 sanctum
421 2557 580 2631 Gre'goriour
598 2558 751 2614 sciscitatus
766 2575 836 2623 suin,
860 2567 889 2615 et
903 2559 1039 2616 Zenonem
1056 2558 1174 2632 presby·

152 2652 240 2700 terum
268 2643 316 2717 qui
343 2659 405 2698 cum
426 2658 460 2699 eo
483 2652 535 2700 est.
581 2642 600 2698 E
622 2642 723 2717 quibua
744 2642 829 2700 abbas
851 2643 998 2717 Gregorius
1019 2644 1172 2717 respondit,

99 2730 106 2743 ¹
151 2745 181 2785 se
210 2729 263 2797 hoc
291 2728 400 2801 penitus
428 2727 563 2801 ignorare.
607 2728 699 2784 Zenon
727 2736 819 2785 autern
847 2728 926 2792 dixit,
962 2727 1025 2801 quia
1055 2746 1120 2785 curn
1147 2729 1173 2787 ei

150 2812 294 2886 presbyter
309 2812 433 2869 boissaus
456 2813 547 2870 nescio
570 2829 640 2886 quae
660 2813 711 2869 alia
727 2814 882 2871 nansitorie
897 2813 1067 2887 loqueretar.
1091 2814 1171 2871 etiarn

151 2897 205 2955 hoc
226 2896 336 2954 dixerit:
360 2897 479 2955 Putasne
501 2897 606 2971 aliquos
628 2897 803 2955 ordinaturus
821 2909 863 2955 est
877 2908 989 2955 sancus
1004 2895 1173 2973 episcopus?

152 2990 180 3039 et
202 2982 315 3039 huiusce
337 2982 447 3039 stetisse
469 2999 639 3039 sermonem:
662 2999 714 3055 ego
730 2992 821 3039 autem
836 2983 1002 3057 Epiphanius
1017 3000 1070 3041 nec
1084 2983 1172 3041 audiri

151 3065 307 3139 quidquam,
330 3084 380 3124 nec
403 3068 541 3140 respondi.
572 3066 661 3132 Unde,
683 3068 866 3133 dilectissime,
889 3085 944 3124 non
967 3077 995 3127 to
1015 3069 1174 3143 praeveniat

151 3150 242 3214 furor,
273 3167 324 3207 nec
345 3160 461 3225 oocopet
483 3152 647 3225 indignatio,
677 3169 728 3209 neo
750 3154 850 3210 frustm
871 3153 1019 3210 movearis:
1049 3163 1080 3210 et
1098 3152 1173 3211 attat

152 3235 247 3293 dolens
270 3253 325 3293 non
348 3246 375 3292 te
397 3246 485 3293 vertas
506 3236 539 3292 ad
562 3235 622 3300 aba,
646 3246 677 3293 nt
699 3238 828 3311 peccandi
850 3238 1020 3295 occasionem
1035 3239 1173 3296 invenisse

151 3321 278 3385 ridearis,
308 3321 381 3394 qnod
403 3321 541 3394 Propheta
568 3321 688 3379 devitans
717 3323 861 3379 boninum
890 3332 1030 3396 precator,
1062 3324 1172 3381 dicem:

150 3404 215 3461 Nera
236 3406 360 3463 deeidam
383 3423 432 3461 cor
452 3423 543 3463 messa
563 3408 595 3463 in
615 3409 703 3463 serbo
723 3410 852 3465 malitiae
873 3410 913 3465 nd
926 3411 1108 3466 suasanus
1123 3424 1174 3465 ea·

151 3493 309 3549 cnodaces
332 3493 362 3549 iat
380 3493 506 3564 peccetis
528 3491 622 3562 (Psoi.
639 3491 720 3558 CXL,
738 3494 805 3566 t)'.
834 3492 937 3568 Nesope
958 3493 1071 3551 dolebat
1091 3494 1173 3551 loan-

152 3593 223 3641 nern,
246 3576 320 3651 spond
343 3594 392 3650 pro
416 3577 593 3650 Origenianac
615 3578 735 3635 diaeresis
757 3578 916 3636 defensione
936 3579 1035 3636 inisset
1056 3579 1091 3635 ab
1106 3579 1173 3652 Epi·

151 3662 251 3734 phanio
273 3671 432 3735 correptos;
455 3673 483 3720 et
505 3679 535 3718 ea
557 3662 591 3721 de
613 3679 695 3721 causa
716 3663 878 3721 dissidentes
900 3661 933 3719 ab
957 3680 990 3720 eo
1010 3664 1057 3736 qui
1073 3663 1174 3721 iiiero-

151 3762 231 3818 nynao
254 3745 437 3804 adhaerebant
459 3749 617 3811 monachos,
640 3748 698 3821 ipse
720 3749 776 3805 suis
799 3747 922 3821 epistolis
942 3748 1110 3823 monitisque
1125 3766 1174 3805 ro-

152 3830 260 3887 boraret
282 3832 315 3888 ad
338 3833 516 3889 constantiam
538 3832 565 3889 iu
589 3833 755 3906 repudiando
772 3834 906 3907 Origene3
929 3850 1017 3906 equo
1038 3833 1073 3891 de
1092 3848 1173 3891 causa

152 3926 260 3973 venatos
282 3932 297 3971 a
319 3915 419 3972 ioannc
441 3917 630 3974 consolaretur
650 3927 732 3991 atque
753 3918 866 3976 iuvaret.

237 4002 286 4058 21.
316 3999 349 4055 Et
371 4000 423 4057 hoc
446 4011 497 4066 est,
519 4018 575 4075 qur·
597 4003 697 4076 stylona
720 4003 800 4061 vertit
815 4003 990 4077 Epiphanius.
1014 4005 1051 4061 ita
1074 4021 1174 4079 prose-

151 4102 239 4158 quens
260 4093 383 4160 coeptam
398 4086 556 4160 epistolam:
580 4087 669 4145 “iilud
683 4104 794 4161 qnoque
808 4089 923 4147 audiens
935 4087 1086 4153 adrniratns
1099 4104 1174 4151 saar,
