2586 4822
211 872 325 923 milli
627 872 653 922 S.
672 870 821 923 aestuabit

211 1033 347 1090 doctriaa
375 1038 401 1085 et
425 1028 600 1102 perfectione
625 1036 787 1084 sanctourm
810 1029 942 1093 Petrum,
971 1044 1043 1102 quos
1065 1037 1137 1085 teste
1158 1027 1236 1102 Sige-

214 1117 295 1175 bcrto
318 1114 443 1188 Pelagius
465 1113 594 1170 diaconus
616 1113 752 1169 Romanae
766 1113 902 1171 Ecclesiae
924 1113 1064 1170 transtulit
1084 1113 1120 1170 de
1135 1112 1234 1170 Gracco

216 1203 244 1260 in
266 1202 405 1264 tatinum,
429 1199 531 1272 quilque
553 1199 579 1254 in
607 1200 675 1258 Vitis
697 1198 814 1254 Petrum
837 1198 914 1255 editis
937 1215 951 1254 a
974 1207 1071 1255 nostro
1094 1196 1235 1255 lleribeato

212 1285 365 1345 llosweido
386 1283 520 1340 libnimV
542 1283 727 1339 constituunt:
750 1283 787 1339 ibi
810 1285 881 1340 enirn
903 1282 1030 1342 libellos
1052 1287 1177 1341 numia
1199 1284 1237 1340 sic

215 1372 330 1446 legitur:
358 1369 449 1425 “llisit
471 1368 615 1442 aliquando
637 1367 804 1443 Epiphanius
827 1372 972 1443 episcopus
994 1369 1110 1443 Cyprius
1133 1368 1165 1425 ad
1187 1367 1236 1424 ab·

214 1457 307 1514 batem
329 1455 508 1518 Hilarinum,
538 1468 638 1526 rogans
661 1470 723 1508 eum
746 1462 773 1510 et
796 1453 902 1518 dicens,
932 1454 997 1510 veni
1018 1463 1050 1510 ut
1072 1470 1124 1509 nos
1146 1453 1236 1510 videa·

214 1559 286 1606 anus,
309 1550 453 1613 antequam
476 1538 510 1593 de
531 1554 647 1612 corpore
670 1556 805 1594 creamus.
836 1540 886 1609 Qui
909 1555 971 1595 cum
992 1539 1132 1595 venissent
1146 1538 1179 1594 ad
1193 1539 1237 1594 in·

213 1627 309 1689 vicem,
332 1621 557 1680 manducantibus
580 1623 619 1679 eis
642 1632 760 1679 aetatum
783 1633 825 1679 est
846 1625 881 1680 de
896 1623 987 1679 avibus
1003 1623 1141 1697 quiddam,
1164 1622 1235 1698 quod
1283 1670 1286 1677 .

212 1722 312 1771 tenens
342 1710 487 1783 episeopus
513 1708 587 1764 dedit
614 1708 706 1764 abbati
733 1708 871 1765 llilarioni.
916 1709 949 1765 lit
978 1708 1043 1767 dicit
1070 1709 1109 1765 illi
1137 1724 1233 1765 senex:

214 1798 329 1872 ignosce
358 1795 438 1858 milii,
468 1794 562 1858 Palen,
592 1795 655 1869 quia
684 1810 714 1849 cn
738 1811 793 1868 qno
815 1794 906 1868 accepi
930 1793 1051 1851 habitum
1075 1794 1159 1850 istum
1182 1810 1235 1849 non
1258 1814 1286 1848 ..¹

212 1880 371 1940 manducaui
393 1879 539 1953 quiidquam
562 1879 693 1934 occisum.
723 1879 757 1936 Et
778 1879 844 1935 dixit
866 1882 890 1935 ei
906 1879 1088 1953 Epiphanius:
1111 1878 1170 1953 ligo
1187 1896 1286 1935 au·-

214 1976 279 2031 lem,
303 1982 335 2023 ex
357 1983 413 2040 quo
435 1965 526 2038 accepi
549 1963 670 2020 habitum
687 1964 778 2029 istum,
801 1980 855 2020 non
870 1964 959 2019 dimisi
974 1964 1091 2039 aliquem
1107 1964 1233 2029 dormire,
1253 2000 1286 2021 .

213 2053 260 2129 qui
290 2048 407 2107 habebat
434 2050 534 2123 aliquid
558 2050 698 2105 adversum
721 2064 780 2115 me;
810 2066 899 2122 neque
922 2066 973 2123 ego
996 2048 1111 2106 dormivi
1133 2048 1286 2106 babens:

212 2136 316 2212 aliquid
337 2135 466 2191 adversus
488 2134 616 2208 aliquem.
646 2134 679 2189 Et
702 2134 766 2191 dicit
788 2135 813 2190 ei
828 2151 921 2199 senex,
945 2135 1057 2208 ignosce
1072 2134 1151 2199 mibi,
1175 2135 1286 2209 qenins

213 2222 259 2279 t'ua
289 2220 457 2277 conversatio
480 2220 566 2276 maior
587 2227 630 2274 est
651 2220 736 2275 mea''.
781 2222 870 2293 Atque
895 2219 928 2275 ad
950 2220 1019 2275 hane
1041 2219 1182 2293 mitigatae
1202 2218 1286 2275 ab«

213 2306 363 2380 llpiplranio
386 2305 551 2360 austeritatis
574 2306 773 2360 excusationem
797 2305 876 2360 etiam
899 2313 1014 2379 spectat,
1037 2306 1113 2378 quod
1135 2304 1163 2360 in
1185 2320 1286 2360 nu„-

213 2390 398 2454 llllraieclino,
421 2406 453 2445 ex
481 2389 547 2446 Vilia
563 2389 687 2453 Petrum,
711 2389 803 2446 nescio
826 2389 897 2446 unde
920 2397 1068 2464 sumptum,
1093 2391 1184 2464 reperi
1198 2389 1286 2445 sic-⁶:

212 2485 387 2534 annotatum:
418 2474 536 2530 “Factus
565 2474 710 2548 episcopus
737 2475 822 2531 voluit
843 2475 883 2530 uti
907 2476 999 2531 eadem
1022 2475 1137 2539 duritia,
1168 2475 1286 2531 sicul:

211 2562 239 2620 in
262 2578 365 2624 eremo,
388 2560 437 2616 sed
459 2576 514 2615 non
536 2560 640 2633 potuit:
665 2569 693 2616 ct
715 2576 795 2616 orans
817 2561 949 2632 quaesivit
964 2577 979 2615 a
994 2560 1059 2624 lieo,
1085 2562 1109 2617 si
1123 2568 1286 2635 propter‘

211 2647 398 2723 episcopatum
421 2644 581 2701 recessisset
603 2644 636 2699 ab
659 2660 692 2700 eo
707 2644 792 2718 gratia
808 2644 864 2700 liei.
895 2645 1066 2719 Responsum
1083 2654 1127 2702 est
1146 2654 1286 2703 auten-

212 2733 237 2791 ei
260 2732 334 2807 quod
355 2746 420 2795 noo,
443 2731 505 2805 quia
529 2730 570 2804 pin
593 2729 744 2786 intentione
759 2746 851 2785 curam
867 2730 1004 2803 suscepit,
1027 2728 1076 2786 sed
1092 2731 1157 2804 quia
1173 2736 1286 2786 tunc:

211 2817 321 2893 quando
343 2817 369 2871 in
392 2815 538 2872 solitudine
560 2815 627 2879 suit,
658 2815 728 2871 lleus
752 2824 810 2871 erat
831 2814 882 2871 sibi
905 2815 1032 2888 proprius
1055 2815 1181 2879 adiutor,
1208 2815 1286 2869 ir-

212 2902 321 2959 saeculo
344 2909 434 2957 autem
458 2901 537 2956 etiarn
561 2900 685 2955 homines
707 2899 916 2956 auxiliabantur.
947 2900 991 2956 Sic
1012 2898 1059 2955 lllii
1083 2899 1169 2956 lsrael
1190 2916 1286 2955 re*

211 2996 346 3060 ceperunt
367 3002 464 3041 manna
486 2986 513 3040 in
535 2984 660 3048 deserto,
683 3000 828 3060 qualisque
850 2986 973 3042 venirent
995 2985 1021 3039 io
1044 2993 1149 3041 terram
1170 2999 1286 3059 pru-⁶·

211 3070 373 3129 missionts''.

212 3196 215 3201 ,
301 3157 348 3213 13.
378 3153 483 3211 Colitur
503 3155 532 3210 S.
550 3154 667 3211 llilariou
685 3155 720 3212 21
738 3154 879 3211 Octobris:
903 3164 1011 3211 ulcero
1027 3153 1061 3211 ad
1079 3170 1143 3210 enm
1159 3154 1286 3211 iden-⁴

211 3241 294 3299 tidem
323 3239 482 3296 recurrebat
509 3240 657 3314 discipulus
680 3256 746 3296 suus
769 3240 934 3315 Hesychius,
964 3254 1085 3313 eumque
1107 3239 1142 3297 de
1164 3242 1286 3297 statfl

211 3334 269 3383 turn
298 3325 454 3382 monasterii
482 3325 525 3381 sui
545 3326 572 3383 in
596 3324 746 3381 Palaestina
769 3335 826 3381 tum
848 3324 1042 3399 ‹liscipulorum
1066 3323 1169 3381 ibidem
1189 3338 1286 3380 ref

210 3411 337 3471 lictorum
360 3409 472 3467 curabat
494 3410 624 3466 educam:
647 3410 683 3466 ila
706 3426 757 3466 neo
779 3426 877 3484 segnes
901 3410 1012 3466 luentnl
1028 3409 1157 3484 discipuli
1171 3409 1286 3484 apt-2

211 3498 304 3573 pbanii
332 3497 358 3551 in
387 3495 499 3551 lovenda
527 3504 620 3551 mutua
651 3511 791 3552 cumano
819 3495 950 3569 magistro
976 3495 1286 3557 communicatione..-

210 3600 272 3639 cum
301 3582 345 3637 liic
372 3579 489 3636 abesset.
534 3581 629 3654 ltaque
656 3581 683 3636 io
712 3580 803 3636 libello
821 3580 864 3635 xit
892 3580 957 3636 dicti
978 3580 1071 3655 operis
1093 3596 1122 3635 n.
1140 3582 1161 3638 ll
1181 3578 1286 3635 lala

210 3669 275 3741 quid
307 3666 456 3722 inuenitur:
491 3665 665 3721 “blanditum
699 3674 741 3721 cst
770 3674 880 3721 sanctae
908 3665 1053 3722 memoriae
1083 3663 1286 3740 Epiphania*-

210 3754 339 3825 episcopo
364 3750 471 3824 Cyprio,
493 3750 528 3806 ab
548 3748 647 3806 abbate
669 3750 827 3807 monasterii
849 3750 891 3805 sui
914 3751 985 3826 quod
1009 3747 1105 3806 liabuit
1129 3750 1157 3806 in
1181 3750 1286 3806 l’a‘

209 3836 337 3893 laestina:
368 3836 434 3904 Quia
462 3834 631 3891 orationibus
661 3836 714 3891 titis
743 3851 798 3892 non
827 3834 994 3909 negleximus
1015 3835 1157 3909 regulam,
1185 3830 1286 3890 se&

209 3936 271 3978 eum
294 3920 464 3977 solicitudine
490 3920 616 3985 Tertiam,
640 3920 757 3985 Sextum,
781 3920 893 3985 Nonam,
918 3930 999 3993 atque
1015 3919 1164 3995 vesperam
1185 3932 1286 3977 αἰ

208 4005 355 4063 lebramus.
387 4005 433 4060 llle
455 4015 555 4070 autem,
578 4006 782 4079 reprehendens
805 4022 876 4070 cum,
901 4004 1035 4061 mandavit
1053 4006 1095 4061 ei:
1119 3996 1286 4062 eumad

206 4106 255 4147 ros
283 4106 376 4147 caotre
405 4088 438 4145 ab
467 4093 591 4148 oratione
617 4091 734 4148 caeteris
761 4090 852 4157 lior-isc
882 4106 945 4147 erim
967 4097 1060 4146 antem
1081 4090 1129 4165 qui
1151 4092 1278 4147 reau9

206 4178 248 4233 ist
270 4174 432 4239 monnellus,
454 4184 565 4250 oportet
579 4176 638 4233 sine
652 4174 854 4235 intonuissioue
868 4190 948 4233 orare
963 4182 1009 4232 aut
1024 4182 1102 4233 certa
1114 4174 1267 4251 pulleno
