2586 4822
483 827 773 881 nntutuvenstosts.
1078 815 1139 881 181

112 982 195 1059 apud
210 983 387 1050 Christianos,
411 983 459 1041 sed
481 992 509 1040 et
523 982 594 1058 apud
610 984 790 1058 lmperatores
804 983 879 1059 ipsos
893 984 1039 1058 plurimum
1053 987 1140 1060 gratia

111 1078 151 1127 :et
171 1069 406 1127 commendatione
427 1068 554 1127 valuisse.
582 1068 648 1125 llam
670 1078 697 1127 et
719 1069 893 1127 attammea
906 1069 1077 1129 Antiochiam
1092 1088 1139 1129 ae-

112 1154 192 1215 >citus
215 1154 313 1233 dicitur
345 1162 372 1211 et
401 1155 433 1210 ad
455 1154 609 1228 Philippum
641 1155 754 1229 eiusque
777 1156 919 1227 coniugem
940 1154 1033 1211 literas
1056 1155 1137 1213 dedit

117 1239 192 1310 Quid
221 1239 305 1313 igitur
326 1239 472 1302 attinebat,
501 1239 660 1296 nominatim
682 1239 755 1296 Decii
778 1240 935 1314 etquidem
957 1241 1038 1296 unius
1060 1257 1140 1298 meu-

117 1327 223 1382 ticnem
246 1322 355 1381 lacere?
385 1325 453 1393 Quin
477 1334 504 1380 et
526 1324 591 1380 illud
613 1333 696 1397 auget
717 1325 930 1389 admirationem,
954 1325 1027 1398 quod
1042 1325 1088 1382 lib.
1105 1325 1139 1383 De

109 1410 206 1467 Pond.
230 1418 257 1465 et
279 1410 363 1466 hiens.
386 1412 481 1483 plld
505 1410 615 1483 scripsit
627 1409 802 1482 Epiphanius,
826 1409 969 1483 Origenem
992 1409 1025 1466 ab
1047 1410 1140 1484 lmpe·

115 1495 218 1552 ratoris
243 1495 313 1550 Decii
341 1503 464 1568 tempore
492 1495 526 1551 ad
549 1494 653 1550 Gallum
682 1504 708 1551 et
731 1494 903 1552 Volusianum
936 1504 964 1551 et
983 1494 1064 1551 «ultra
1085 1496 1140 1552 llo·

115 1581 218 1637 ruisse.
246 1584 325 1635 Anno
347 1579 438 1636 Severi
461 1580 565 1636 decimo
588 1580 720 1636 Leonides
736 1580 859 1653 Origenis
881 1589 959 1653 pater
981 1581 1138 1654 martyrium

111 1665 203 1728 obiit,
233 1681 294 1721 cum
317 1665 448 1737 Origenes
474 1668 508 1722 ll
539 1665 634 1720 aetatis
657 1664 753 1737 agebat
775 1682 891 1729 annum,
922 1674 953 1720 ut
974 1666 1074 1722 author
1096 1674 1138 1722 est

114 1748 253 1806 Eusebius
270 1752 298 1815 6,
316 1752 343 1807 2.
368 1749 429 1805 Fuit
451 1751 473 1809 is
488 1766 575 1805 aurius
592 1744 694 1804 Christi
705 1749 812 1805 circiter
828 1751 898 1807 202.
938 1749 1005 1805 llam
1021 1750 1138 1807 Severus

114 1852 191 1892 anno
219 1835 276 1890 lere
302 1837 359 1892 193
390 1834 532 1907 imperium
555 1851 668 1889 exorsus
691 1843 742 1889 cst.
787 1833 844 1890 lloo
867 1834 890 1890 si
912 1835 947 1891 ita
971 1845 1027 1900 est,
1057 1845 1137 1893 natus

115 1920 171 1976 erit
194 1920 325 1992 Origenes
347 1936 418 1975 anno
435 1919 534 1975 Christi
554 1921 621 1976 186.
654 1918 720 1973 Visit
742 1928 832 1974 autem
854 1920 931 1974 annis
948 1922 997 1984 69,
1022 1929 1052 1975 ut
1067 1920 1138 1976 idem

115 2005 135 2061 l.
156 2009 170 2062 'l
196 2009 245 2061 c.l
273 2013 397 2060 testatur.
429 2005 517 2073 Quare
540 2004 656 2060 moritur
677 2020 748 2059 anno
768 2006 838 2066 254,
862 2003 902 2059 vel
924 2005 1059 2077 sequenti,
1082 2022 1137 2078 quo

116 2089 211 2144 Gallus
234 2098 261 2144 et
285 2089 443 2145 l'olusianus
465 2089 620 2163 interempti
642 2097 716 2145 sunt.
753 2090 807 2145 lam
830 2087 903 2146 Decii
925 2089 1028 2162 primus
1050 2107 1137 2147 annus

115 2174 212 2230 incidit
234 2174 261 2230 in
278 2174 377 2231 Christi
394 2176 464 2238 251,
488 2192 542 2248 quo
558 2175 667 2248 quidem
683 2174 813 2247 Origenes
830 2176 869 2232 66
885 2191 984 2230 aunum
1001 2175 1136 2248 attigerat.

115 2258 177 2315 Non
201 2259 284 2332 igitur
305 2258 338 2315 ah
361 2260 406 2316 illo
429 2260 537 2315 demum
560 2268 682 2333 tempore
701 2253 913 2336 γνωρίζεσθαι,
935 2259 976 2316 vel
993 2250 1139 2333 ἀκμάζειν

115 2344 218 2418 coepit.
249 2344 378 2418 Equidem
401 2362 498 2401 vereor
520 2361 554 2400 ne
577 2345 619 2401 hic
643 2361 752 2418 qunque
776 2345 955 2401 hallucinatus
971 2345 1137 2420 Epiphanius

116 2429 229 2485 Decium
257 2447 308 2503 pro
337 2431 437 2486 Severo
466 2430 622 2503 sumpserit.
666 2429 732 2484 Nam
760 2429 787 2484 in
815 2427 884 2484 lihro
915 2429 947 2485 de
969 2428 1086 2486 l'onrler.
1110 2439 1138 2487 et

115 2531 205 2570 mens.
229 2524 372 2587 postquam
394 2516 514 2587 insigues
537 2514 640 2588 aliquot
662 2513 802 2586 llartyres,
826 2514 872 2585 qui
895 2513 944 2568 suh
963 2513 1043 2571 Decio
1065 2516 1137 2588 passi

116 2601 235 2663 lucrant,
258 2600 423 2672 percensuit,
440 2599 522 2654 veluti
538 2598 672 2672 Dabylam,
689 2597 844 2662 Fabianum,
861 2597 1050 2663 Alexandrum,
1069 2599 1138 2655 suh·

114 2684 188 2743 licit:
212 2679 262 2739 καὶ
285 2675 377 2750 αὐτὸς
399 2678 433 2740 δὲ
454 2676 606 2762 Ὠριγένης
627 2677 726 2739 πολλὰ
747 2676 913 2749 πεπονθώς
927 2677 969 2750 εἰς
983 2678 1069 2749 τέλος
1083 2684 1137 2740 τοῦ

113 2764 289 2845 μαρτυρίου
312 2760 368 2824 οὐκ
389 2761 537 2845 ἔφθασεν.
570 2768 637 2824 Tum
660 2769 791 2843 reliquam
814 2768 996 2825 narrationem
1018 2767 1139 2827 subtexit

113 2854 150 2911 de
173 2854 341 2927 proiectione
363 2854 390 2909 in
412 2854 599 2917 Palaestinam,
622 2854 712 2928 deque
728 2855 766 2910 28
790 2869 899 2910 secessu
923 2853 949 2908 in
972 2852 1041 2909 urhe
1056 2853 1136 2927 Tyro,

113 2955 188 3012 quae
210 2940 262 2995 hoc
284 2939 345 2997 loco
368 2939 479 2995 uberius
503 2939 653 3012 exequitur.
685 2939 766 3013 Atqui
788 2939 855 2995 haec
877 2939 922 2994 diu
946 2947 1008 2997 aute
1026 2937 1137 2995 Decium

113 3024 247 3081 accidisse
270 3041 382 3080 necesse
405 3033 456 3080 est.
489 3024 598 3081 llidetur
620 3040 686 3097 ergo
709 3023 875 3097 prosevere
897 3023 1062 3096 imprudenti
1085 3022 1138 3079 oh·

113 3110 236 3183 repsisse
259 3109 364 3166 Decius.

110 3240 114 3245 .
202 3185 282 3268 τάχα
304 3189 338 3251 ‹tt
359 3190 390 3250 ἓν
405 3184 566 3269 Ἀθήναις]
612 3193 640 3250 Si
662 3191 689 3248 id
711 3210 804 3251 verum
827 3200 884 3257 est,
913 3191 1046 3250 diuersam
1068 3192 1138 3251 hane

114 3278 150 3336 ab
180 3278 225 3337 illa
253 3280 450 3352 protectionem
479 3287 590 3353 oportet
617 3279 716 3344 luisse,
745 3279 823 3336 euius
852 3278 974 3336 meminit
1002 3278 1137 3337 Eusebius

114 3367 146 3430 ὃ,
160 3367 207 3428 ll,
235 3381 288 3437 qua
310 3363 360 3420 suh
384 3365 533 3422 Alexandro
556 3366 654 3439 lmper.
677 3362 731 3420 iam
752 3374 841 3422 aetate
864 3372 892 3420 et
913 3363 1066 3422 eruditione
1088 3365 1138 3422 lir-

113 3458 205 3507 matus
229 3449 359 3522 Origenes
388 3451 415 3506 iu
438 3450 576 3506 Graeciam
601 3468 616 3506 e
639 3449 792 3507 Palaestina
811 3449 940 3524 perrexit.
984 3450 1137 3520 Quinetiam

113 3543 209 3591 narrat
236 3533 307 3590 idem
335 3552 359 3590 c.
377 3537 416 3592 25
443 3536 558 3591 Athenis
588 3535 798 3592 commentarios
820 3535 848 3591 in
870 3534 1039 3592 Ezechielem
1063 3534 1137 3593 illum

111 3618 273 3677 absolvisse.

204 3703 307 3763 5141.
339 3699 389 3759 καὶ
417 3694 476 3780 γὰρ
505 3705 602 3784 καιρῷ
628 3705 713 3777 ποτε]
759 3704 872 3774 Quando
900 3704 952 3760 ista
974 3704 1138 3778 contigerint

112 3789 226 3847 nonnisi
246 3790 403 3847 coniectura
425 3790 556 3862 consequi
579 3807 734 3863 pessumus.
764 3789 840 3859 Ouae
862 3788 914 3845 nisi
929 3806 972 3845 rne
986 3789 1062 3853 fallit,
1085 3788 1136 3846 suh

111 3874 217 3932 Seuero
239 3875 308 3932 haec
329 3891 426 3948 passus
441 3883 484 3930 est
499 3875 630 3948 Origenes
645 3876 733 3932 adhue
747 3873 917 3937 adolescens.
949 3874 1012 3932 Vide
1026 3873 1138 3931 Eusehii

111 3977 137 4017 c.
157 3961 187 4019 8.
217 3962 306 4034 Atque
329 3960 427 4016 iccirco
450 3959 559 4032 quidem
580 3976 595 4016 a
618 3959 769 4017 Gentilibus
783 3960 909 4017 adrasum
925 3977 986 4017 esse
1001 3958 1136 4032 suspicor,

110 4045 191 4119 qued
205 4045 401 4119 Aegyptiorum
413 4044 530 4102 Deorum
545 4045 661 4102 ministri
675 4046 729 4102 rasi
745 4055 846 4110 esseut,
862 4054 894 4102 ut
905 4044 970 4119 Syn.
982 4044 1029 4101 lih.
1041 4043 1139 4101 deEu·

112 4146 188 4193 eom.
206 4129 317 4221 Gplritii,
335 4130 406 4188 Plut.
423 4131 511 4189 Tract.
528 4129 562 4188 de
576 4130 655 4197 lside,
671 4131 770 4206 aliique
785 4130 939 4206 complures
954 4128 1115 4205 significant.
