2586 4822
138 808 191 850 ’1111
395 805 474 853 uttth'.
494 803 608 853 PETbl'll
628 802 791 853 PRAEFATIO
812 803 876 853 l'Ol..
894 803 922 853 ll.

142 962 313 1033 inscriptum,
344 938 511 1015 desideraret
531 958 633 1020 lector,
670 966 727 1013 tum
756 966 787 1013 ut
810 974 843 1012 ne
865 957 1007 1030 paulatim,
1040 974 1142 1032 quamv

142 1047 257 1108 alienae,
280 1062 336 1101 non
357 1043 570 1100 contemnendae
596 1053 685 1100 tamon
713 1041 915 1098 lucubrationes
938 1042 1142 1101 obliterarentu

143 1148 191 1188 eas
224 1132 250 1186 in
284 1129 384 1185 calcem
411 1128 488 1183 l'omi
516 1129 596 1184 huius
624 1126 735 1182 secundi
769 1127 948 1183 coniiciendas
980 1128 1142 1187 decrevimu

141 1216 249 1285 Quibus
271 1215 379 1270 demum
401 1212 527 1268 omnibus
549 1212 670 1268 subiecta
693 1229 707 1266 a
730 1213 807 1267 nobis
826 1222 869 1268 eat
882 1212 1041 1285 Epiphanii
1055 1214 1142 1270 ou'tu*

143 1302 239 1357 Latine
261 1300 324 1355 olim
346 1316 361 1355 a
383 1298 472 1360 Surio.
504 1299 604 1353 Graece
626 1306 716 1354 autem
739 1314 812 1353 nunc
834 1297 938 1370 vulgata
963 1299 1100 1371 primum.
1135 1317 1142 1355 s

142 1386 236 1442 multis
259 1386 284 1440 in
307 1384 374 1440 locis
396 1383 545 1456 recognita.
582 1383 655 1450 tinae
678 1398 830 1455 quanquam
853 1382 880 1438 in
902 1382 1038 1456 plerisque
1055 1382 1142 1441 labult

143 1480 188 1528 cst
209 1487 289 1545 qnam
313 1469 441 1525 historiae
470 1468 594 1540 propior,
628 1475 658 1522 ut
679 1466 832 1523 iamdudum
855 1468 881 1522 in
904 1466 1054 1523 Annalibus
1079 1469 1142 1525 llam

144 1557 206 1612 nius
228 1554 382 1613 admonuit.
412 1553 463 1610 erit
485 1562 574 1608 tamen
597 1553 624 1607 in
647 1551 779 1607 lutulenta
801 1552 844 1607 illa
867 1553 1022 1608 narratione
1046 1553 1142 1610 lortasr

141 1641 219 1716 quod
242 1639 338 1695 tollere
360 1638 456 1711 possis.
490 1637 522 1693 Et
544 1636 644 1709 alioqui
667 1638 750 1692 multa
775 1638 905 1701 continet,
929 1655 998 1712 quae
1022 1655 1142 1695 cumiret

143 1734 308 1798 receptaque
331 1723 364 1778 ab
386 1721 511 1778 omnibus
534 1722 647 1777 historia
669 1731 849 1777 consentanea
872 1731 952 1777 sunt:
988 1722 1037 1777 sed
1068 1724 1142 1781 eada

142 1810 256 1866 admista
287 1808 368 1863 lalsis.
421 1808 448 1863 ln
472 1805 571 1881 quibus
593 1806 787 1870 discernendis,
817 1807 839 1861 si
869 1806 934 1861 nihil
957 1806 1039 1870 alind.
1076 1818 1142 1865 tuua

143 1896 243 1951 Lector
265 1893 465 1954 humanissime,
489 1890 625 1955 iudicium,
649 1908 680 1946 ac
695 1885 811 1966 κριτική
831 1893 885 1966 τῆς
907 1884 1045 1967 ἱστορίας
1068 1887 1142 1949 ddra

142 1998 196 2053 μις
217 1979 335 2034 exerceri
357 1978 452 2051 possit.
503 1977 580 2040 Vale,
616 1984 642 2031 et
671 1976 735 2031 huic
764 1976 848 2032 labori
878 1986 972 2033 nostro
1001 1976 1142 2034 commoda

144 2074 227 2136 atquc
250 2079 353 2137 aequus
375 2061 482 2117 accede.

147 2176 452 2191 *m

230 2226 255 2283 *t
273 2228 339 2275 Hanc
357 2226 431 2275 Vitam
455 2226 479 2273 in
504 2225 616 2274 editionis
641 2235 737 2275 nostrae
761 2226 870 2275 volumen
895 2228 997 2289 primum
1016 2230 1142 2291 receptus

143 2310 199 2344 cum
218 2294 396 2358 Supplemcntis
415 2308 442 2341 ex
462 2293 514 2341 cod.
533 2292 678 2357 Florentino,
697 2295 726 2343 de
745 2310 793 2358 quo
813 2295 914 2344 dicimus
933 2297 955 2345 in
970 2297 1072 2346 Praelat.
1090 2296 1135 2349 rol.

143 2363 262 2428 p.x.txt.,
282 2371 304 2413 et
323 2362 439 2426 Epitomc.
457 2376 528 2424 quarn
548 2375 575 2410 es
594 2361 677 2411 codice
696 2363 802 2411 Parisino
825 2364 925 2425 primum
945 2364 1065 2412 edidimus
1084 2364 1142 2414 roll

47 2452 57 2467 ·
143 2447 167 2496 p.
178 2430 326 2481 v-xttvttt.
362 2431 403 2479 llis
422 2430 572 2491 nuperrimae
591 2444 663 2478 novae
682 2440 837 2479 accesserunt
855 2431 968 2480 librorum
987 2434 1142 2497 manuscripti

143 2515 197 2550 rum
225 2501 322 2562 copiae,
349 2513 408 2561 quas
440 2512 486 2546 uns
510 2512 564 2545 enm
589 2500 767 2561 Supplementis
793 2501 972 2548 annotationum
999 2510 1021 2549 et
1044 2502 1142 2551 variatur

143 2568 273 2618 lectionum
291 2568 320 2617 ad
332 2567 455 2617 Panarium
474 2565 514 2624 (de
533 2581 580 2629 qun
599 2567 707 2615 dicebam
727 2568 750 2616 in
762 2568 861 2616 Praelat.
878 2568 913 2616 rol
936 2569 974 2619 lll.
995 2569 1018 2617 P.
1030 2569 1058 2617 ll.
1079 2584 1103 2633 p.
1113 2569 1143 2621 lll

142 2647 168 2686 et
186 2640 330 2686 Ancoratum
349 2636 372 2684 in
391 2635 529 2698 appendice
555 2635 672 2683 dabimus.
717 2635 806 2683 ibidem
826 2636 909 2685 Pelusii
928 2636 1049 2685 Excursus
1068 2638 1100 2687 ad
1116 2642 1142 2687 bt

142 2706 279 2754 notationes
298 2704 321 2753 in
341 2704 473 2762 Panarium,
492 2701 561 2751 iader
573 2701 713 2751 Graecitatis
724 2702 858 2765 Epiphanii,
877 2712 899 2751 ct
913 2704 1008 2752 loannis
1020 2706 1142 2756 llanrascet

143 2774 205 2822 liber
223 2773 252 2821 de
271 2773 410 2821 haeresibus
429 2770 587 2833 reperientur.
628 2771 686 2820 Nam
711 2769 807 2819 loannis
826 2773 966 2820 llnnrasceni
991 2772 1067 2835 libcr,
1095 2772 1142 2823 cuit

143 2856 199 2903 pars
218 2842 317 2889 maxima
336 2854 363 2888 ea
381 2839 507 2902 Epiphanii
526 2839 624 2887 Pansrio
650 2841 791 2903 transcripta
815 2848 858 2899 est,
883 2842 912 2888 ab
932 2841 1053 2889 cotelerio
1078 2842 1142 2891 etla

142 2910 233 2971 quicnu
252 2924 279 2956 or
297 2908 456 2957 vitiosissimis
475 2907 553 2955 editus
572 2916 607 2955 cst
626 2907 764 2956 codicibus:
786 2922 829 2955 nos
845 2910 1018 2971 antiquissimis
1031 2917 1056 2960 et
1067 2909 1142 2973 optim

144 2979 241 3036 utimur,
261 2991 288 3023 er
306 2975 393 3038 quibus
412 2974 550 3035 intelligitur·
560 2974 672 3023 loannem
691 2991 739 3023 nun
757 2977 884 3038 corruptis,
904 2986 929 3025 ut
941 2977 1142 3028 adbucsidebatu

143 3043 187 3092 sed
212 3042 369 3104 integerrimis
395 3057 462 3091 nsnrn
488 3057 541 3090 csse
561 3043 684 3105 Epiphanii
709 3044 790 3105 operis
814 3043 946 3093 codicibus.
996 3045 1046 3094 h'ee
1065 3047 1142 3097 Nicett

144 3110 276 3160 Chonintnc.
294 3111 396 3172 amplum
418 3106 571 3162 harundine
588 3107 755 3174 δογματικῆς
779 3126 847 3175 opus,
873 3113 942 3161 cuius
961 3113 1095 3175 particulas
1113 3122 1142 3165 tat

145 3186 195 3228 tum
214 3178 331 3241 quaedam
349 3179 426 3226 adbuc
446 3178 524 3227 editae
542 3188 605 3235 sunt,
631 3179 768 3240 negligetur.
810 3180 868 3228 Nam
887 3182 989 3243 plurima
1012 3182 1036 3231 id
1056 3183 1140 3233 coatia

143 3262 173 3296 cx
192 3247 325 3309 Epiphanio
345 3254 462 3308 excerpta.
500 3247 526 3296 G.
545 3247 625 3296 blau.
