2586 4822
687 616 697 657 Ι

404 904 412 931 ,
452 852 743 905 rnrsnnrsnsronrs.
1068 840 1109 907 ³³

93 1007 245 1083 protanam,
269 1007 433 1064 deteriorem
453 1007 552 1065 adiecit
573 1008 701 1076 alteram,
724 1010 870 1067 Samarites
891 1009 927 1067 ob
949 1010 976 1067 id
991 1011 1112 1086 appella·

93 1102 135 1153 us
157 1110 229 1155 esse,
252 1092 325 1165 quod
349 1092 448 1166 legem
470 1094 649 1151 custodirent.

177 1179 217 1235 25
233 1195 258 1233 a.
289 1172 321 1239 ἐν
343 1180 386 1258 rqi
409 1168 472 1252 ὄρει
495 1179 539 1257 τῷ
560 1172 646 1253 παρὰ
668 1181 733 1246 τοῖς
753 1176 785 1234 Γ
783 1173 909 1255 αρίζειν]
937 1179 974 1235 lle
996 1179 1111 1237 duorum

93 1265 224 1321 montium
250 1263 374 1325 istorum,
399 1264 503 1319 Garizin
528 1272 555 1319 et
570 1263 663 1328 llehal,
687 1265 742 1321 sire
758 1264 850 1329 Gchal,
874 1265 937 1329 situ,
961 1264 1032 1321 idem
1047 1284 1113 1322 scn-

93 1348 123 1405 tit
143 1347 311 1421 Epiphanius
333 1347 406 1420 qnod
429 1347 572 1411 Eusebius,
607 1350 630 1404 si
653 1349 675 1403 is
698 1349 798 1405 author
820 1358 862 1405 est
884 1348 957 1407 Libri
979 1350 1012 1407 de
1035 1350 1112 1407 Locis

93 1431 173 1489 llelrr.
204 1449 285 1505 quern
307 1433 401 1488 Latine
428 1434 508 1488 vertit
530 1433 640 1489 llieron.
686 1433 723 1489 lbi
753 1435 824 1490 eninr
853 1434 885 1489 ad
909 1434 1112 1492 Hierichuntem

93 1518 218 1582 rottocar,
241 1527 269 1573 et
284 1517 466 1573 Samaritanus
489 1519 619 1574 rnerrdacii
643 1519 746 1591 arguit,
770 1519 816 1594 qui
839 1519 950 1575 cosdem
966 1537 1052 1594 prope
1068 1520 1113 1577 Si-

93 1602 181 1666 ubam,
206 1602 260 1660 sive
283 1584 663 1659 Samariam'constitnehant.
699 1605 733 1659 At
755 1604 889 1678 Iosephus
913 1608 941 1669 t,
960 1607 987 1663 8.
1018 1606 1114 1662 Sama·

93 1688 243 1745 ritrnormn
266 1688 385 1760 opinioni
408 1688 586 1761 suffragatur:
610 1704 738 1744 necnon
761 1697 789 1744 et
815 1692 861 1754 ll,
880 1691 897 1748 8
921 1689 967 1745 ubi
982 1690 1016 1746 de
1032 1690 1114 1747 'lern-

93 1772 153 1847 plo,
185 1772 259 1844 quod
280 1772 421 1828 Alexandri
445 1772 531 1846 llagni
560 1781 683 1846 ternpore
710 1792 724 1827 a
748 1773 922 1830 samaritanis
951 1775 977 1830 in
1007 1775 1113 1833 Garirin

93 1866 246 1915 extructum
269 1867 325 1921 est,
350 1858 490 1913 historiam
513 1858 641 1932 explicat:
666 1875 746 1931 quarn
770 1868 800 1915 tu
822 1859 945 1915 consule.
976 1859 1030 1914 Sed
1052 1878 1114 1916 nm·

93 1943 166 2001 nium
190 1942 391 1998 accuratissime
414 1942 447 1997 de
463 1943 578 1999 Gerizim
602 1952 629 2000 et
644 1942 753 1999 Hehalis
776 1945 830 2000 situ
853 1944 962 1999 disserit
983 1945 1115 2001 eruditis-

93 2029 178 2085 simus
201 2026 300 2083 llasins
322 2028 354 2082 ad
377 2046 401 2083 r.
420 2029 447 2086 8.
477 2029 571 2092 lasne,
596 2038 622 2084 ct
645 2028 773 2085 adversus
787 2028 962 2085 llercatorcm
979 2028 1113 2089 Samariae

93 2116 264 2188 propinquos
286 2112 352 2167 istos
376 2130 436 2168 essc
459 2113 541 2168 colles
564 2113 687 2186 pluribus
708 2116 875 2187 argumentis
897 2113 1022 2169 affirmat.

180 2199 219 2255 26
236 2197 263 2253 d.
294 2188 354 2253 ἀπὸ
375 2191 436 2272 γὰρ
459 2188 569 2253 τούτου
592 2198 647 2254 τοῦ
670 2188 810 2275 ἄρθρου]
842 2201 945 2272 Arguta
974 2200 1041 2255 hacc
1064 2198 1116 2257 oh-

93 2283 211 2339 servatio
234 2282 328 2338 Graeci
350 2282 465 2346 articuli,
490 2283 536 2354 qui
558 2282 591 2338 ad
607 2284 716 2357 νεκροῦ
731 2283 891 2339 vocabulum
906 2285 1048 2358 appositus
1063 2294 1115 2350 est,

93 2368 143 2425 rim
173 2366 257 2422 halret
285 2367 394 2423 omnino
418 2367 535 2431 nullam,
564 2375 594 2422 nt
616 2384 706 2440 neque
727 2367 786 2424 loca
808 2378 929 2434 caetera,
960 2386 1030 2444 quae
1052 2370 1117 2426 illn-

93 2453 196 2511 rtnndi
220 2453 306 2525 gratia
327 2453 459 2525 congerit.
1221 2438 1228 2452 ⁸

180 2539 220 2595 28
236 2554 260 2592 c.
291 2528 460 2614 παραδόσει
483 2537 521 2614 τῇ
543 2530 752 2613 προαχθείσῃ]
775 2536 842 2610 lieg.
865 2534 1090 2617 προσαχθείσῃ.

351 2755 394 2811 nn
418 2755 584 2811 ttnnnnstn'
606 2756 628 2812 X
650 2756 861 2813 ussunnnt'u.

181 2875 250 2943 Quid
272 2875 300 2931 in
323 2882 440 2930 mentem
464 2874 613 2949 Epiphanio
636 2875 753 2939 venerit,
777 2884 809 2931 ut
829 2874 949 2931 Essenos
970 2869 1118 2933 SamaritE·

93 2960 136 3019 atr
159 2970 327 3024 accenseret,
351 2961 469 3015 divinare
491 2977 547 3015 uon
569 2976 690 3033 possum.
722 2959 787 3014 Nam
803 2960 876 3033 quod
892 2976 1037 3017 occurrere
1052 2969 1117 3035 pot·

97 3054 147 3109 ert,
170 3062 258 3117 genus
280 3045 415 3117 ‹qaroddam
431 3044 596 3101 Essenorum
620 3045 703 3101 inisse
725 3061 739 3100 a
761 3045 834 3100 notis
857 3044 909 3101 illis
932 3046 1117 3102 etsanctiori·

98 3124 147 3187 hrs
169 3129 314 3193 diversum,
339 3130 482 3202 probarem
505 3130 639 3203 equidem,
664 3129 687 3185 si
708 3129 780 3203 apud
802 3129 953 3194 Philonem,
976 3139 1023 3186 aut
1041 3131 1119 3187 lose-

98 3216 191 3289 plrum,
215 3214 316 3287 quide
339 3215 504 3271 Essenorum
526 3214 683 3287 generibus,
715 3214 848 3270 institutis
874 3231 905 3271 ac
927 3214 1049 3271 moribus
1071 3230 1118 3272 ao-

96 3299 267 3357 tarratissime
289 3300 467 3372 scripserunt,
501 3300 641 3373 vestigium
665 3299 775 3372 aliquod
797 3316 928 3355 novorum
949 3299 1064 3357 istorum
1087 3316 1118 3356 ac

97 3385 279 3459 posteriorum
310 3386 446 3442 existeret.
490 3384 567 3441 Nunc
589 3402 650 3440 curn
674 3400 762 3457 neque
785 3385 847 3450 isti,
877 3401 928 3440 nec
949 3383 1017 3441 alius
1040 3385 1119 3460 quis·

95 3486 178 3545 quam
201 3469 242 3525 vel
270 3470 404 3526 levissime
436 3470 594 3543 significarit
620 3470 739 3525 Essenos
761 3486 823 3525 cunr
845 3469 1019 3526 samaritanis
1041 3487 1119 3527 com-

94 3572 180 3611 mune
208 3555 344 3628 quippiam
374 3554 516 3619 hahuisse,
549 3571 665 3627 cumque
697 3555 770 3610 inter
797 3555 957 3611 ludaeorum
986 3564 1075 3611 sectas
1103 3571 1119 3611 a

94 3640 215 3713 losepho
238 3650 433 3696 recenseantur
453 3639 563 3703 Esseni,
587 3647 699 3713 apparet
716 3639 833 3713 primum
848 3655 937 3712 neque
952 3638 1118 3696 Essenorum

93 3724 181 3783 utum
202 3723 275 3781 inter
296 3724 478 3781 Samaritanus
501 3725 583 3780 luisse
606 3733 722 3789 sectam,
745 3741 835 3798 neque
850 3723 1029 3798 Epiphanium
1046 3724 1118 3781 aliud

93 3808 265 3867 Essenorum
298 3826 401 3882 genus,
440 3826 501 3866 curu
533 3808 706 3865 Samaritanis
739 3808 920 3874 adscriberet,
954 3809 1161 3874 intellexissem

93 3910 181 3971 qnam
215 3893 423 3950 celeberrimum
451 3910 483 3950 ac
510 3893 722 3950 laudatissimum
745 3893 826 3959 illud,
855 3910 973 3968 quorum
995 3894 1119 3951 instituta

93 3978 176 4039 Philo
199 3995 231 4034 ac
252 3979 386 4052 Iosephus
403 3979 540 4035 uberrime
555 3979 782 4053 perscripserunt.
814 3979 981 4052 Quamquam
1000 3980 1119 4037 Ossenos

93 4074 194 4140 postea
216 4063 289 4120 inter
310 4064 430 4121 Iudaicas
452 4073 541 4121 sectas
563 4072 765 4129 commemorat,
789 4063 835 4136 qui
858 4063 938 4119 iidem
960 4081 1022 4121 cum
1037 4065 1121 4121 Esse-

93 4148 140 4207 nir
167 4148 304 4205 videntur.

148 4242 298 4297 Epiphanius.
317 4242 342 4286 t.
950 4246 966 4298 3
