2586 4822
168 708 228 771 160
623 729 736 781 rernm

163 881 188 939 si
209 881 297 939 minor
318 881 361 939 bic.
384 881 479 956 tycius
503 893 649 957 usurpatus
671 883 761 951 luerit.
785 883 869 942 borae
891 884 954 941 illae
979 887 998 943 4
1022 884 1177 958 appendices

163 966 190 1022 in
213 966 293 1022 finem
309 966 381 1040 Cyeli
403 969 519 1024 reiectae
541 978 615 1025 sunt.
646 969 738 1044 ltaque
760 987 822 1026 eum
844 978 908 1044 post
923 968 1039 1043 Cyelum
1054 970 1179 1027 lunarem

166 1055 204 1111 14
226 1070 369 1119 annorum,
393 1052 426 1109 de
449 1054 519 1111 Solis
543 1053 691 1111 rationibus
714 1055 834 1129 quinque
856 1055 925 1119 dies,
951 1054 1040 1113 horae
1063 1064 1124 1113 oete
1140 1072 1180 1110 re-

163 1137 252 1211 liquae
281 1137 385 1202 forent,
415 1139 537 1214 quinque
566 1139 622 1195 dies
645 1139 773 1196 duntaxat
794 1156 941 1212 superesse
966 1139 1022 1197 sibi
1043 1157 1180 1214 persuase-

164 1232 241 1290 rant,
272 1223 369 1297 qttibus
398 1226 557 1290 reservatis,
587 1234 650 1298 post
673 1224 767 1298 Cyelos
789 1225 910 1281 minores
932 1234 1046 1282 sextum
1068 1242 1180 1283 mensem

163 1308 280 1363 solidum
303 1308 506 1366 intercalabant.
536 1310 574 1366 lta
597 1310 653 1365 dies
676 1309 776 1366 flebant
800 1310 914 1368 30679.
958 1310 1085 1379 Quorum
1105 1306 1179 1367 olen·

164 1388 272 1466 νομίαν
294 1393 387 1466 Typus¹
407 1394 451 1450 ille
473 1404 552 1453 auten
575 1395 731 1469 propositus
754 1393 881 1451 ostendit.

249 1478 340 1534 Altera
361 1479 445 1543 ratio,
469 1481 493 1536 si
514 1481 634 1553 quinque
656 1479 712 1537 dies
735 1478 813 1537 solidi
835 1496 867 1537 en
890 1479 969 1536 horis
993 1489 1059 1538 neto
1080 1479 1178 1537 medati

168 1564 204 1619 14
228 1564 304 1618 annis
327 1574 504 1637 arrogentur:
529 1583 597 1638 quae
620 1565 708 1620 omnia
729 1565 873 1639 diligenter
888 1563 977 1621 habes
994 1565 1177 1639 explicatasu·

164 1647 265 1721 peries.
296 1647 346 1705 Ubi
368 1657 395 1706 et
418 1667 450 1706 en
472 1659 586 1723 utraque
609 1650 736 1707 methodo
751 1649 893 1723 Epiphanii
909 1649 996 1707 rerba
1012 1650 1173 1707 correximus.

112 1733 158 1786 202
251 1737 310 1790 449
328 1751 351 1790 a.
383 1738 437 1791 τοῦ
459 1727 665 1810 ὀγδοηκοστοῦ
686 1725 832 1810 τετάρτου
848 1726 950 1809 ἔτους]
976 1735 1092 1792 Mensem
1105 1734 1174 1789 illurn

165 1818 340 1875 embolirnum
364 1823 399 1877 31
432 1838 493 1876 eum
523 1821 550 1876 in
579 1820 632 1876 line
656 1822 695 1879 84
723 1820 786 1875 anni
808 1819 964 1876 intercalari
988 1819 1121 1883 debuerit,
1149 1819 1174 1872 in

164 1905 304 1978 sequentis
321 1905 393 1977 Cyeli
415 1906 532 1978 primum
555 1922 655 1961 anuum
671 1904 775 1967 coniici,
799 1905 884 1964 docet.
894 1904 1076 1978 Epiphanius.
1103 1901 1173 1977 niqui
1202 1916 1210 1971 ,¹

164 1989 430 2046 ressaracaedoeaet.
453 2000 608 2063 postremus
630 2007 716 2046 annus
738 1989 849 2063 proprio
872 1989 926 2045 iam
941 1989 1090 2047 embolimo
1104 2004 1172 2063 prae·

164 2073 237 2130 ditus
259 2081 310 2129 est.
341 2073 398 2129 lluo
422 2075 504 2147 igitur
519 2075 687 2132 embolimaei
701 2091 762 2131 sese
777 2075 898 2149 proxime
914 2086 1079 2148 sequentur.
1108 2070 1171 2143 nunt

163 2158 228 2214 olim
257 2157 355 2213 laetum
390 2175 451 2214 esse
479 2158 664 2217 Hebraeorum
693 2159 824 2217 Doctores
853 2170 994 2217 asserunt.
1041 2160 1096 2217 lmo
1118 2173 1168 2213 iero

164 2259 272 2299 menses
300 2243 352 2314 ipsi
382 2242 518 2299 embolimi
543 2244 596 2302 duo
619 2244 699 2301 simul
720 2242 945 2309 inouleabuutur,
977 2254 1112 2318 eruntque
1129 2242 1167 2299 tm

164 2327 281 2383 hdarim.
312 2327 366 2384 Sed
389 2329 485 2384 tertius
508 2331 570 2385 anni
594 2332 632 2388 85
657 2329 762 2386 initium
778 2329 838 2391 erit,
862 2346 896 2384 ne
912 2329 935 2385 si
952 2329 1037 2387 h'isan
1053 2326 1166 2404 proddu

164 2411 355 2479 substituatur,
378 2413 487 2487 Epoeha
508 2414 611 2479 relicta,
637 2415 783 2471 Neomenin
804 2413 831 2469 in
853 2414 994 2471 anteriora
1016 2415 1100 2477 lanius
1118 2426 1164 2468 ent-
1211 2484 1213 2493 Ι

163 2506 253 2570 getur.
290 2498 328 2554 lle
351 2497 458 2557 duobus
481 2499 663 2556 embolimaeis
687 2500 807 2573 proxime
830 2500 1068 2572 consequentibus
1088 2499 1164 2555 latetur
1211 2534 1213 2539 -

164 2582 311 2657 lleplerus;
336 2584 482 2657 posterius.
505 2584 538 2639 de
555 2584 641 2640 tribus
657 2584 764 2641 hdarim
779 2582 860 2640 obiici
875 2593 978 2657 potest.
1011 2584 1066 2641 Sed
1080 2591 1163 2639 utrun-
1208 2614 1213 2635 .

163 2686 218 2741 que
247 2687 279 2724 ex
300 2668 442 2725 Latereulo
471 2676 499 2724 et
526 2670 661 2742 superiori
683 2669 865 2743 disputatione
888 2669 1106 2727 commodissime
1122 2664 1165 2721 dis-

163 2754 287 2811 solvitur.
331 2754 397 2809 ll'am
419 2753 491 2809 alind
513 2763 555 2810 est
577 2753 889 2811 Tessaresdeeadteridas
911 2755 1033 2811 seorsim
1055 2772 1085 2811 ae
1101 2764 1165 2823 sept-

165 2847 237 2894 ratas
260 2839 368 2900 intueri,
392 2837 463 2892 aliud
486 2838 512 2893 iu
536 2841 636 2896 maiore
653 2839 733 2914 Cyclo
755 2848 831 2913 aptas
853 2838 969 2896 inuicem
992 2844 1163 2897 esconium·

164 2923 281 2979 llinores
305 2922 377 2995 Cpoli
406 2922 505 2994 singuli
532 2942 581 2996 per
609 2941 670 2980 sese
695 2927 712 2982 5
734 2941 842 2983 menses
867 2922 1033 2982 embolimos
1056 2926 1082 2981 in
1102 2924 1125 2983 3.
1143 2918 1164 2979 6,

166 3009 194 3071 8,
224 3011 269 3073 tl.
296 3010 333 3065 14
356 3008 432 3063 anuis
456 3009 602 3081 postulant,
627 3009 724 3065 sedin
747 3009 874 3067 continua
895 3009 969 3067 serie
992 3019 1022 3067 et
1045 3006 1166 3067 iumine

165 3091 245 3163 Cyclo
275 3108 331 3147 non
359 3110 467 3164 semper
499 3097 533 3151 14
563 3092 756 3151 embolimaeus
786 3104 838 3151 est.
882 3093 960 3150 Unde
992 3111 1086 3169 neque
1114 3092 1167 3149 duos

162 3175 271 3231 Adarim
294 3176 385 3251 exigit.
414 3177 572 3235 Postremus
596 3196 658 3233 vero
682 3179 768 3236 ultimi
790 3178 860 3253 Cyeli
883 3196 982 3244 annus,
1007 3181 1057 3254 qui
1079 3176 1168 3236 estdl.

163 3259 235 3315 Adar
256 3261 365 3334 quidem
387 3260 502 3318 alterum
524 3261 576 3317 sibi
598 3262 734 3328 vendicat,
764 3282 797 3321 eo
820 3264 894 3339 quod
915 3265 1021 3321 mensis
1045 3266 1071 3322 ei
1092 3266 1125 3324 31
1144 3274 1168 3314 ει

164 3342 272 3417 Epaetis
295 3345 437 3418 Cyelnrnm
459 3348 603 3409 accrescit,
627 3348 796 3424 proindeque
820 3350 837 3407 6
860 3348 1065 3407 Embolimaeos
1087 3346 1167 3405 natue

165 3428 261 3494 debet,
286 3439 317 3487 nt
338 3449 400 3489 eum
422 3430 510 3488 Solari
531 3448 602 3486 anun
626 3443 765 3509 uteunque
787 3434 899 3490 Lunaris
923 3435 1103 3510 adaequetur.
1129 3428 1167 3485 le·

164 3532 226 3573 rum
253 3516 353 3572 author
381 3525 423 3573 est
444 3515 612 3590 Epiphanius
641 3518 668 3573 in
692 3521 731 3577 85
753 3536 853 3575 annum
874 3536 999 3576 mensem
1029 3519 1104 3577 illum
1122 3527 1167 3573 esse

165 3600 286 3664 dilatum,
309 3602 355 3676 qui
377 3618 439 3658 eum
462 3617 554 3657 revera
576 3602 710 3669 subdar,
739 3603 820 3661 Nisae
841 3622 857 3661 a
878 3602 1002 3667 ludaeis,
1026 3614 1060 3661 ut
1080 3604 1167 3679 opher.

165 3695 209 3745 est
230 3684 327 3741 iaetus.
356 3685 420 3743 lude
443 3686 555 3750 aceedit,
579 3696 610 3744 ut
631 3688 769 3762 Epoeham
790 3690 853 3746 anni
876 3690 919 3746 sui
939 3690 1132 3749 anteverterinl
1147 3688 1168 3737 tl

164 3770 193 3827 in
215 3770 311 3829 eedem
333 3787 404 3827 anno
427 3770 468 3827 bis
483 3771 587 3828 Pascha
609 3773 811 3831 celebraverint.
845 3773 923 3843 Quod
945 3773 1086 3832 uberrime
1106 3778 1168 3831 ane

50 3874 63 3899 r
164 3855 329 3913 declaratum
353 3866 403 3914 est.

50 3940 57 3955 '
250 3943 310 4001 449
328 3941 354 3998 b.
386 3937 492 4009 οἵτινες
513 3931 644 4019 ὤφειλον
666 3931 755 4018 εἶναι]
786 3943 913 4001 blendum
934 3945 979 4002 hie
1003 3962 1065 4002 esse
1082 3951 1109 4000 et
1120 3936 1170 4015 nti·

165 4026 227 4085 dem
241 4026 341 4102 duplex
355 4028 496 4103 superiora
510 4028 575 4085 satis
591 4029 748 4084 ostendunt.
779 4030 900 4087 Primum
914 4023 1082 4107 τριάκοντα
1093 4028 1170 4102 pem
