<?xml version="1.0" encoding="UTF-8"?>
<!DOCTYPE html PUBLIC "-//W3C//DTD XHTML 1.0 Transitional//EN"
    "http://www.w3.org/TR/xhtml1/DTD/xhtml1-transitional.dtd">
<html xmlns="http://www.w3.org/1999/xhtml" xml:lang="en" lang="en">
 <head>
  <title>
</title>
<meta http-equiv="Content-Type" content="text/html;charset=utf-8" />
  <meta name='ocr-system' content='tesseract 3.04.00' />
  <meta name='ocr-capabilities' content='ocr_page ocr_carea ocr_par ocr_line ocrx_word'/>
</head>
<body>
  <div class='ocr_page' id='page_1' title='image "./opera02dindgoog_0190.png"; bbox 0 0 2586 4822; ppageno 0'>
   <div class='ocr_carea' id='block_1_1' title="bbox 504 832 1107 897">
    <p class='ocr_par' dir='ltr' id='par_1_1' title="bbox 504 832 1107 897">
     <span class='ocr_line' id='line_1_1' title="bbox 504 832 1107 897; baseline -0.005 -1"><span class='ocrx_word' id='word_1_1' title='bbox 504 846 678 897; x_wconf 80' lang='grc'>1111111110.</span> <span class='ocrx_word' id='word_1_2' title='bbox 1052 832 1107 894; x_wconf 87' lang='grc'>161</span> 
     </span>
    </p>
   </div>
   <div class='ocr_carea' id='block_1_2' title="bbox 63 1001 1087 2351">
    <p class='ocr_par' dir='ltr' id='par_1_2' title="bbox 63 1001 1087 2264">
     <span class='ocr_line' id='line_1_2' title="bbox 63 1001 1083 1075; baseline 0.004 -20"><span class='ocrx_word' id='word_1_3' title='bbox 63 1002 191 1059; x_wconf 71' lang='lat' dir='ltr'>versione</span> <span class='ocrx_word' id='word_1_4' title='bbox 212 1002 394 1075; x_wconf 75' lang='lat' dir='ltr'>praeteriisse,</span> <span class='ocrx_word' id='word_1_5' title='bbox 418 1002 486 1058; x_wconf 89' lang='lat' dir='ltr'>hanc</span> <span class='ocrx_word' id='word_1_6' title='bbox 509 1003 693 1058; x_wconf 87' lang='lat' dir='ltr'>coniecturam</span> <span class='ocrx_word' id='word_1_7' title='bbox 708 1002 822 1058; x_wconf 89' lang='lat' dir='ltr'>multum</span> <span class='ocrx_word' id='word_1_8' title='bbox 838 1001 945 1058; x_wconf 92' lang='lat' dir='ltr'>roboris</span> <span class='ocrx_word' id='word_1_9' title='bbox 961 1004 1083 1059; x_wconf 85' lang='lat' dir='ltr'>annuere</span> 
     </span>
     <span class='ocr_line' id='line_1_3' title="bbox 64 1086 1084 1161; baseline 0.002 -18"><span class='ocrx_word' id='word_1_10' title='bbox 64 1104 158 1161; x_wconf 87' lang='lat' dir='ltr'>posse,</span> <span class='ocrx_word' id='word_1_11' title='bbox 181 1087 234 1142; x_wconf 88' lang='lat' dir='ltr'>uisi</span> <span class='ocrx_word' id='word_1_12' title='bbox 256 1095 364 1143; x_wconf 85' lang='lat' dir='ltr'>constet</span> <span class='ocrx_word' id='word_1_13' title='bbox 379 1086 571 1160; x_wconf 71' lang='lat' dir='ltr'>Hieronymum</span> <span class='ocrx_word' id='word_1_14' title='bbox 595 1097 623 1143; x_wconf 94' lang='lat' dir='ltr'>et</span> <span class='ocrx_word' id='word_1_15' title='bbox 637 1088 816 1160; x_wconf 85' lang='lat' dir='ltr'>Epiphaniam</span> <span class='ocrx_word' id='word_1_16' title='bbox 831 1088 990 1143; x_wconf 82' lang='lat' dir='ltr'>convenisse</span> <span class='ocrx_word' id='word_1_17' title='bbox 1006 1097 1084 1161; x_wconf 90' lang='lat' dir='ltr'>post·</span> 
     </span>
     <span class='ocr_line' id='line_1_4' title="bbox 64 1171 1084 1246; baseline 0.001 -18"><span class='ocrx_word' id='word_1_18' title='bbox 64 1188 179 1246; x_wconf 84' lang='lat' dir='ltr'>eaquam</span> <span class='ocrx_word' id='word_1_19' title='bbox 201 1171 247 1227; x_wconf 89' lang='lat' dir='ltr'>ille</span> <span class='ocrx_word' id='word_1_20' title='bbox 268 1171 366 1228; x_wconf 88' lang='lat' dir='ltr'>librum</span> <span class='ocrx_word' id='word_1_21' title='bbox 390 1171 431 1226; x_wconf 78' lang='lat' dir='ltr'>ue</span> <span class='ocrx_word' id='word_1_22' title='bbox 453 1173 637 1245; x_wconf 69' lang='lat' dir='ltr'>scriptoribus</span> <span class='ocrx_word' id='word_1_23' title='bbox 660 1173 857 1228; x_wconf 81' lang='lat' dir='ltr'>ecciesiasticis</span> <span class='ocrx_word' id='word_1_24' title='bbox 879 1173 1033 1246; x_wconf 78' lang='lat' dir='ltr'>scripserit,</span> <span class='ocrx_word' id='word_1_25' title='bbox 1057 1182 1084 1229; x_wconf 92' lang='lat' dir='ltr'>et</span> 
     </span>
     <span class='ocr_line' id='line_1_5' title="bbox 64 1255 1083 1332; baseline -0.001 -18"><span class='ocrx_word' id='word_1_26' title='bbox 64 1267 227 1330; x_wconf 76' lang='lat' dir='ltr'>anteaquam</span> <span class='ocrx_word' id='word_1_27' title='bbox 255 1273 317 1313; x_wconf 85' lang='lat' dir='ltr'>aum</span> <span class='ocrx_word' id='word_1_28' title='bbox 340 1256 487 1322; x_wconf 84' lang='lat' dir='ltr'>scriberet,</span> <span class='ocrx_word' id='word_1_29' title='bbox 516 1258 643 1332; x_wconf 83' lang='lat' dir='ltr'>quoniam</span> <span class='ocrx_word' id='word_1_30' title='bbox 666 1258 766 1313; x_wconf 89' lang='lat' dir='ltr'>scimus</span> <span class='ocrx_word' id='word_1_31' title='bbox 788 1255 886 1312; x_wconf 90' lang='lat' dir='ltr'>librum</span> <span class='ocrx_word' id='word_1_32' title='bbox 908 1256 950 1311; x_wconf 86' lang='lat' dir='ltr'>De</span> <span class='ocrx_word' id='word_1_33' title='bbox 971 1259 1083 1328; x_wconf 78' lang='lat' dir='ltr'>perimis</span> 
     </span>
     <span class='ocr_line' id='line_1_6' title="bbox 64 1341 1085 1416; baseline 0 -18"><span class='ocrx_word' id='word_1_34' title='bbox 64 1345 140 1399; x_wconf 73' lang='lat' dir='ltr'>«tono</span> <span class='ocrx_word' id='word_1_35' title='bbox 169 1342 307 1415; x_wconf 84' lang='lat' dir='ltr'>accepisse</span> <span class='ocrx_word' id='word_1_36' title='bbox 328 1341 361 1397; x_wconf 84' lang='lat' dir='ltr'>ah</span> <span class='ocrx_word' id='word_1_37' title='bbox 384 1342 549 1415; x_wconf 89' lang='lat' dir='ltr'>Epiphanio,</span> <span class='ocrx_word' id='word_1_38' title='bbox 579 1360 640 1397; x_wconf 86' lang='lat' dir='ltr'>cum</span> <span class='ocrx_word' id='word_1_39' title='bbox 663 1343 707 1398; x_wconf 91' lang='lat' dir='ltr'>hic</span> <span class='ocrx_word' id='word_1_40' title='bbox 729 1343 800 1415; x_wconf 88' lang='lat' dir='ltr'>apud</span> <span class='ocrx_word' id='word_1_41' title='bbox 823 1359 885 1398; x_wconf 90' lang='lat' dir='ltr'>eom</span> <span class='ocrx_word' id='word_1_42' title='bbox 909 1351 980 1398; x_wconf 90' lang='lat' dir='ltr'>esset</span> <span class='ocrx_word' id='word_1_43' title='bbox 1003 1359 1085 1416; x_wconf 85' lang='lat' dir='ltr'>prae-</span> 
     </span>
     <span class='ocr_line' id='line_1_7' title="bbox 65 1426 1084 1502; baseline 0.001 -20"><span class='ocrx_word' id='word_1_44' title='bbox 65 1445 141 1483; x_wconf 88' lang='lat' dir='ltr'>seus.</span> <span class='ocrx_word' id='word_1_45' title='bbox 172 1427 352 1482; x_wconf 75' lang='lat' dir='ltr'>Animadverti</span> <span class='ocrx_word' id='word_1_46' title='bbox 374 1428 498 1500; x_wconf 83' lang='lat' dir='ltr'>equidem</span> <span class='ocrx_word' id='word_1_47' title='bbox 522 1428 547 1481; x_wconf 93' lang='lat' dir='ltr'>id</span> <span class='ocrx_word' id='word_1_48' title='bbox 570 1444 695 1502; x_wconf 88' lang='lat' dir='ltr'>quoque,</span> <span class='ocrx_word' id='word_1_49' title='bbox 719 1426 766 1482; x_wconf 92' lang='lat' dir='ltr'>sed</span> <span class='ocrx_word' id='word_1_50' title='bbox 790 1427 852 1483; x_wconf 88' lang='lat' dir='ltr'>inde</span> <span class='ocrx_word' id='word_1_51' title='bbox 875 1427 1084 1501; x_wconf 80' lang='lat' dir='ltr'>probabiliorem</span> 
     </span>
     <span class='ocr_line' id='line_1_8' title="bbox 64 1511 1084 1576; baseline 0 -8"><span class='ocrx_word' id='word_1_52' title='bbox 64 1512 136 1576; x_wconf 82' lang='lat' dir='ltr'>lieri,</span> <span class='ocrx_word' id='word_1_53' title='bbox 160 1527 215 1567; x_wconf 91' lang='lat' dir='ltr'>uon</span> <span class='ocrx_word' id='word_1_54' title='bbox 230 1511 359 1569; x_wconf 81' lang='lat' dir='ltr'>infirmari</span> <span class='ocrx_word' id='word_1_55' title='bbox 377 1513 560 1568; x_wconf 85' lang='lat' dir='ltr'>coniecturam</span> <span class='ocrx_word' id='word_1_56' title='bbox 576 1529 662 1567; x_wconf 80' lang='lat' dir='ltr'>nieam</span> <span class='ocrx_word' id='word_1_57' title='bbox 678 1512 760 1568; x_wconf 91' lang='lat' dir='ltr'>sensi.</span> <span class='ocrx_word' id='word_1_58' title='bbox 789 1512 919 1569; x_wconf 81' lang='lat' dir='ltr'>Nimirum</span> <span class='ocrx_word' id='word_1_59' title='bbox 935 1523 1013 1569; x_wconf 86' lang='lat' dir='ltr'>antea</span> <span class='ocrx_word' id='word_1_60' title='bbox 1030 1530 1084 1569; x_wconf 90' lang='lat' dir='ltr'>non</span> 
     </span>
     <span class='ocr_line' id='line_1_9' title="bbox 65 1597 1084 1662; baseline 0.003 -10"><span class='ocrx_word' id='word_1_61' title='bbox 65 1597 153 1652; x_wconf 89' lang='lat' dir='ltr'>semel</span> <span class='ocrx_word' id='word_1_62' title='bbox 180 1597 339 1653; x_wconf 87' lang='lat' dir='ltr'>convenisse</span> <span class='ocrx_word' id='word_1_63' title='bbox 368 1599 482 1662; x_wconf 62' lang='lat' dir='ltr'>saluium</span> <span class='ocrx_word' id='word_1_64' title='bbox 512 1606 698 1653; x_wconf 86' lang='lat' dir='ltr'>convenerunt</span> <span class='ocrx_word' id='word_1_65' title='bbox 725 1598 796 1653; x_wconf 92' lang='lat' dir='ltr'>enim</span> <span class='ocrx_word' id='word_1_66' title='bbox 824 1616 867 1653; x_wconf 86' lang='lat' dir='ltr'>an.</span> <span class='ocrx_word' id='word_1_67' title='bbox 892 1598 989 1654; x_wconf 84' lang='lat' dir='ltr'>Christi</span> <span class='ocrx_word' id='word_1_68' title='bbox 1014 1599 1084 1662; x_wconf 77' lang='lat'>382,</span> 
     </span>
     <span class='ocr_line' id='line_1_10' title="bbox 65 1681 1086 1756; baseline 0.004 -21"><span class='ocrx_word' id='word_1_69' title='bbox 65 1699 123 1756; x_wconf 88' lang='lat' dir='ltr'>qno</span> <span class='ocrx_word' id='word_1_70' title='bbox 137 1681 304 1755; x_wconf 81' lang='lat' dir='ltr'>Epiphanius</span> <span class='ocrx_word' id='word_1_71' title='bbox 321 1682 430 1738; x_wconf 87' lang='lat' dir='ltr'>llomam</span> <span class='ocrx_word' id='word_1_72' title='bbox 453 1683 534 1747; x_wconf 87' lang='lat' dir='ltr'>venit,</span> <span class='ocrx_word' id='word_1_73' title='bbox 556 1690 584 1738; x_wconf 88' lang='lat' dir='ltr'>et</span> <span class='ocrx_word' id='word_1_74' title='bbox 599 1692 784 1739; x_wconf 89' lang='lat' dir='ltr'>convenerunt</span> <span class='ocrx_word' id='word_1_75' title='bbox 806 1701 848 1739; x_wconf 87' lang='lat' dir='ltr'>au.</span> <span class='ocrx_word' id='word_1_76' title='bbox 863 1685 932 1746; x_wconf 82' lang='lat'>385,</span> <span class='ocrx_word' id='word_1_77' title='bbox 954 1700 1008 1756; x_wconf 90' lang='lat' dir='ltr'>quo</span> <span class='ocrx_word' id='word_1_78' title='bbox 1021 1683 1086 1739; x_wconf 90' lang='lat' dir='ltr'>Hie·</span> 
     </span>
     <span class='ocr_line' id='line_1_11' title="bbox 66 1766 1085 1842; baseline 0.003 -21"><span class='ocrx_word' id='word_1_79' title='bbox 66 1783 199 1840; x_wconf 84' lang='lat' dir='ltr'>ronymus</span> <span class='ocrx_word' id='word_1_80' title='bbox 220 1767 247 1822; x_wconf 92' lang='lat' dir='ltr'>in</span> <span class='ocrx_word' id='word_1_81' title='bbox 263 1766 352 1840; x_wconf 83' lang='lat' dir='ltr'>Cypro</span> <span class='ocrx_word' id='word_1_82' title='bbox 367 1767 544 1842; x_wconf 86' lang='lat' dir='ltr'>Epiphanium</span> <span class='ocrx_word' id='word_1_83' title='bbox 567 1768 665 1823; x_wconf 84' lang='lat' dir='ltr'>inrisit.</span> <span class='ocrx_word' id='word_1_84' title='bbox 696 1768 792 1823; x_wconf 80' lang='lat' dir='ltr'>Postea</span> <span class='ocrx_word' id='word_1_85' title='bbox 816 1785 878 1824; x_wconf 86' lang='lat' dir='ltr'>vero</span> <span class='ocrx_word' id='word_1_86' title='bbox 901 1778 1085 1824; x_wconf 79' lang='lat' dir='ltr'>conuenerunt</span> 
     </span>
     <span class='ocr_line' id='line_1_12' title="bbox 65 1852 1085 1926; baseline 0.003 -21"><span class='ocrx_word' id='word_1_87' title='bbox 65 1870 112 1906; x_wconf 81' lang='lat' dir='ltr'>ao.</span> <span class='ocrx_word' id='word_1_88' title='bbox 130 1854 201 1915; x_wconf 83' lang='grc'>394,</span> <span class='ocrx_word' id='word_1_89' title='bbox 225 1861 252 1908; x_wconf 83' lang='grc'>01</span> <span class='ocrx_word' id='word_1_90' title='bbox 274 1863 460 1909; x_wconf 87' lang='lat' dir='ltr'>convenerunt</span> <span class='ocrx_word' id='word_1_91' title='bbox 481 1853 635 1916; x_wconf 78' lang='lat' dir='ltr'>bethleem,</span> <span class='ocrx_word' id='word_1_92' title='bbox 666 1853 738 1925; x_wconf 87' lang='lat' dir='ltr'>quod</span> <span class='ocrx_word' id='word_1_93' title='bbox 761 1854 849 1908; x_wconf 88' lang='lat' dir='ltr'>sciens</span> <span class='ocrx_word' id='word_1_94' title='bbox 872 1852 1013 1926; x_wconf 86' lang='lat' dir='ltr'>praedico;</span> <span class='ocrx_word' id='word_1_95' title='bbox 1043 1862 1085 1909; x_wconf 91' lang='lat' dir='ltr'>est</span> 
     </span>
     <span class='ocr_line' id='line_1_13' title="bbox 66 1936 1085 2010; baseline 0 -17"><span class='ocrx_word' id='word_1_96' title='bbox 66 1938 140 1993; x_wconf 87' lang='lat' dir='ltr'>enim</span> <span class='ocrx_word' id='word_1_97' title='bbox 163 1936 287 2010; x_wconf 88' lang='lat' dir='ltr'>prolecto</span> <span class='ocrx_word' id='word_1_98' title='bbox 308 1936 490 1993; x_wconf 74' lang='lat' dir='ltr'>admonitione</span> <span class='ocrx_word' id='word_1_99' title='bbox 513 1937 639 2010; x_wconf 78' lang='lat' dir='ltr'>dignum,</span> <span class='ocrx_word' id='word_1_100' title='bbox 669 1954 730 1992; x_wconf 94' lang='lat' dir='ltr'>cum</span> <span class='ocrx_word' id='word_1_101' title='bbox 753 1939 849 1992; x_wconf 89' lang='lat' dir='ltr'>mirum</span> <span class='ocrx_word' id='word_1_102' title='bbox 872 1938 898 1992; x_wconf 89' lang='lat' dir='ltr'>in</span> <span class='ocrx_word' id='word_1_103' title='bbox 921 1936 1030 1993; x_wconf 82' lang='lat' dir='ltr'>niodum</span> <span class='ocrx_word' id='word_1_104' title='bbox 1053 1937 1085 1993; x_wconf 88' lang='lat' dir='ltr'>ad</span> 
     </span>
     <span class='ocr_line' id='line_1_14' title="bbox 66 2021 1087 2095; baseline -0.002 -17"><span class='ocrx_word' id='word_1_105' title='bbox 66 2040 126 2078; x_wconf 92' lang='lat' dir='ltr'>rem</span> <span class='ocrx_word' id='word_1_106' title='bbox 149 2021 264 2094; x_wconf 79' lang='lat' dir='ltr'>quadret</span> <span class='ocrx_word' id='word_1_107' title='bbox 286 2023 391 2095; x_wconf 79' lang='lat' dir='ltr'>phrasis</span> <span class='ocrx_word' id='word_1_108' title='bbox 413 2022 456 2077; x_wconf 92' lang='lat' dir='ltr'>illa</span> <span class='ocrx_word' id='word_1_109' title='bbox 479 2022 649 2095; x_wconf 80' lang='lat' dir='ltr'>hieronymi,</span> <span class='ocrx_word' id='word_1_110' title='bbox 674 2023 719 2095; x_wconf 89' lang='lat' dir='ltr'>qui</span> <span class='ocrx_word' id='word_1_111' title='bbox 742 2039 802 2077; x_wconf 90' lang='lat' dir='ltr'>cum</span> <span class='ocrx_word' id='word_1_112' title='bbox 825 2021 971 2084; x_wconf 87' lang='lat' dir='ltr'>scriberet,</span> <span class='ocrx_word' id='word_1_113' title='bbox 995 2022 1087 2095; x_wconf 87' lang='lat' dir='ltr'>Super</span> 
     </span>
     <span class='ocr_line' id='line_1_15' title="bbox 65 2107 1086 2180; baseline 0 -19"><span class='ocrx_word' id='word_1_114' title='bbox 65 2109 170 2180; x_wconf 82' lang='lat' dir='ltr'>quibus</span> <span class='ocrx_word' id='word_1_115' title='bbox 192 2114 219 2161; x_wconf 88' lang='lat' dir='ltr'>et</span> <span class='ocrx_word' id='word_1_116' title='bbox 239 2108 285 2161; x_wconf 84' lang='lat' dir='ltr'>cir</span> <span class='ocrx_word' id='word_1_117' title='bbox 305 2117 429 2171; x_wconf 87' lang='lat' dir='ltr'>sanctus,</span> <span class='ocrx_word' id='word_1_118' title='bbox 452 2107 631 2180; x_wconf 80' lang='lat' dir='ltr'>Epiphanius</span> <span class='ocrx_word' id='word_1_119' title='bbox 654 2109 817 2180; x_wconf 85' lang='lat' dir='ltr'>episcopus,</span> <span class='ocrx_word' id='word_1_120' title='bbox 837 2109 986 2178; x_wconf 83' lang='lat' dir='ltr'>proprium</span> <span class='ocrx_word' id='word_1_121' title='bbox 1006 2110 1086 2162; x_wconf 83' lang='lat' dir='ltr'>eolu-</span> 
     </span>
     <span class='ocr_line' id='line_1_16' title="bbox 65 2190 930 2264; baseline -0.001 -17"><span class='ocrx_word' id='word_1_122' title='bbox 65 2210 131 2247; x_wconf 77' lang='lat' dir='ltr'>men</span> <span class='ocrx_word' id='word_1_123' title='bbox 152 2190 221 2246; x_wconf 83' lang='lat' dir='ltr'>mihi</span> <span class='ocrx_word' id='word_1_124' title='bbox 239 2209 378 2264; x_wconf 87' lang='lat' dir='ltr'>praesens</span> <span class='ocrx_word' id='word_1_125' title='bbox 400 2194 534 2248; x_wconf 84' lang='lat' dir='ltr'>tradidit:</span> <span class='ocrx_word' id='word_1_126' title='bbox 557 2203 630 2249; x_wconf 88' lang='lat' dir='ltr'>certe</span> <span class='ocrx_word' id='word_1_127' title='bbox 653 2201 711 2249; x_wconf 83' lang='lat' dir='ltr'>erat</span> <span class='ocrx_word' id='word_1_128' title='bbox 734 2193 759 2246; x_wconf 91' lang='lat' dir='ltr'>in</span> <span class='ocrx_word' id='word_1_129' title='bbox 782 2191 930 2247; x_wconf 76' lang='lat' dir='ltr'>bethleem.</span> 
     </span>
    </p>

    <p class='ocr_par' dir='ltr' id='par_1_3' title="bbox 156 2276 1086 2351">
     <span class='ocr_line' id='line_1_17' title="bbox 156 2276 1086 2351; baseline 0 -20"><span class='ocrx_word' id='word_1_130' title='bbox 156 2277 268 2332; x_wconf 85' lang='lat' dir='ltr'>liemum</span> <span class='ocrx_word' id='word_1_131' title='bbox 296 2278 468 2333; x_wconf 87' lang='lat' dir='ltr'>coniecturae</span> <span class='ocrx_word' id='word_1_132' title='bbox 491 2295 567 2334; x_wconf 80' lang='lat' dir='ltr'>ureae</span> <span class='ocrx_word' id='word_1_133' title='bbox 590 2279 698 2351; x_wconf 80' lang='lat' dir='ltr'>egregie</span> <span class='ocrx_word' id='word_1_134' title='bbox 721 2278 790 2332; x_wconf 87' lang='lat' dir='ltr'>iavet</span> <span class='ocrx_word' id='word_1_135' title='bbox 812 2276 884 2349; x_wconf 90' lang='lat' dir='ltr'>quod</span> <span class='ocrx_word' id='word_1_136' title='bbox 907 2277 1086 2349; x_wconf 72' lang='lat' dir='ltr'>Hieronymus</span> 
     </span>
    </p>
   </div>
   <div class='ocr_carea' id='block_1_3' title="bbox 67 2361 1086 2436">
    <p class='ocr_par' dir='ltr' id='par_1_4' title="bbox 67 2361 1086 2436">
     <span class='ocr_line' id='line_1_18' title="bbox 67 2361 1086 2436; baseline -0.003 -17"><span class='ocrx_word' id='word_1_137' title='bbox 67 2361 158 2419; x_wconf 84' lang='lat' dir='ltr'>tribus</span> <span class='ocrx_word' id='word_1_138' title='bbox 181 2362 206 2417; x_wconf 89' lang='lat' dir='ltr'>in</span> <span class='ocrx_word' id='word_1_139' title='bbox 230 2361 305 2416; x_wconf 88' lang='lat' dir='ltr'>libris</span> <span class='ocrx_word' id='word_1_140' title='bbox 328 2362 506 2436; x_wconf 85' lang='lat' dir='ltr'>Epiphaniam</span> <span class='ocrx_word' id='word_1_141' title='bbox 529 2363 570 2417; x_wconf 82' lang='lat' dir='ltr'>lie</span> <span class='ocrx_word' id='word_1_142' title='bbox 591 2365 704 2434; x_wconf 83' lang='lat' dir='ltr'>pemmis</span> <span class='ocrx_word' id='word_1_143' title='bbox 727 2361 824 2425; x_wconf 83' lang='lat' dir='ltr'>laudat,</span> <span class='ocrx_word' id='word_1_144' title='bbox 849 2370 876 2416; x_wconf 87' lang='lat' dir='ltr'>et</span> <span class='ocrx_word' id='word_1_145' title='bbox 898 2361 1019 2434; x_wconf 81' lang='lat' dir='ltr'>singulos</span> <span class='ocrx_word' id='word_1_146' title='bbox 1042 2361 1086 2417; x_wconf 91' lang='lat' dir='ltr'>diu</span> 
     </span>
    </p>
   </div>
   <div class='ocr_carea' id='block_1_4' title="bbox 66 2446 1149 4133">
    <p class='ocr_par' dir='ltr' id='par_1_5' title="bbox 66 2446 1149 2843">
     <span class='ocr_line' id='line_1_19' title="bbox 66 2446 1088 2521; baseline -0.002 -18"><span class='ocrx_word' id='word_1_147' title='bbox 66 2456 133 2521; x_wconf 88' lang='lat' dir='ltr'>post</span> <span class='ocrx_word' id='word_1_148' title='bbox 148 2452 198 2501; x_wconf 78' lang='lat' dir='ltr'>&#39;aa</span> <span class='ocrx_word' id='word_1_149' title='bbox 222 2446 321 2504; x_wconf 83' lang='lat' dir='ltr'>Christi</span> <span class='ocrx_word' id='word_1_150' title='bbox 346 2450 405 2506; x_wconf 80' lang='lat'>392</span> <span class='ocrx_word' id='word_1_151' title='bbox 429 2458 551 2504; x_wconf 83' lang='lat' dir='ltr'>exaratos</span> <span class='ocrx_word' id='word_1_152' title='bbox 574 2449 656 2504; x_wconf 84' lang='lat' dir='ltr'>luisse</span> <span class='ocrx_word' id='word_1_153' title='bbox 678 2456 846 2518; x_wconf 88' lang='lat' dir='ltr'>compertum</span> <span class='ocrx_word' id='word_1_154' title='bbox 870 2455 921 2501; x_wconf 86' lang='lat' dir='ltr'>est.</span> <span class='ocrx_word' id='word_1_155' title='bbox 957 2446 1088 2517; x_wconf 80' lang='lat' dir='ltr'>Epistola</span> 
     </span>
     <span class='ocr_line' id='line_1_20' title="bbox 67 2530 1149 2605; baseline -0.005 -17"><span class='ocrx_word' id='word_1_156' title='bbox 67 2533 109 2588; x_wconf 78' lang='lat' dir='ltr'>ad</span> <span class='ocrx_word' id='word_1_157' title='bbox 123 2531 273 2587; x_wconf 80' lang='lat' dir='ltr'>Fabiolam</span> <span class='ocrx_word' id='word_1_158' title='bbox 294 2532 355 2588; x_wconf 85' lang='lat' dir='ltr'>data</span> <span class='ocrx_word' id='word_1_159' title='bbox 379 2541 420 2589; x_wconf 88' lang='lat' dir='ltr'>est</span> <span class='ocrx_word' id='word_1_160' title='bbox 441 2550 484 2589; x_wconf 84' lang='lat' dir='ltr'>an.</span> <span class='ocrx_word' id='word_1_161' title='bbox 503 2536 572 2597; x_wconf 82' lang='lat'>397,</span> <span class='ocrx_word' id='word_1_162' title='bbox 596 2542 643 2588; x_wconf 83' lang='lat' dir='ltr'>aut</span> <span class='ocrx_word' id='word_1_163' title='bbox 664 2532 813 2605; x_wconf 86' lang='lat' dir='ltr'>superiori:</span> <span class='ocrx_word' id='word_1_164' title='bbox 838 2530 1043 2585; x_wconf 81' lang='lat' dir='ltr'>Commentario</span> <span class='ocrx_word' id='word_1_165' title='bbox 1056 2531 1087 2584; x_wconf 92' lang='lat' dir='ltr'>in</span> <span class='ocrx_word' id='word_1_166' title='bbox 1096 2544 1149 2584; x_wconf 78' lang='lat' dir='ltr'>xxix</span> 
     </span>
     <span class='ocr_line' id='line_1_21' title="bbox 67 2614 1088 2690; baseline -0.005 -17"><span class='ocrx_word' id='word_1_167' title='bbox 67 2617 179 2673; x_wconf 81' lang='lat' dir='ltr'>isaiam</span> <span class='ocrx_word' id='word_1_168' title='bbox 201 2617 300 2690; x_wconf 86' lang='lat' dir='ltr'>scripta</span> <span class='ocrx_word' id='word_1_169' title='bbox 323 2627 387 2673; x_wconf 94' lang='lat' dir='ltr'>sunt</span> <span class='ocrx_word' id='word_1_170' title='bbox 410 2635 452 2673; x_wconf 89' lang='lat' dir='ltr'>an.</span> <span class='ocrx_word' id='word_1_171' title='bbox 469 2620 541 2683; x_wconf 81' lang='lat'>408,</span> <span class='ocrx_word' id='word_1_172' title='bbox 565 2626 612 2673; x_wconf 82' lang='grc'>1111</span> <span class='ocrx_word' id='word_1_173' title='bbox 634 2620 705 2678; x_wconf 84' lang='grc'>410,</span> <span class='ocrx_word' id='word_1_174' title='bbox 730 2626 756 2672; x_wconf 93' lang='lat' dir='ltr'>et</span> <span class='ocrx_word' id='word_1_175' title='bbox 772 2615 929 2671; x_wconf 76' lang='lat' dir='ltr'>Ezechielis</span> <span class='ocrx_word' id='word_1_176' title='bbox 946 2614 1088 2669; x_wconf 85' lang='lat' dir='ltr'>Commen-</span> 
     </span>
     <span class='ocr_line' id='line_1_22' title="bbox 68 2699 1088 2775; baseline -0.005 -18"><span class='ocrx_word' id='word_1_177' title='bbox 68 2704 149 2757; x_wconf 84' lang='lat' dir='ltr'>tario</span> <span class='ocrx_word' id='word_1_178' title='bbox 177 2702 203 2756; x_wconf 91' lang='lat' dir='ltr'>in</span> <span class='ocrx_word' id='word_1_179' title='bbox 228 2702 283 2774; x_wconf 84' lang='lat' dir='ltr'>ipsa</span> <span class='ocrx_word' id='word_1_180' title='bbox 307 2718 403 2757; x_wconf 89' lang='lat' dir='ltr'>eorum</span> <span class='ocrx_word' id='word_1_181' title='bbox 426 2702 594 2759; x_wconf 87' lang='lat' dir='ltr'>Praelatione</span> <span class='ocrx_word' id='word_1_182' title='bbox 616 2710 679 2775; x_wconf 88' lang='lat' dir='ltr'>post</span> <span class='ocrx_word' id='word_1_183' title='bbox 703 2701 907 2756; x_wconf 83' lang='lat' dir='ltr'>Commentario</span> <span class='ocrx_word' id='word_1_184' title='bbox 929 2701 958 2754; x_wconf 86' lang='lat' dir='ltr'>in</span> <span class='ocrx_word' id='word_1_185' title='bbox 981 2699 1088 2754; x_wconf 84' lang='lat' dir='ltr'>lsaiarn</span> 
     </span>
     <span class='ocr_line' id='line_1_23' title="bbox 68 2786 337 2843; baseline -0.004 0"><span class='ocrx_word' id='word_1_186' title='bbox 68 2796 177 2843; x_wconf 80' lang='grc'>0111111</span> <span class='ocrx_word' id='word_1_187' title='bbox 200 2786 337 2842; x_wconf 86' lang='lat' dir='ltr'>dicuntur.</span> 
     </span>
    </p>

    <p class='ocr_par' dir='ltr' id='par_1_6' title="bbox 67 2869 1128 4133">
     <span class='ocr_line' id='line_1_24' title="bbox 156 2869 1088 2943; baseline -0.004 -17"><span class='ocrx_word' id='word_1_188' title='bbox 156 2872 276 2927; x_wconf 86' lang='lat' dir='ltr'>lamvero</span> <span class='ocrx_word' id='word_1_189' title='bbox 299 2871 370 2927; x_wconf 87' lang='lat' dir='ltr'>baud</span> <span class='ocrx_word' id='word_1_190' title='bbox 386 2871 474 2927; x_wconf 90' lang='lat' dir='ltr'>minus</span> <span class='ocrx_word' id='word_1_191' title='bbox 489 2872 610 2927; x_wconf 86' lang='lat' dir='ltr'>animose</span> <span class='ocrx_word' id='word_1_192' title='bbox 626 2880 653 2926; x_wconf 89' lang='lat' dir='ltr'>et</span> <span class='ocrx_word' id='word_1_193' title='bbox 668 2869 844 2943; x_wconf 87' lang='lat' dir='ltr'>probabiliter</span> <span class='ocrx_word' id='word_1_194' title='bbox 859 2869 1003 2931; x_wconf 91' lang='lat' dir='ltr'>contendo,</span> <span class='ocrx_word' id='word_1_195' title='bbox 1027 2884 1088 2923; x_wconf 90' lang='lat' dir='ltr'>cum</span> 
     </span>
     <span class='ocr_line' id='line_1_25' title="bbox 69 2954 1128 3029; baseline -0.007 -17"><span class='ocrx_word' id='word_1_196' title='bbox 69 2958 252 3028; x_wconf 85' lang='lat' dir='ltr'>Hieronymus</span> <span class='ocrx_word' id='word_1_197' title='bbox 276 2956 441 3027; x_wconf 81' lang='lat' dir='ltr'>Catatopum</span> <span class='ocrx_word' id='word_1_198' title='bbox 468 2957 591 3029; x_wconf 88' lang='lat' dir='ltr'>scripsit,</span> <span class='ocrx_word' id='word_1_199' title='bbox 624 2954 767 3011; x_wconf 83' lang='lat' dir='ltr'>Diodorum</span> <span class='ocrx_word' id='word_1_200' title='bbox 792 2955 951 3010; x_wconf 84' lang='lat' dir='ltr'>Tarsensem</span> <span class='ocrx_word' id='word_1_201' title='bbox 974 2962 1089 3008; x_wconf 90' lang='lat' dir='ltr'>mortem</span> <span class='ocrx_word' id='word_1_202' title='bbox 1125 2999 1128 3005; x_wconf 88' lang='lat'><em>.</em></span> 
     </span>
     <span class='ocr_line' id='line_1_26' title="bbox 69 3038 1089 3113; baseline -0.005 -16"><span class='ocrx_word' id='word_1_203' title='bbox 69 3044 122 3097; x_wconf 88' lang='lat' dir='ltr'>iam</span> <span class='ocrx_word' id='word_1_204' title='bbox 146 3040 257 3097; x_wconf 86' lang='lat' dir='ltr'>obiisse.</span> <span class='ocrx_word' id='word_1_205' title='bbox 287 3042 424 3097; x_wconf 87' lang='lat' dir='ltr'>Suadetur</span> <span class='ocrx_word' id='word_1_206' title='bbox 438 3041 499 3106; x_wconf 90' lang='lat' dir='ltr'>hoc,</span> <span class='ocrx_word' id='word_1_207' title='bbox 524 3051 554 3097; x_wconf 94' lang='lat' dir='ltr'>ut</span> <span class='ocrx_word' id='word_1_208' title='bbox 569 3038 754 3096; x_wconf 84' lang='lat' dir='ltr'>Tillemontius</span> <span class='ocrx_word' id='word_1_209' title='bbox 769 3055 879 3113; x_wconf 89' lang='lat' dir='ltr'>quoque</span> <span class='ocrx_word' id='word_1_210' title='bbox 894 3038 1089 3101; x_wconf 75' lang='lat' dir='ltr'>animadvertit,</span> 
     </span>
     <span class='ocr_line' id='line_1_27' title="bbox 69 3124 1090 3198; baseline -0.004 -16"><span class='ocrx_word' id='word_1_211' title='bbox 69 3130 164 3184; x_wconf 73' lang='lat' dir='ltr'>uoti</span> <span class='ocrx_word' id='word_1_212' title='bbox 188 3125 231 3180; x_wconf 81' lang='lat' dir='ltr'>De</span> <span class='ocrx_word' id='word_1_213' title='bbox 252 3126 377 3181; x_wconf 86' lang='lat' dir='ltr'>Diodoro</span> <span class='ocrx_word' id='word_1_214' title='bbox 404 3126 486 3182; x_wconf 85' lang='lat' dir='ltr'>Tarsi</span> <span class='ocrx_word' id='word_1_215' title='bbox 508 3134 570 3188; x_wconf 77' lang='lat' dir='ltr'>cto,</span> <span class='ocrx_word' id='word_1_216' title='bbox 594 3143 626 3181; x_wconf 86' lang='grc'>01</span> <span class='ocrx_word' id='word_1_217' title='bbox 648 3125 707 3198; x_wconf 87' lang='lat' dir='ltr'>ipso</span> <span class='ocrx_word' id='word_1_218' title='bbox 732 3124 875 3195; x_wconf 84' lang='lat' dir='ltr'>Catalopo‚</span> <span class='ocrx_word' id='word_1_219' title='bbox 900 3124 925 3178; x_wconf 90' lang='lat' dir='ltr'>in</span> <span class='ocrx_word' id='word_1_220' title='bbox 949 3140 1004 3198; x_wconf 91' lang='lat' dir='ltr'>quo</span> <span class='ocrx_word' id='word_1_221' title='bbox 1027 3138 1090 3178; x_wconf 89' lang='lat' dir='ltr'>eum</span> 
     </span>
     <span class='ocr_line' id='line_1_28' title="bbox 68 3207 1090 3284; baseline -0.005 -17"><span class='ocrx_word' id='word_1_222' title='bbox 68 3213 95 3267; x_wconf 90' lang='lat' dir='ltr'>in</span> <span class='ocrx_word' id='word_1_223' title='bbox 126 3211 191 3267; x_wconf 85' lang='lat' dir='ltr'>rivis</span> <span class='ocrx_word' id='word_1_224' title='bbox 218 3210 306 3267; x_wconf 86' lang='lat' dir='ltr'>adhue</span> <span class='ocrx_word' id='word_1_225' title='bbox 329 3211 412 3266; x_wconf 86' lang='lat' dir='ltr'>luisse</span> <span class='ocrx_word' id='word_1_226' title='bbox 434 3211 613 3283; x_wconf 89' lang='lat' dir='ltr'>Hieronymus</span> <span class='ocrx_word' id='word_1_227' title='bbox 636 3226 804 3284; x_wconf 85' lang='lat' dir='ltr'>nequaquam</span> <span class='ocrx_word' id='word_1_228' title='bbox 827 3218 974 3271; x_wconf 84' lang='lat' dir='ltr'>memorat,</span> <span class='ocrx_word' id='word_1_229' title='bbox 1003 3217 1034 3263; x_wconf 93' lang='lat' dir='ltr'>ut</span> <span class='ocrx_word' id='word_1_230' title='bbox 1057 3207 1090 3262; x_wconf 90' lang='lat' dir='ltr'>de</span> 
     </span>
     <span class='ocr_line' id='line_1_29' title="bbox 69 3292 1089 3371; baseline -0.005 -19"><span class='ocrx_word' id='word_1_231' title='bbox 69 3298 170 3352; x_wconf 85' lang='lat' dir='ltr'>ceteris</span> <span class='ocrx_word' id='word_1_232' title='bbox 193 3296 319 3352; x_wconf 90' lang='lat' dir='ltr'>omnihus</span> <span class='ocrx_word' id='word_1_233' title='bbox 342 3296 426 3361; x_wconf 87' lang='lat' dir='ltr'>solet;</span> <span class='ocrx_word' id='word_1_234' title='bbox 451 3296 515 3371; x_wconf 90' lang='lat' dir='ltr'>quin</span> <span class='ocrx_word' id='word_1_235' title='bbox 539 3296 617 3351; x_wconf 87' lang='lat' dir='ltr'>etiam</span> <span class='ocrx_word' id='word_1_236' title='bbox 641 3311 672 3350; x_wconf 87' lang='lat' dir='ltr'>ea</span> <span class='ocrx_word' id='word_1_237' title='bbox 693 3294 818 3350; x_wconf 85' lang='lat' dir='ltr'>libertate</span> <span class='ocrx_word' id='word_1_238' title='bbox 840 3294 873 3348; x_wconf 92' lang='lat' dir='ltr'>de</span> <span class='ocrx_word' id='word_1_239' title='bbox 897 3292 941 3348; x_wconf 91' lang='lat' dir='ltr'>illo</span> <span class='ocrx_word' id='word_1_240' title='bbox 959 3293 1089 3365; x_wconf 87' lang='lat' dir='ltr'>loquitur,</span> 
     </span>
     <span class='ocr_line' id='line_1_30' title="bbox 70 3377 1092 3455; baseline -0.004 -19"><span class='ocrx_word' id='word_1_241' title='bbox 70 3397 125 3455; x_wconf 86' lang='lat' dir='ltr'>qua</span> <span class='ocrx_word' id='word_1_242' title='bbox 146 3382 170 3437; x_wconf 86' lang='lat' dir='ltr'>si</span> <span class='ocrx_word' id='word_1_243' title='bbox 193 3382 302 3443; x_wconf 80' lang='lat' dir='ltr'>viseret,</span> <span class='ocrx_word' id='word_1_244' title='bbox 326 3381 397 3437; x_wconf 80' lang='lat' dir='ltr'>iiaud</span> <span class='ocrx_word' id='word_1_245' title='bbox 420 3391 495 3437; x_wconf 91' lang='lat' dir='ltr'>certe</span> <span class='ocrx_word' id='word_1_246' title='bbox 516 3380 589 3454; x_wconf 91' lang='lat' dir='ltr'>loqui</span> <span class='ocrx_word' id='word_1_247' title='bbox 606 3388 678 3435; x_wconf 89' lang='lat' dir='ltr'>esset</span> <span class='ocrx_word' id='word_1_248' title='bbox 694 3396 791 3434; x_wconf 83' lang='lat' dir='ltr'>ansus:</span> <span class='ocrx_word' id='word_1_249' title='bbox 815 3377 910 3434; x_wconf 89' lang='lat' dir='ltr'>scribit</span> <span class='ocrx_word' id='word_1_250' title='bbox 924 3378 1005 3441; x_wconf 92' lang='lat' dir='ltr'>enim,</span> <span class='ocrx_word' id='word_1_251' title='bbox 1029 3394 1092 3433; x_wconf 87' lang='lat' dir='ltr'>sae-</span> 
     </span>
     <span class='ocr_line' id='line_1_31' title="bbox 70 3462 1092 3537; baseline -0.005 -15"><span class='ocrx_word' id='word_1_252' title='bbox 70 3466 204 3522; x_wconf 82' lang='lat' dir='ltr'>tularium</span> <span class='ocrx_word' id='word_1_253' title='bbox 232 3466 383 3523; x_wconf 83' lang='lat' dir='ltr'>litterarum</span> <span class='ocrx_word' id='word_1_254' title='bbox 412 3482 473 3521; x_wconf 89' lang='lat' dir='ltr'>eum</span> <span class='ocrx_word' id='word_1_255' title='bbox 496 3466 580 3521; x_wconf 86' lang='lat' dir='ltr'>luisse</span> <span class='ocrx_word' id='word_1_256' title='bbox 602 3465 740 3537; x_wconf 80' lang='lat' dir='ltr'>ignarum,</span> <span class='ocrx_word' id='word_1_257' title='bbox 769 3462 913 3519; x_wconf 86' lang='lat' dir='ltr'>Eusebium</span> <span class='ocrx_word' id='word_1_258' title='bbox 937 3463 1092 3518; x_wconf 88' lang='lat' dir='ltr'>Emiseuum</span> 
     </span>
     <span class='ocr_line' id='line_1_32' title="bbox 70 3548 1090 3621; baseline -0.005 -14"><span class='ocrx_word' id='word_1_259' title='bbox 70 3552 161 3607; x_wconf 88' lang='lat' dir='ltr'>minus</span> <span class='ocrx_word' id='word_1_260' title='bbox 186 3549 299 3606; x_wconf 87' lang='lat' dir='ltr'>ieliciter</span> <span class='ocrx_word' id='word_1_261' title='bbox 321 3568 382 3607; x_wconf 91' lang='lat' dir='ltr'>esse</span> <span class='ocrx_word' id='word_1_262' title='bbox 404 3551 553 3614; x_wconf 90' lang='lat' dir='ltr'>imitatum,</span> <span class='ocrx_word' id='word_1_263' title='bbox 582 3549 690 3605; x_wconf 83' lang='lat' dir='ltr'>‹lemum</span> <span class='ocrx_word' id='word_1_264' title='bbox 717 3549 842 3604; x_wconf 82' lang='lat' dir='ltr'>floruisse</span> <span class='ocrx_word' id='word_1_265' title='bbox 864 3548 971 3621; x_wconf 92' lang='lat' dir='ltr'>quidem</span> <span class='ocrx_word' id='word_1_266' title='bbox 995 3564 1090 3621; x_wconf 78' lang='lat' dir='ltr'>magna</span> 
     </span>
     <span class='ocr_line' id='line_1_33' title="bbox 70 3633 1092 3708; baseline -0.004 -17"><span class='ocrx_word' id='word_1_267' title='bbox 70 3636 212 3692; x_wconf 83' lang='lat' dir='ltr'>doetrinae</span> <span class='ocrx_word' id='word_1_268' title='bbox 234 3634 313 3695; x_wconf 82' lang='lat' dir='ltr'>lama.</span> <span class='ocrx_word' id='word_1_269' title='bbox 337 3636 384 3692; x_wconf 94' lang='lat' dir='ltr'>sed</span> <span class='ocrx_word' id='word_1_270' title='bbox 407 3637 491 3708; x_wconf 79' lang='lat' dir='ltr'>magis</span> <span class='ocrx_word' id='word_1_271' title='bbox 513 3652 574 3691; x_wconf 91' lang='lat' dir='ltr'>cum</span> <span class='ocrx_word' id='word_1_272' title='bbox 597 3644 670 3690; x_wconf 88' lang='lat' dir='ltr'>esset</span> <span class='ocrx_word' id='word_1_273' title='bbox 685 3633 835 3707; x_wconf 86' lang='lat' dir='ltr'>presbyter,</span> <span class='ocrx_word' id='word_1_274' title='bbox 860 3650 939 3706; x_wconf 84' lang='lat' dir='ltr'>quam</span> <span class='ocrx_word' id='word_1_275' title='bbox 955 3650 1015 3688; x_wconf 89' lang='lat' dir='ltr'>cum</span> <span class='ocrx_word' id='word_1_276' title='bbox 1032 3633 1092 3705; x_wconf 89' lang='lat' dir='ltr'>epi-</span> 
     </span>
     <span class='ocr_line' id='line_1_34' title="bbox 70 3718 1091 3795; baseline -0.005 -19"><span class='ocrx_word' id='word_1_277' title='bbox 70 3738 173 3795; x_wconf 87' lang='lat' dir='ltr'>scopus</span> <span class='ocrx_word' id='word_1_278' title='bbox 202 3721 261 3777; x_wconf 81' lang='lat' dir='ltr'>iuit.</span> <span class='ocrx_word' id='word_1_279' title='bbox 306 3720 461 3794; x_wconf 85' lang='lat' dir='ltr'>Hieronymi</span> <span class='ocrx_word' id='word_1_280' title='bbox 489 3720 569 3776; x_wconf 82' lang='lat' dir='ltr'>verba</span> <span class='ocrx_word' id='word_1_281' title='bbox 592 3722 720 3792; x_wconf 78' lang='lat' dir='ltr'>capilli</span> <span class='ocrx_word' id='word_1_282' title='bbox 744 3718 811 3775; x_wconf 86' lang='lat' dir='ltr'>haec</span> <span class='ocrx_word' id='word_1_283' title='bbox 833 3727 911 3774; x_wconf 91' lang='lat' dir='ltr'>suut:</span> <span class='ocrx_word' id='word_1_284' title='bbox 941 3718 1091 3779; x_wconf 84' lang='lat' dir='ltr'>Diodorus,</span> 
     </span>
     <span class='ocr_line' id='line_1_35' title="bbox 73 3803 1091 3879; baseline -0.006 -18"><span class='ocrx_word' id='word_1_285' title='bbox 73 3807 223 3862; x_wconf 81' lang='lat' dir='ltr'>Tarsensis</span> <span class='ocrx_word' id='word_1_286' title='bbox 246 3807 408 3879; x_wconf 76' lang='lat' dir='ltr'>episcopus,</span> <span class='ocrx_word' id='word_1_287' title='bbox 439 3807 503 3862; x_wconf 86' lang='lat' dir='ltr'>dum</span> <span class='ocrx_word' id='word_1_288' title='bbox 530 3804 695 3860; x_wconf 79' lang='lat' dir='ltr'>Antiochiae</span> <span class='ocrx_word' id='word_1_289' title='bbox 723 3812 794 3859; x_wconf 89' lang='lat' dir='ltr'>esset</span> <span class='ocrx_word' id='word_1_290' title='bbox 814 3805 969 3877; x_wconf 80' lang='lat' dir='ltr'>presbyter,</span> <span class='ocrx_word' id='word_1_291' title='bbox 1001 3803 1091 3872; x_wconf 82' lang='lat' dir='ltr'>napis</span> 
     </span>
     <span class='ocr_line' id='line_1_36' title="bbox 70 3888 1092 3963; baseline -0.007 -16"><span class='ocrx_word' id='word_1_292' title='bbox 70 3893 186 3954; x_wconf 80' lang='lat' dir='ltr'>claruit,</span> <span class='ocrx_word' id='word_1_293' title='bbox 215 3890 339 3946; x_wconf 67' lang='lat' dir='ltr'>Exstant</span> <span class='ocrx_word' id='word_1_294' title='bbox 361 3893 420 3947; x_wconf 80' lang='lat' dir='ltr'>eius</span> <span class='ocrx_word' id='word_1_295' title='bbox 443 3891 469 3946; x_wconf 93' lang='lat' dir='ltr'>in</span> <span class='ocrx_word' id='word_1_296' title='bbox 486 3890 644 3963; x_wconf 72' lang='lat' dir='ltr'>Apostolum</span> <span class='ocrx_word' id='word_1_297' title='bbox 662 3890 862 3952; x_wconf 75' lang='lat' dir='ltr'>commentarii,</span> <span class='ocrx_word' id='word_1_298' title='bbox 886 3897 912 3943; x_wconf 85' lang='lat' dir='ltr'>et</span> <span class='ocrx_word' id='word_1_299' title='bbox 928 3890 1014 3943; x_wconf 87' lang='lat' dir='ltr'>multa</span> <span class='ocrx_word' id='word_1_300' title='bbox 1031 3888 1092 3941; x_wconf 88' lang='lat' dir='ltr'>otia</span> 
     </span>
     <span class='ocr_line' id='line_1_37' title="bbox 69 3974 1093 4047; baseline -0.008 -16"><span class='ocrx_word' id='word_1_301' title='bbox 69 3979 109 4031; x_wconf 74' lang='lat' dir='ltr'>aa</span> <span class='ocrx_word' id='word_1_302' title='bbox 124 3975 244 4031; x_wconf 81' lang='lat' dir='ltr'>Eusebii</span> <span class='ocrx_word' id='word_1_303' title='bbox 264 3977 355 4047; x_wconf 76' lang='lat' dir='ltr'>mapis</span> <span class='ocrx_word' id='word_1_304' title='bbox 376 3975 502 4031; x_wconf 83' lang='lat' dir='ltr'>Emiseui</span> <span class='ocrx_word' id='word_1_305' title='bbox 524 3975 713 4030; x_wconf 90' lang='lat' dir='ltr'>characterem</span> <span class='ocrx_word' id='word_1_306' title='bbox 725 3975 913 4047; x_wconf 87' lang='lat' dir='ltr'>pertinentia:</span> <span class='ocrx_word' id='word_1_307' title='bbox 937 3974 1015 4026; x_wconf 86' lang='lat' dir='ltr'>euius</span> <span class='ocrx_word' id='word_1_308' title='bbox 1032 3987 1093 4024; x_wconf 87' lang='lat' dir='ltr'>cnm</span> 
     </span>
     <span class='ocr_line' id='line_1_38' title="bbox 67 4058 1094 4133; baseline -0.007 -16"><span class='ocrx_word' id='word_1_309' title='bbox 67 4079 183 4117; x_wconf 83' lang='lat' dir='ltr'>sensum</span> <span class='ocrx_word' id='word_1_310' title='bbox 209 4070 322 4116; x_wconf 83' lang='lat' dir='ltr'>secutas</span> <span class='ocrx_word' id='word_1_311' title='bbox 348 4061 401 4125; x_wconf 88' lang='lat' dir='ltr'>sit,</span> <span class='ocrx_word' id='word_1_312' title='bbox 431 4062 616 4133; x_wconf 79' lang='lat' dir='ltr'>eloquentiam</span> <span class='ocrx_word' id='word_1_313' title='bbox 638 4061 746 4114; x_wconf 87' lang='lat' dir='ltr'>imitari</span> <span class='ocrx_word' id='word_1_314' title='bbox 768 4078 822 4114; x_wconf 89' lang='lat' dir='ltr'>non</span> <span class='ocrx_word' id='word_1_315' title='bbox 846 4058 949 4130; x_wconf 71' lang='lat' dir='ltr'>petiuit,</span> <span class='ocrx_word' id='word_1_316' title='bbox 976 4064 1094 4128; x_wconf 86' lang='lat' dir='ltr'>propter</span> 
     </span>
    </p>
   </div>
   <div class='ocr_carea' id='block_1_5' title="bbox 66 4146 954 4295">
    <p class='ocr_par' dir='ltr' id='par_1_7' title="bbox 66 4146 954 4295">
     <span class='ocr_line' id='line_1_39' title="bbox 66 4146 661 4218; baseline -0.002 -17"><span class='ocrx_word' id='word_1_317' title='bbox 66 4148 264 4218; x_wconf 71' lang='lat' dir='ltr'>ipnorantiam</span> <span class='ocrx_word' id='word_1_318' title='bbox 285 4147 475 4202; x_wconf 83' lang='lat' dir='ltr'>saecularium</span> <span class='ocrx_word' id='word_1_319' title='bbox 498 4146 661 4201; x_wconf 86' lang='lat' dir='ltr'>litterarum.</span> 
     </span>
     <span class='ocr_line' id='line_1_40' title="bbox 122 4239 954 4295; baseline -0.002 -12"><span class='ocrx_word' id='word_1_320' title='bbox 122 4240 271 4295; x_wconf 87' lang='lat' dir='ltr'>Epiphanius.</span> <span class='ocrx_word' id='word_1_321' title='bbox 292 4239 325 4282; x_wconf 75' lang='lat' dir='ltr'>ll.</span> <span class='ocrx_word' id='word_1_322' title='bbox 340 4241 360 4283; x_wconf 90' lang='grc'>1.</span> <span class='ocrx_word' id='word_1_323' title='bbox 927 4239 954 4286; x_wconf 83' lang='lat' dir='ltr'>il</span> 
     </span>
    </p>
   </div>
   <div class='ocr_carea' id='block_1_6' title="bbox 0 0 1309 4822">
    <p class='ocr_par' dir='ltr' id='par_1_8' title="bbox 0 0 1309 4822">
     <span class='ocr_line' id='line_1_41' title="bbox 0 0 1309 4822; baseline 0 0"><span class='ocrx_word' id='word_1_324' title='bbox 0 0 1309 4822; x_wconf 95' lang='lat' dir='ltr'> </span> 
     </span>
    </p>
   </div>
  </div>
 </body>
</html>
