2586 4822
158 750 231 818 480
524 816 527 822 ,
624 765 738 817 rsrsru

161 937 251 977 anuos
273 927 371 995 puteat
394 921 470 985 628,
494 919 547 977 hoc
569 927 612 976 est
633 937 648 975 a
671 919 774 977 Diluvio
797 919 830 976 ad
852 919 977 977 lbraami
999 929 1094 976 ortum
1117 921 1186 984 448,

163 1006 316 1079 comperire
344 1023 400 1062 non
427 1006 513 1078 potui.
557 1005 650 1078 licque
679 1005 752 1061 enim
779 1004 910 1062 llebraica
938 1015 987 1061 aut
1007 1004 1185 1069 Samaritana,

164 1099 212 1149 aut
234 1100 373 1165 postremo
395 1090 460 1146 Lxx
482 1091 626 1148 Seniorum
648 1090 781 1146 editiones
803 1091 841 1147 ita
862 1098 1019 1147 numerant.
1056 1090 1186 1159 Quocirca

159 1193 262 1233 ‚uereor
284 1184 314 1233 ut
335 1177 457 1248 integrae
479 1177 533 1232 sint
554 1175 707 1232 numerales
729 1175 871 1249 Epipbauii
893 1184 985 1232 notae.
1031 1175 1185 1232 Secundum

159 1261 347 1318 samaritanos
376 1269 404 1315 et
425 1260 555 1316 nonnulla
577 1261 643 1316 lxx
664 1260 848 1334 luterpietum
870 1261 1051 1334 exemplaria,
1082 1277 1186 1334 quaen

163 1346 268 1403 lliluuo
295 1345 330 1400 ad
355 1353 445 1400 ortum
467 1344 592 1401 llbraami
619 1362 705 1402 annos
727 1353 873 1402 numerant
895 1347 973 1410 942,
1001 1345 1103 1402 additis
1129 1348 1183 1405 18⁰

159 1430 234 1488 liunt
255 1428 288 1486 ab
311 1438 373 1485 ortu
396 1429 459 1485 Sem
482 1429 514 1485 ad
538 1433 577 1489 80
599 1430 724 1487 hbraami
745 1431 809 1486 anni
837 1431 924 1488 1122.

251 1517 312 1573 476
328 1514 355 1570 b.
384 1510 594 1590 μυογαλίδιον]
626 1515 758 1572 Nicander
777 1515 858 1572 l'her.
881 1508 1003 1590 τυφλήν
1025 1533 1070 1586 τε,
1096 1532 1186 1591 σμερ·

163 1594 239 1676 duris
266 1617 297 1655 τε
325 1597 450 1677 βροτοῖς
477 1595 524 1655 ἐπὶ
552 1595 653 1676 λοιγὸν
680 1592 816 1675 ἄγουσαν
843 1594 999 1675 populius
1026 1602 1186 1677 προχοῇσιν

160 1680 205 1743 ἐνὶ
227 1677 426 1760 θνήσκουσαν
447 1677 589 1757 ἁμάξαις.
632 1686 740 1742 Scholia
772 1686 871 1742 docent
892 1686 920 1741 in
943 1694 1073 1741 rotarum
1094 1685 1184 1741 orbitis

160 1771 364 1845 deprehensum
386 1786 491 1825 murem
514 1787 656 1835 araneum,
686 1769 759 1844 quod
782 1786 879 1827 caecus
901 1770 953 1834 sit,
984 1770 1043 1827 illic
1063 1768 1182 1826 interfici.

122 1887 125 1893 ·
162 1859 197 1914 tlt
211 1855 313 1912 Plinius
330 1858 358 1919 9,
377 1857 425 1913 58.
455 1855 543 1910 iidem
565 1856 731 1928 ubicumque
751 1856 817 1919 siut,
840 1856 962 1911 orbitarn
984 1857 1010 1910 ei
1035 1856 1176 1917 trusum,

162 1942 342 2007 moriuntur:
367 1940 444 2014 quasi
467 1957 521 1997 non
544 1941 647 1998 obtritu
670 1951 806 2007 rotarum,
835 1940 883 1998 sed
905 1940 930 1995 ri
952 1940 1075 2015 quadam
1096 1939 1183 1998 orbit'u

164 2027 230 2100 ipsis
253 2007 547 2081 inolitar'conbcinntur.

249 2105 291 2175 εἷς
312 2102 449 2182 λώβησιν
469 2104 621 2185 κελεφίας]
653 2110 701 2167 lliu
725 2110 789 2184 quid
804 2119 877 2167 esset
892 2104 1040 2186 κελεφιάς
1056 2103 1180 2184 λώβησις

163 2195 355 2268 ignoravimus,
379 2194 486 2250 tametsi
508 2195 680 2252 doctissimos
702 2195 849 2270 plerosque
872 2195 952 2259 viros,
977 2212 1009 2251 ac
1030 2194 1180 2269 praesertin

163 2278 284 2341 medicos
313 2279 347 2335 de
376 2296 405 2335 ea
435 2296 500 2335 roco
528 2281 771 2337 consuluissemus.
816 2281 905 2348 Quare
934 2280 1073 2336 Graecum
1104 2281 1177 2354 ipsum

164 2382 263 2422 nomen
292 2364 319 2420 in
341 2364 434 2419 Latina
457 2365 680 2439 interpretatione
703 2365 905 2439 exprimendum
927 2366 1087 2438 putavimus
1109 2362 1175 2422 etad

164 2450 313 2523 marginem
335 2450 540 2506 haesitationem
564 2461 684 2507 nostram
706 2451 824 2524 ingenue
846 2449 962 2524 prolessi
978 2467 1088 2506 sumus.
1118 2450 1174 2506 trur

111 2589 114 2593 ,
164 2552 269 2599 omncs,
293 2552 362 2608 quos
380 2533 499 2599 adhibui,
523 2536 665 2592 constabat
680 2536 853 2609 depravatum
869 2536 922 2592 hoc
937 2552 1000 2590 esse
1015 2535 1170 2593 vocabulum.

165 2620 269 2690 Quibus
292 2637 326 2675 uc
348 2619 495 2676 assentirer
517 2619 642 2676 obstabat
664 2621 738 2693 quod
760 2620 817 2676 aliis
840 2620 867 2675 iu
889 2619 956 2676 locis
979 2620 1041 2676 sinc
1063 2620 1116 2677 ulla
1138 2634 1171 2672 ra·

163 2707 261 2764 notate
290 2721 340 2761 vox
369 2705 462 2761 eadem
484 2707 600 2779 repetita
622 2706 768 2778 legeretur.
813 2705 892 2762 Velut
913 2704 1026 2762 Haeresi
1053 2708 1103 2769 66,
1119 2707 1133 2762 9
1150 2710 1170 2757 et

166 2792 221 2856 28,
245 2789 292 2847 ubi
315 2789 532 2846 Manichaeorum
555 2791 608 2846 hoc
630 2807 691 2847 esse
713 2790 852 2847 decretum
874 2790 987 2854 asserit,
1011 2799 1045 2846 ut
1068 2791 1112 2864 qui
1130 2788 1171 2843 ho·

163 2876 264 2933 minem
294 2875 423 2932 occiderit
446 2869 489 2941 εἰς
516 2873 644 2952 selegeri
666 2877 771 2948 σῶμα,
799 2869 818 2950 ἢ
842 2869 884 2942 εἰς
904 2876 980 2947 μῦν,
1009 2866 1029 2949 ἢ
1054 2871 1097 2943 εἰς
1115 2864 1171 2949 ὄφιν

164 2962 293 3018 transiret
315 2969 378 3033 post
401 2959 514 3017 obitum.
546 2960 665 3016 Tandem
686 2978 749 3017 vero
772 2960 910 3016 aGraccis
933 2960 1000 3033 ipsis
1023 2960 1106 3017 didici
1126 2955 1173 3012 rul-

161 3046 223 3117 gari
246 3045 410 3102 Graecorum
433 3044 568 3102 idiotismo
591 3040 719 3122 κελεφὸν
739 3045 868 3119 appellari
890 3039 943 3102 τὸν
964 3039 1080 3119 λεπρὸν
1096 3055 1172 3101 etut-

164 3124 276 3206 lepiuu
295 3129 406 3202 lepram.
438 3131 496 3198 Qua
517 3130 544 3186 in
566 3129 761 3203 significatione
783 3131 855 3186 vocis
870 3130 1100 3205 acquiescendum
1114 3126 1174 3184 arbi·

163 3222 231 3270 tror.
262 3213 355 3286 Neque
378 3214 448 3269 enim
471 3215 543 3288 apud
564 3216 724 3288 scriptorem
746 3214 831 3271 ullum
854 3232 904 3272 vox
927 3215 995 3271 baec
1017 3232 1031 3271 a
1049 3233 1094 3271 me
1108 3215 1174 3273 tou,

163 3313 215 3356 nec
237 3297 342 3371 uspiam
365 3308 482 3371 reperta.
513 3301 656 3356 Caeterum
678 3301 724 3374 qui
748 3317 763 3356 n
785 3316 862 3356 mure
884 3317 984 3356 araneo
1007 3301 1056 3357 icti
1079 3299 1174 3359 luerint.

161 3382 231 3439 baec
260 3382 330 3455 ipsa,
360 3399 429 3455 quae
459 3396 604 3441 narrantur
625 3384 657 3453 ab
680 3385 847 3458 Epiphanio,
876 3385 992 3458 experiri
1016 3402 1066 3442 eos
1089 3384 1175 3441 author

163 3476 206 3533 est
227 3467 321 3523 Attius
349 3470 453 3532 tull.
485 3469 540 3537 Oui
561 3472 648 3542 igitur
669 3472 706 3525 ab
729 3487 761 3526 eo
782 3470 870 3525 morri
889 3478 963 3533 aunt,
987 3471 1034 3533 ait,
1057 3471 1104 3526 hia
1127 3468 1176 3534 eul-

161 3569 234 3610 uero
254 3552 406 3624 manifesta
427 3556 506 3628 fiuut.
539 3554 705 3629 Quadrifido
727 3556 800 3611 euim
822 3555 921 3611 ordina
936 3556 1059 3610 cuhara
1075 3553 1175 3626 compl·

163 3638 281 3693 cientur.
324 3637 499 3710 iitsanguis
522 3641 631 3711 quidem
649 3641 772 3713 primu-m
791 3656 882 3712 purus
900 3648 1073 3712 promanat,
1094 3639 1174 3713 poulo

160 3729 227 3796 port
246 3739 315 3779 vero
334 3724 476 3780 sonorus.
505 3723 619 3780 Animal
640 3726 713 3781 euim
734 3727 826 3798 ipsum
844 3725 1057 3797 putrefactione
1073 3723 1175 3781 eremit.

112 3804 376 3889 &consueverunt
397 3810 470 3864 orum
492 3809 588 3864 bulloe
610 3826 776 3882 exsurgere,
804 3826 876 3881 quar
896 3811 924 3866 ri
945 3811 1008 3882 pute
1031 3812 1175 3884 demat

164 3909 278 3948 comem
298 3895 489 3954 suotocenrem
507 3893 697 3965 faeculentum
718 3896 824 3951 uidebit
844 3911 896 3968 per
915 3897 1036 3969 &suros
1051 3897 1177 3970 dispcrs-

164 3985 231 4035 tunr.
260 3977 375 4048 lupatio
396 3986 489 4034 auten
509 3980 637 4050 requitur
658 3981 809 4036 demorsos.

163 4118 168 4133 ,
249 4055 285 4122 rd
306 4057 460 4140 δικαίωμα
478 4054 620 4140 ὑπάρχει]
650 4064 813 4123 Hebraicum
835 4074 1094 4133 astronomos,
1117 4079 1176 4121 rou·
