2586 4822
153 786 212 849 170
498 803 576 854 ttnnt
595 803 634 853 nt
652 804 693 854 nn
712 804 824 855 GEMbssS

149 980 202 1018 nus
224 981 242 1019 o
260 961 445 1019 Samaritano
467 978 570 1032 apuam
593 960 634 1014 bi·
678 959 772 1025 ritana,
785 959 879 1017 bibere
894 954 1089 1033 postulabatb,
1110 960 1169 1034 ipse

151 1050 229 1104 bere:
252 1049 312 1120 ipse
326 1047 390 1119 sons
406 1054 529 1109 exstans,
553 1046 633 1100 insto
678 1044 739 1100 sons
762 1045 855 1101 salutis
878 1046 1021 1110 exsistens,
1045 1054 1073 1101 et
1095 1045 1195 1107 iuxtra

147 1142 261 1207 putenm
288 1133 416 1195 sedebat,
447 1139 471 1185 ct
499 1131 636 1203 sotipotns
680 1130 788 1203 quidem
804 1141 916 1203 puteum
932 1131 1011 1194 sedit,
1031 1140 1058 1187 ct
1073 1146 1107 1186 cx
1124 1130 1171 1187 iti·

151 1235 185 1274 ea
199 1219 300 1274 itinere
312 1218 517 1279 inveniebatur,
529 1223 559 1269 ut
571 1232 637 1269 con·
681 1215 753 1271 neris
781 1215 874 1271 labore
900 1215 1027 1289 fatigatus
1050 1224 1109 1279 est,
1139 1226 1171 1273 ut

127 1312 296 1378 nsepnenter
324 1302 470 1374 praesenti
499 1316 633 1362 sermone,
679 1316 849 1373 consequens
878 1300 996 1356 veritatis
1019 1316 1171 1373 argumen-

45 1452 51 1463 ·
149 1388 357 1443 incarnationis
368 1404 422 1441 non
437 1387 635 1440 excedes-etre-
680 1394 736 1441 tum
765 1385 913 1459 corporalis
943 1402 1008 1441 suae
1035 1401 1172 1459 praesen·

149 1475 269 1529 ritatem.
315 1471 360 1539 (Et
389 1480 451 1542 post
476 1468 637 1544 paululum.)
682 1470 734 1526 tiae
757 1487 927 1545 nequaquam
951 1487 1063 1544 prorsus
1087 1486 1173 1527 exee-

149 1558 206 1614 Sed
233 1558 318 1611 etium
346 1557 405 1611 eins
428 1556 574 1627 discipuli,
611 1562 636 1609 et
681 1555 766 1620 deret,
792 1564 840 1611 “ot
857 1554 959 1631 ubique
974 1555 1054 1610 simui
1069 1555 1174 1612 huma·

148 1644 237 1707 serni,
268 1659 286 1696 u
308 1643 407 1714 pnibns
430 1641 538 1712 aliquid
556 1648 634 1711 pote·
678 1656 727 1695 nae
761 1649 890 1707 naturae,
924 1656 1004 1714 quum
1036 1638 1172 1707 condidit,

112 1738 141 1788 10
150 1728 225 1792 bunt,
249 1728 337 1797 napis
360 1727 398 1781 eis
414 1726 528 1788 dobant,
551 1740 633 1797 qnam
677 1725 786 1798 propria
819 1725 929 1799 largiter
961 1725 1032 1781 dona
1064 1742 1173 1783 conee-

150 1814 328 1885 accipiebant
343 1813 379 1867 ob
396 1812 444 1875 eis,
468 1818 494 1866 et
509 1811 635 1881 ottoque·
679 1810 761 1875 dein,
796 1827 868 1866 nunc
901 1827 959 1866 eam
986 1810 1095 1883 quidem
1127 1810 1174 1867 di-

151 1898 354 1970 boturpnidem
363 1894 501 1963 Botion),
516 1896 634 1967 quierat
679 1903 795 1969 guantur
817 1911 966 1961 assumens,
990 1911 1062 1951 nuuc
1088 1897 1171 1953 etiam

149 1986 240 2057 fipnrn
250 1984 367 2055 proprie
375 1981 495 2043 nomint,
504 1988 529 2036 et
540 1996 635 2035 neces·
680 1980 714 2045 id,
739 1980 812 2052 qrood
828 1980 886 2035 oius
903 1990 953 2043 cst,
976 1980 1110 2036 veraciter
1124 1996 1173 2037 as·

150 2070 300 2130 soriornm,
323 2075 454 2138 qnmrtnm
478 2082 547 2137 opos
565 2074 635 2129 erat,
680 2082 789 2130 serens,
814 2082 919 2121 necnon
943 2075 969 2121 ct
992 2082 1086 2121 curam
1111 2066 1198 2123 emsa

114 2154 279 2223 tseripebot
301 2167 475 2205 rrrerssnrom:
500 2151 637 2221 superob-
680 2166 712 2205 ac
726 2150 921 2223 providentiam
936 2151 1050 2224 gurcns''
1059 2143 1081 2206 ¹¹.
1115 2148 1173 2207 Sed

149 2239 290 2292 undanter
305 2244 396 2290 antem
412 2236 538 2307 repiebut
550 2252 637 2307 prae·
682 2243 709 2291 et
745 2234 867 2308 discipuli
910 2236 968 2291 eius
1006 2243 1032 2291 ct
1068 2234 1173 2293 iaunlia

151 2325 256 2377 dentem
267 2322 323 2376 sibi
334 2320 579 2376 borredr'ctionemo
596 2320 636 2375 ci·
680 2319 889 2393 quibuscunque
904 2319 1043 2392 petebant,
1066 2319 1173 2396 aliquid

150 2410 207 2463 duo
227 2416 324 2479 petens
343 2423 456 2479 ponem,
477 2423 531 2477 per
552 2422 634 2459 occu·
680 2404 836 2461 tribuebant
869 2405 910 2461 bis
943 2405 1050 2479 patim,
1086 2422 1172 2479 quam

149 2494 254 2548 sionem
277 2499 369 2547 antem
389 2490 535 2563 petitionis
549 2507 637 2562 proe-
680 2489 833 2545 sumebant.
865 2490 982 2563 idipsum
998 2488 1173 2564 praefigura-

111 2588 228 2639 2⁰stans
251 2578 454 2633 abunduntiam
471 2576 638 2631 benedictio·
681 2574 727 2630 bat
750 2584 777 2631 ct
794 2574 881 2630 Helius
904 2576 930 2630 in
954 2574 1039 2631 forma
1062 2574 1173 2632 Domini

148 2665 208 2728 nis,-
236 2664 278 2717 sic
305 2670 330 2717 et
359 2671 408 2717 tna
429 2661 636 2716 honorabilitas
680 2659 722 2715 sui
738 2659 913 2732 praecedens.
934 2658 1041 2715 Modum
1058 2660 1173 2733 quidem

148 2757 274 2803 nostrum
284 2749 463 2817 exiquitatem
467 2755 566 2817 petens
576 2763 637 2799 orta·
681 2762 849 2800 necessariae
868 2745 906 2800 rei
923 2753 1113 2818 competenter
1128 2746 1173 2803 ei-

148 2834 275 2904 pindos,
298 2848 380 2903 qnam
403 2832 505 2885 onmis:
532 2831 637 2885 submi·
680 2830 813 2903 flagitans,
831 2846 914 2903 super
929 2829 955 2885 id
971 2837 1071 2895 autem,
1096 2832 1174 2904 quod

149 2917 275 2971 nistrons
299 2916 408 2987 quidem
432 2924 480 2970 tna
496 2916 534 2970 od
550 2914 637 2970 Deum
681 2914 865 2971 necessarium
888 2924 945 2971 crat
967 2914 1041 2979 eins,
1072 2916 1119 2989 qui
1142 2916 1173 2972 in

111 3001 300 3075 aspostntotr'o
330 3000 446 3073 onpsort'
474 3007 569 3054 nostro
593 3000 636 3054 in·
679 3016 709 3055 so
725 2998 890 3062 morabatur,
913 3000 1064 3074 largitatem
1081 2999 1173 3057 bene-

149 3087 347 3160 dofim'ontinm,
377 3102 412 3139 er
437 3102 530 3156 porro
549 3102 636 3157 proe-
680 3084 804 3141 dictionis
821 3086 970 3141 insinuans.
999 3085 1051 3153 Qui
1069 3102 1172 3160 panem

235 3202 259 3259 1)
278 3200 308 3251 ili
319 3200 373 3263 Reg.
384 3200 450 3263 xvii,
461 3200 490 3250 tu
500 3214 554 3264 sqq.
657 3201 683 3259 2)
701 3201 766 3250 ioan.
776 3202 811 3263 ii',
820 3202 834 3249 t
844 3215 896 3265 seq.

144 3312 452 3323 ———

150 3371 305 3433 Sinnondus,
329 3371 372 3419 sed
396 3372 474 3419 nriuus
497 3386 564 3433 rere,
590 3386 644 3419 cum
669 3370 715 3419 ium
739 3386 785 3419 non
805 3370 882 3419 solnm
901 3372 1022 3420 Gesnerus
1041 3368 1173 3432 Epitomeu

148 3440 267 3489 laudatum
293 3439 423 3500 edidisset,
448 3439 580 3489 sedetiam
600 3439 720 3500 Petarius,
743 3440 766 3487 in
785 3439 854 3488 cuius
873 3440 941 3488 tituto
960 3439 1057 3488 minime
1077 3440 1173 3489 nudum

149 3517 199 3558 erat
219 3507 315 3557 Diodori
334 3522 429 3568 nomen,
447 3508 648 3571 quemadmodum
667 3508 706 3556 iiie
724 3508 819 3557 censuit
837 3522 864 3557 ex
882 3507 1005 3568 memoris,
1024 3512 1049 3555 ut
1066 3507 1173 3571 videtur,

148 3577 267 3626 scribens.
302 3576 384 3626 Utrum
403 3584 482 3624 autern
502 3576 613 3625 Facundo
632 3577 711 3639 potius
729 3575 839 3625 standum
858 3576 903 3638 sit,
927 3590 957 3625 uu
975 3574 1068 3625 unetori
1087 3574 1174 3638 Epito-

148 3660 213 3707 mcs‚
234 3643 296 3693 baud
316 3643 371 3692 ieris
390 3644 558 3706 disputationis
576 3654 741 3705 argumentum
761 3659 815 3693 csse
833 3651 921 3706 potest.
957 3642 1084 3693 Facundus
1103 3652 1173 3709 post-

148 3728 219 3778 quum
238 3712 363 3775 Epipbunii
383 3712 508 3776 epistolam
527 3712 682 3775 descripserit
700 3714 760 3761 tinec
777 3712 859 3761 subdit
876 3726 924 3761 nou
943 3711 1090 3761 omittenda:
1118 3712 1174 3763 Non

146 3785 213 3848 porri
231 3782 398 3841 irretimini,
417 3783 590 3831 dementissime
607 3785 738 3844 imperetur,
757 3782 792 3830 oet
811 3784 831 3830 si
849 3782 946 3831 otiorum
954 3782 1046 3831 Patron
1062 3784 1173 3832 testimo-

148 3854 188 3901 nio
206 3851 347 3913 defuissent,
371 3849 459 3897 nniiins
483 3858 598 3899 auctorem
615 3850 717 3899 haeresis
736 3851 853 3899 restitisse
869 3850 1009 3910 Diodorum,
1036 3850 1100 3912 quod
1119 3864 1174 3899 οιιιιι

148 3920 305 3983 Epiphanius,
329 3919 365 3966 uir
387 3918 565 3978 sonorissimus,
592 3924 613 3966 et
635 3920 661 3966 in
679 3918 784 3967 doctrino
802 3918 929 3968 ootboiioae
945 3919 999 3980 fidei
1017 3917 1175 3968 tondebiiiter

149 3989 289 4051 diffamatos,
309 4001 355 4034 non
372 3988 528 4034 mernoruoerit
546 3990 606 4035 inter
623 3986 795 4036 honestaretur
814 3992 860 4034 cte.

234 4055 258 4107 n
278 4053 320 4102 nn
337 4054 414 4103 rerbis
433 4052 532 4103 {incolas
551 4052 604 4103 illas
623 4050 652 4115 [“
669 4051 694 4116 ¹⁹]
713 4054 877 4117 apposuimus,
895 4054 1019 4103 utstatim
1037 4062 1175 4116 appareant

149 4136 211 4185 quae
229 4124 344 4186 praeterit
361 4121 488 4173 Facundus
506 4122 685 4172 Heronianensis
703 4122 824 4186 iuquiens,
842 4123 871 4173 n
887 4130 939 4187 post
955 4122 1087 4188 periston.
