2586 4822
488 824 778 875 ustuantenstosss.
1102 811 1142 874 23

118 988 177 1037 etc.
224 978 334 1047 Quieto
354 980 535 1050 generatione
557 982 699 1036 deutooot
721 982 752 1036 iu
773 982 847 1037 serie
867 982 946 1037 Levi.
974 983 1052 1051 Quod
1074 980 1144 1037 adii-

109 1064 251 1121 ·cien‹innr
281 1063 342 1119 ideo
369 1064 434 1128 tuit,
463 1064 525 1138 «piria
548 1063 640 1121 ambas
661 1065 735 1123 inter
755 1084 785 1122 se
807 1065 918 1125 familias
938 1066 1142 1138 permiscuerat.

120 1149 166 1206 Ati
189 1166 307 1221 euntque
329 1150 439 1205 morium
462 1150 621 1224 corrigenda
643 1160 671 1205 et
692 1150 881 1224 iuterpretatio
904 1160 1006 1207 nostra.

212 1234 271 1290 llue
294 1233 336 1289 iliu
360 1234 483 1299 celebris,
507 1243 535 1290 et
557 1253 572 1289 a
595 1235 776 1307 Chronologis
798 1245 888 1291 uexata
911 1236 1033 1307 quaestio
1057 1234 1145 1308 perti·

123 1329 189 1382 rtet,
213 1330 281 1392 quot
303 1336 388 1375 annos
411 1320 438 1375 iu
459 1321 582 1393 Aegypto
605 1318 740 1375 israelitae
763 1320 977 1393 permanseriuta
1008 1337 1087 1392 quam
1109 1337 1144 1375 ue

121 1405 256 1477 attingam
281 1405 332 1460 hoc
354 1404 415 1460 loeo
444 1421 504 1459 eum
528 1421 633 1467 eorum,
656 1421 671 1459 a
693 1403 792 1479 iptihus
815 1415 858 1461 est
884 1414 1005 1470 mactata,
1029 1404 1145 1478 diligen-

123 1490 162 1545 tia
186 1498 214 1544 et
236 1489 327 1562 copia,
352 1498 408 1544 tum
432 1489 555 1544 instituta
578 1498 703 1545 notarum
726 1488 842 1547 brevitas
865 1490 999 1546 hortatur.
1234 1478 1237 1487 ¹

214 1559 251 1648 ἦν
273 1567 306 1628 δὲ
328 1563 394 1629 κατ’
417 1568 511 1629 ἐκεῖνο
533 1574 656 1648 καιροῦ]
679 1574 821 1631 Veteribus
844 1584 906 1631 ante
922 1573 1067 1631 Eusebium
1084 1592 1145 1630 our-

122 1658 208 1715 nibus
237 1659 471 1730 persuasissimum
502 1668 559 1714 erat
581 1659 680 1733 Moysis
709 1650 878 1737 σύγχρονον
899 1660 1027 1716 inachum
1051 1660 1144 1723 inisse,

124 1753 158 1800 nt
181 1743 307 1816 Iosephus,
332 1743 471 1808 Clementi,
495 1744 616 1808 Tatiano,
640 1754 753 1801 caeteris
775 1744 901 1817 denique.
940 1744 1060 1814 Quorum
1083 1745 1147 1817 ‹prri-

124 1829 189 1885 dem
213 1845 333 1884 errorem
356 1828 494 1901 castigavit
509 1827 657 1893 Eusebius,
682 1838 709 1885 et
731 1829 858 1885 inachum
881 1838 944 1886 ante
966 1829 1146 1887 Israelitarum

123 1914 315 1987 migrationem
337 1914 415 1969 antris
437 1912 521 1969 terme
545 1917 604 1971 346
628 1915 749 1970 extitisse
764 1913 866 1971 docuit.
896 1914 984 1982 Quare
999 1915 1146 1971 vehemen-

123 2009 170 2055 ter
197 1998 295 2063 niror,
324 1997 519 2071 Epiphanium,
549 1999 596 2072 qui
618 1999 764 2055 Eusebium
793 1999 820 2055 in
848 1999 989 2063 omnihus,
1021 2016 1090 2072 quae
1112 1998 1145 2055 ad

122 2093 281 2157 temporam
303 2084 435 2140 rationem
451 2083 576 2147 attinent,
600 2092 733 2157 perpetuo
750 2085 882 2159 sequitur,
906 2084 952 2150 ibi,
977 2083 1023 2141 ubi
1037 2085 1146 2140 minime

121 2169 258 2243 oportuit,
281 2167 315 2223 ah
337 2169 395 2223 eius
418 2167 582 2225 authoritate
604 2168 758 2235 descivisse,
780 2186 812 2225 ae
833 2168 925 2225 falsam
941 2164 1068 2226 Vet'erunr
1084 2168 1146 2243 opi-

124 2254 236 2310 nionem
258 2254 363 2309 rerimti
385 2253 555 2326 praetulisse.
588 2254 677 2326 Atqrre
701 2263 845 2310 utrorum
868 2254 959 2310 lnaehi
983 2264 1010 2311 et
1031 2254 1147 2327 Argivo-

123 2355 187 2395 rum
209 2339 287 2411 regni
309 2338 413 2393 initium
438 2346 559 2402 eruatur,
581 2337 663 2395 hrrius
679 2348 797 2395 extrema
814 2349 937 2413 tempora
953 2340 1146 2412 perscrutanda

122 2432 205 2487 sunt,
230 2431 312 2495 utque
334 2423 361 2478 in
384 2423 499 2479 termino
521 2423 612 2496 aliquo
634 2424 793 2497 defigendae
817 2434 858 2480 est
880 2424 996 2497 gratius,
1019 2420 1092 2479 uncie
1114 2422 1147 2478 ad

122 2509 262 2565 anteriora
292 2509 417 2581 progredi
447 2507 534 2564 liceat.
580 2508 653 2564 Duae
681 2509 751 2581 apud
775 2508 921 2565 Eusebium
944 2508 1089 2582 Rynastiae
1119 2508 1146 2562 in

122 2593 248 2651 eiusdem
277 2594 473 2667 propemodum
502 2593 579 2666 regni
608 2594 782 2649 successione
804 2603 959 2667 ponuntur:
987 2593 1146 2666 Argivorum
1236 2602 1241 2611 ·

124 2696 179 2735 nna
201 2679 315 2752 Regum,
339 2678 544 2752 hiyeeuaeorum
567 2678 660 2734 altera.
698 2679 856 2751 Argivorum
880 2678 983 2751 Regum
1006 2678 1091 2733 series
1113 2675 1146 2731 ab

125 2765 227 2821 inacho
251 2772 346 2835 coepta
369 2763 402 2818 ati
423 2763 555 2819 Acrisium
578 2779 666 2836 usque
689 2762 819 2836 perdocta
843 2771 899 2827 est;
931 2778 1083 2834 quanquam
1103 2760 1149 2816 ln·

122 2850 186 2905 achi
220 2848 334 2920 stirpem
362 2865 393 2903 ae
420 2847 545 2903 familiam
573 2846 720 2903 Sthenelus
749 2847 863 2903 clandit:
896 2862 950 2920 quo
984 2855 1092 2902 mortuo
1121 2846 1149 2900 in

122 2934 247 2989 Ranaurn
276 2933 448 3005 peregrinum
476 2942 557 3005 atque
580 2932 741 3006 Aegyptium
769 2934 811 2988 ius
845 2940 887 2988 est
914 2931 947 2987 ab
969 2926 1149 3004 Argivis'im-

124 3019 194 3093 perii
217 3017 387 3075 translatum.
418 3017 550 3090 Rcineeps
572 3018 694 3074 aitauao
717 3017 749 3072 ad
765 3016 898 3073 Acrisium
921 3025 1068 3091 propagata
1084 3033 1149 3072 soe-

123 3102 215 3161 cessio
240 3112 290 3158 est.
332 3102 416 3170 Queru
439 3119 500 3159 eunt
522 3103 639 3159 Perseus
663 3118 749 3176 nepos
772 3119 822 3175 per
843 3100 1050 3176 imprudentiam
1075 3101 1149 3157 oeci-

125 3189 221 3253 esset,
246 3186 370 3261 tipeerras
392 3204 453 3243 sese
475 3187 599 3252 eontulit,
623 3186 669 3243 triti
692 3186 733 3243 rel
756 3185 789 3242 ab
812 3186 882 3260 ipso,
906 3186 947 3242 vel
969 3185 1003 3242 ab
1020 3186 1078 3242 eius
1094 3184 1148 3241 tilio

126 3271 260 3330 Sthenelo
290 3273 474 3328 continuatum
504 3281 545 3328 est
573 3272 732 3345 Argivorrim
761 3288 890 3345 regnum,
920 3279 948 3328 et
976 3269 1148 3345 Mycenaeum

128 3357 302 3431 appeliatum.
349 3356 462 3413 Ultimus
484 3357 586 3430 Regum
615 3358 746 3423 istorum,
775 3357 852 3413 cuius
879 3355 988 3429 quidem
1017 3355 1148 3412 rationem

130 3442 265 3499 Eusebius
288 3441 400 3506 habeat,
423 3446 608 3515 Agamemnon
629 3442 695 3497 tuit:
724 3459 780 3514 quo
803 3442 967 3514 interempto
989 3439 1150 3514 Mycenaeo·

130 3544 190 3583 nrm
213 3544 328 3600 regnum
352 3527 378 3581 iu
402 3527 521 3583 seeundo
538 3527 672 3583 Chronico
697 3527 856 3583 terminatur
878 3543 949 3582 auno
965 3525 1070 3589 eodem,
1094 3541 1149 3599 qno

128 3612 263 3670 excidium
288 3611 431 3667 Troianum
454 3612 558 3668 accidit.
604 3611 669 3666 Vide
691 3612 850 3667 Pausaniam
873 3611 1061 3667 Corinthiacis.
1095 3610 1148 3665 ianr

128 3698 300 3770 Argiuorum,
324 3696 584 3770 Mycenaeorururpue
607 3696 710 3769 Regum
734 3696 886 3760 suecessm,
911 3696 1028 3770 annique
1051 3694 1149 3768 quibus

125 3783 314 3855 imperarunt,
344 3782 415 3837 varie
442 3780 476 3837 ab
509 3779 626 3837 Eusebio
660 3780 805 3837 trathrntur
828 3781 858 3851 iu
882 3787 1000 3852 timeque
1024 3778 1148 3836 chronic.
1164 3781 1190 3830 16

125 3867 144 3923 1.
164 3868 218 3925 20.
248 3866 314 3921 R'am
336 3866 363 3921 iu
386 3866 538 3939 posteriore
560 3866 593 3922 ab
617 3866 727 3922 exordio
751 3865 840 3922 inachi
863 3865 896 3921 ari
910 3865 1052 3922 Troianam
1068 3852 1151 3929 ἅλῳ-

123 3968 176 4011 σιν
205 3951 270 4007 anni
298 3961 476 4008 numerantur
499 3953 570 4015 675,
600 3951 626 4006 in
656 3951 739 4025 priori
764 3954 834 4008 655.
880 3950 1034 4007 Secundum
1056 3956 1152 4021 poste-

127 4036 215 4095 rioris
239 4035 311 4093 Libri
339 4035 493 4101 ratiocinia,
522 4053 603 4109 quern
626 4037 770 4109 praecipue
792 4037 946 4108 sequiruur,
975 4050 1036 4091 euni
1059 4032 1154 4087 Troia-

127 4139 196 4179 num
221 4121 354 4177 excidium
376 4130 509 4196 congruat
531 4139 602 4178 anno
624 4122 732 4178 Periodi
755 4121 803 4177 lui.
829 4123 921 4184 3530,
945 4118 1035 4174 biturdi
1059 4118 1152 4182 2500,
