<?xml version="1.0" encoding="UTF-8"?>
<!DOCTYPE html PUBLIC "-//W3C//DTD XHTML 1.0 Transitional//EN"
    "http://www.w3.org/TR/xhtml1/DTD/xhtml1-transitional.dtd">
<html xmlns="http://www.w3.org/1999/xhtml" xml:lang="en" lang="en">
 <head>
  <title>
</title>
<meta http-equiv="Content-Type" content="text/html;charset=utf-8" />
  <meta name='ocr-system' content='tesseract 3.04.00' />
  <meta name='ocr-capabilities' content='ocr_page ocr_carea ocr_par ocr_line ocrx_word'/>
</head>
<body>
  <div class='ocr_page' id='page_1' title='image "./opera02dindgoog_0598.png"; bbox 0 0 2586 4822; ppageno 0'>
   <div class='ocr_carea' id='block_1_1' title="bbox 150 704 719 769">
    <p class='ocr_par' dir='ltr' id='par_1_1' title="bbox 150 704 719 769">
     <span class='ocr_line' id='line_1_1' title="bbox 150 704 719 769; baseline -0.004 -1"><span class='ocrx_word' id='word_1_1' title='bbox 150 704 218 769; x_wconf 72' lang='grc'>’116</span> <span class='ocrx_word' id='word_1_2' title='bbox 606 716 719 769; x_wconf 80' lang='lat' dir='ltr'>emata</span> 
     </span>
    </p>
   </div>
   <div class='ocr_carea' id='block_1_2' title="bbox 57 869 1200 4091">
    <p class='ocr_par' dir='ltr' id='par_1_2' title="bbox 57 869 1200 4091">
     <span class='ocr_line' id='line_1_2' title="bbox 151 869 1177 944; baseline -0.008 -10"><span class='ocrx_word' id='word_1_3' title='bbox 151 887 195 934; x_wconf 85' lang='lat' dir='ltr'>est</span> <span class='ocrx_word' id='word_1_4' title='bbox 215 876 359 941; x_wconf 76' lang='lat' dir='ltr'>matellae,</span> <span class='ocrx_word' id='word_1_5' title='bbox 382 873 423 930; x_wconf 82' lang='lat' dir='ltr'>vel</span> <span class='ocrx_word' id='word_1_6' title='bbox 445 870 550 931; x_wconf 71' lang='lat' dir='ltr'>coloten</span> <span class='ocrx_word' id='word_1_7' title='bbox 571 875 743 930; x_wconf 76' lang='lat' dir='ltr'>nolentatie:</span> <span class='ocrx_word' id='word_1_8' title='bbox 765 889 798 929; x_wconf 82' lang='lat' dir='ltr'>en</span> <span class='ocrx_word' id='word_1_9' title='bbox 819 888 852 928; x_wconf 88' lang='lat' dir='ltr'>eo</span> <span class='ocrx_word' id='word_1_10' title='bbox 874 869 998 935; x_wconf 63' lang='lat' dir='ltr'>undeet,</span> <span class='ocrx_word' id='word_1_11' title='bbox 1014 869 1092 944; x_wconf 87' lang='lat' dir='ltr'>quod</span> <span class='ocrx_word' id='word_1_12' title='bbox 1105 871 1177 927; x_wconf 55' lang='lat' dir='ltr'>indi</span> 
     </span>
     <span class='ocr_line' id='line_1_3' title="bbox 150 954 1175 1037; baseline -0.006 -19"><span class='ocrx_word' id='word_1_13' title='bbox 150 970 192 1018; x_wconf 82' lang='lat' dir='ltr'>tes</span> <span class='ocrx_word' id='word_1_14' title='bbox 222 961 321 1037; x_wconf 87' lang='lat' dir='ltr'>aliique</span> <span class='ocrx_word' id='word_1_15' title='bbox 349 968 517 1017; x_wconf 81' lang='lat' dir='ltr'>sacramento</span> <span class='ocrx_word' id='word_1_16' title='bbox 547 977 578 1016; x_wconf 88' lang='lat' dir='ltr'>se</span> <span class='ocrx_word' id='word_1_17' title='bbox 601 959 718 1032; x_wconf 79' lang='lat' dir='ltr'>Principi</span> <span class='ocrx_word' id='word_1_18' title='bbox 746 957 919 1030; x_wconf 74' lang='lat' dir='ltr'>obstringant</span> <span class='ocrx_word' id='word_1_19' title='bbox 948 973 982 1012; x_wconf 84' lang='lat' dir='ltr'>ao</span> <span class='ocrx_word' id='word_1_20' title='bbox 1015 954 1175 1013; x_wconf 77' lang='lat' dir='ltr'>devoveant</span> 
     </span>
     <span class='ocr_line' id='line_1_4' title="bbox 151 1040 1176 1120; baseline -0.007 -17"><span class='ocrx_word' id='word_1_21' title='bbox 151 1047 180 1103; x_wconf 90' lang='lat' dir='ltr'>ln</span> <span class='ocrx_word' id='word_1_22' title='bbox 204 1064 270 1120; x_wconf 92' lang='lat' dir='ltr'>quo</span> <span class='ocrx_word' id='word_1_23' title='bbox 281 1046 349 1102; x_wconf 87' lang='lat' dir='ltr'>alius</span> <span class='ocrx_word' id='word_1_24' title='bbox 373 1045 471 1102; x_wconf 87' lang='lat' dir='ltr'>Saldae</span> <span class='ocrx_word' id='word_1_25' title='bbox 493 1062 572 1101; x_wconf 89' lang='lat' dir='ltr'>error</span> <span class='ocrx_word' id='word_1_26' title='bbox 593 1043 720 1108; x_wconf 82' lang='lat' dir='ltr'>occurrit,</span> <span class='ocrx_word' id='word_1_27' title='bbox 748 1043 794 1117; x_wconf 85' lang='lat' dir='ltr'>qui</span> <span class='ocrx_word' id='word_1_28' title='bbox 815 1041 887 1116; x_wconf 88' lang='lat' dir='ltr'>apud</span> <span class='ocrx_word' id='word_1_29' title='bbox 909 1040 1097 1098; x_wconf 80' lang='lat' dir='ltr'>Herodianum</span> <span class='ocrx_word' id='word_1_30' title='bbox 1121 1059 1176 1097; x_wconf 81' lang='lat' dir='ltr'>xn-</span> 
     </span>
     <span class='ocr_line' id='line_1_5' title="bbox 150 1125 1173 1232; baseline -0.005 -45"><span class='ocrx_word' id='word_1_31' title='bbox 150 1125 356 1232; x_wconf 64' lang='lat' dir='ltr'>doatodpearog</span> <span class='ocrx_word' id='word_1_32' title='bbox 377 1132 573 1203; x_wconf 79' lang='lat' dir='ltr'>interpretatur</span> <span class='ocrx_word' id='word_1_33' title='bbox 594 1127 809 1230; x_wconf 69' lang='lat' dir='ltr'>nlnpopopair.</span> <span class='ocrx_word' id='word_1_34' title='bbox 840 1126 987 1182; x_wconf 83' lang='lat' dir='ltr'>Herodiani</span> <span class='ocrx_word' id='word_1_35' title='bbox 997 1126 1087 1181; x_wconf 81' lang='lat' dir='ltr'>verba</span> <span class='ocrx_word' id='word_1_36' title='bbox 1101 1137 1173 1190; x_wconf 89' lang='lat' dir='ltr'>sunt,</span> 
     </span>
     <span class='ocr_line' id='line_1_6' title="bbox 152 1205 1175 1313; baseline -0.006 -40"><span class='ocrx_word' id='word_1_37' title='bbox 152 1209 169 1273; x_wconf 81' lang='grc' dir='ltr'>ὁ</span> <span class='ocrx_word' id='word_1_38' title='bbox 193 1210 267 1273; x_wconf 76' lang='lat' dir='ltr'>di’</span> <span class='ocrx_word' id='word_1_39' title='bbox 249 1209 464 1292; x_wconf 74' lang='grc' dir='ltr'>αγανακτήσας</span> <span class='ocrx_word' id='word_1_40' title='bbox 486 1210 532 1271; x_wconf 77' lang='lat' dir='ltr'>lut</span> <span class='ocrx_word' id='word_1_41' title='bbox 550 1216 589 1291; x_wconf 80' lang='grc' dir='ltr'>τῇ</span> <span class='ocrx_word' id='word_1_42' title='bbox 604 1216 658 1288; x_wconf 79' lang='grc' dir='ltr'>τῆς</span> <span class='ocrx_word' id='word_1_43' title='bbox 673 1207 769 1291; x_wconf 74' lang='grc' dir='ltr'><em>ἀρχῆς</em></span> <span class='ocrx_word' id='word_1_44' title='bbox 783 1205 964 1313; x_wconf 78' lang='grc' dir='ltr'><strong><em>παραλύσει,</em></strong></span> <span class='ocrx_word' id='word_1_45' title='bbox 988 1231 1031 1291; x_wconf 83' lang='grc' dir='ltr'>τῳ</span> <span class='ocrx_word' id='word_1_46' title='bbox 1050 1229 1082 1267; x_wconf 80' lang='grc' dir='ltr'>τε</span> <span class='ocrx_word' id='word_1_47' title='bbox 1099 1208 1175 1268; x_wconf 82' lang='lat' dir='ltr'>Mn-</span> 
     </span>
     <span class='ocr_line' id='line_1_7' title="bbox 152 1281 1176 1395; baseline 0 -41"><span class='ocrx_word' id='word_1_48' title='bbox 152 1295 260 1380; x_wconf 66' lang='grc' dir='ltr'><em>ξιμίνῳ</em></span> <span class='ocrx_word' id='word_1_49' title='bbox 276 1293 526 1395; x_wconf 68' lang='lat' dir='ltr'>undooeoaipevoe,</span> <span class='ocrx_word' id='word_1_50' title='bbox 549 1293 703 1374; x_wconf 70' lang='grc' dir='ltr'><strong><em>ἀθροισας</em></strong></span> <span class='ocrx_word' id='word_1_51' title='bbox 717 1290 850 1374; x_wconf 83' lang='grc' dir='ltr'><strong><em>στρατὸν</em></strong></span> <span class='ocrx_word' id='word_1_52' title='bbox 863 1281 934 1372; x_wconf 78' lang='grc' dir='ltr'>ἦγεν</span> <span class='ocrx_word' id='word_1_53' title='bbox 948 1292 998 1353; x_wconf 66' lang='lat' dir='ltr'>dut</span> <span class='ocrx_word' id='word_1_54' title='bbox 1014 1291 1074 1371; x_wconf 77' lang='grc' dir='ltr'>τὴν</span> <span class='ocrx_word' id='word_1_55' title='bbox 1089 1293 1176 1373; x_wconf 80' lang='lat' dir='ltr'>Kap-</span> 
     </span>
     <span class='ocr_line' id='line_1_8' title="bbox 57 1359 1175 1460; baseline 0 -22"><span class='ocrx_word' id='word_1_56' title='bbox 57 1426 62 1438; x_wconf 89' lang='lat'><em>.</em></span> <span class='ocrx_word' id='word_1_57' title='bbox 147 1359 278 1460; x_wconf 68' lang='lat' dir='ltr'>maldra.</span> <span class='ocrx_word' id='word_1_58' title='bbox 322 1385 410 1453; x_wconf 80' lang='lat' dir='ltr'>Quo</span> <span class='ocrx_word' id='word_1_59' title='bbox 403 1402 429 1440; x_wconf 89' lang='lat' dir='ltr'>m</span> <span class='ocrx_word' id='word_1_60' title='bbox 453 1384 514 1439; x_wconf 91' lang='lat' dir='ltr'>loco</span> <span class='ocrx_word' id='word_1_61' title='bbox 538 1378 781 1456; x_wconf 71' lang='grc' dir='ltr'><strong><em>καθοσιούμενος</em></strong></span> <span class='ocrx_word' id='word_1_62' title='bbox 803 1391 844 1439; x_wconf 86' lang='lat' dir='ltr'>est</span> <span class='ocrx_word' id='word_1_63' title='bbox 866 1383 991 1446; x_wconf 63' lang='lat' dir='ltr'>matur,</span> <span class='ocrx_word' id='word_1_64' title='bbox 1016 1384 1175 1439; x_wconf 70' lang='lat' dir='ltr'>adstrictae.</span> 
     </span>
     <span class='ocr_line' id='line_1_9' title="bbox 152 1465 1176 1542; baseline -0.003 -16"><span class='ocrx_word' id='word_1_65' title='bbox 152 1468 297 1527; x_wconf 86' lang='lat' dir='ltr'>Praeterea</span> <span class='ocrx_word' id='word_1_66' title='bbox 319 1465 517 1538; x_wconf 68' lang='lat' dir='ltr'>undooltooic,</span> <span class='ocrx_word' id='word_1_67' title='bbox 541 1479 571 1524; x_wconf 94' lang='lat' dir='ltr'>ut</span> <span class='ocrx_word' id='word_1_68' title='bbox 594 1471 700 1542; x_wconf 84' lang='lat' dir='ltr'>opinor,</span> <span class='ocrx_word' id='word_1_69' title='bbox 724 1469 751 1523; x_wconf 91' lang='lat' dir='ltr'>in</span> <span class='ocrx_word' id='word_1_70' title='bbox 774 1466 880 1542; x_wconf 74' lang='lat' dir='ltr'>legibus</span> <span class='ocrx_word' id='word_1_71' title='bbox 904 1468 976 1523; x_wconf 86' lang='lat' dir='ltr'>idem</span> <span class='ocrx_word' id='word_1_72' title='bbox 1000 1476 1044 1523; x_wconf 86' lang='lat' dir='ltr'>est</span> <span class='ocrx_word' id='word_1_73' title='bbox 1067 1485 1099 1525; x_wconf 85' lang='lat' dir='ltr'>ac</span> <span class='ocrx_word' id='word_1_74' title='bbox 1114 1484 1176 1523; x_wconf 81' lang='lat' dir='ltr'>san-</span> 
     </span>
     <span class='ocr_line' id='line_1_10' title="bbox 152 1552 1175 1628; baseline -0.003 -17"><span class='ocrx_word' id='word_1_75' title='bbox 152 1555 222 1611; x_wconf 88' lang='lat' dir='ltr'>ctio:</span> <span class='ocrx_word' id='word_1_76' title='bbox 246 1555 299 1611; x_wconf 87' lang='lat' dir='ltr'>hoe</span> <span class='ocrx_word' id='word_1_77' title='bbox 323 1563 365 1611; x_wconf 87' lang='lat' dir='ltr'>est</span> <span class='ocrx_word' id='word_1_78' title='bbox 386 1571 491 1628; x_wconf 89' lang='lat' dir='ltr'>poenae</span> <span class='ocrx_word' id='word_1_79' title='bbox 514 1555 683 1610; x_wconf 85' lang='lat' dir='ltr'>constitutio.</span> <span class='ocrx_word' id='word_1_80' title='bbox 724 1553 888 1609; x_wconf 89' lang='lat' dir='ltr'>lastinianus</span> <span class='ocrx_word' id='word_1_81' title='bbox 911 1552 1000 1608; x_wconf 87' lang='lat' dir='ltr'>lnstit.</span> <span class='ocrx_word' id='word_1_82' title='bbox 1019 1554 1048 1614; x_wconf 82' lang='lat'>2,</span> <span class='ocrx_word' id='word_1_83' title='bbox 1062 1556 1088 1610; x_wconf 89' lang='lat' dir='ltr'>l.</span> <span class='ocrx_word' id='word_1_84' title='bbox 1111 1553 1175 1616; x_wconf 77' lang='lat' dir='ltr'>ldeo</span> 
     </span>
     <span class='ocr_line' id='line_1_11' title="bbox 80 1638 1174 1717; baseline -0.003 -22"><span class='ocrx_word' id='word_1_85' title='bbox 80 1712 83 1717; x_wconf 81' lang='lat'><strong>.</strong></span> <span class='ocrx_word' id='word_1_86' title='bbox 153 1647 249 1696; x_wconf 78' lang='lat' dir='ltr'>autent</span> <span class='ocrx_word' id='word_1_87' title='bbox 274 1656 370 1695; x_wconf 82' lang='lat' dir='ltr'>muros</span> <span class='ocrx_word' id='word_1_88' title='bbox 391 1647 504 1695; x_wconf 77' lang='lat' dir='ltr'>sanctos</span> <span class='ocrx_word' id='word_1_89' title='bbox 527 1640 660 1705; x_wconf 75' lang='lat' dir='ltr'>dicimos,</span> <span class='ocrx_word' id='word_1_90' title='bbox 689 1640 758 1711; x_wconf 79' lang='lat' dir='ltr'>qnia</span> <span class='ocrx_word' id='word_1_91' title='bbox 779 1654 873 1711; x_wconf 88' lang='lat' dir='ltr'>poena</span> <span class='ocrx_word' id='word_1_92' title='bbox 894 1638 1000 1710; x_wconf 69' lang='lat' dir='ltr'>eapitis</span> <span class='ocrx_word' id='word_1_93' title='bbox 1023 1640 1174 1693; x_wconf 73' lang='lat' dir='ltr'>eonontnta</span> 
     </span>
     <span class='ocr_line' id='line_1_12' title="bbox 111 1722 1172 1798; baseline -0.001 -18"><span class='ocrx_word' id='word_1_94' title='bbox 111 1726 190 1782; x_wconf 78' lang='lat' dir='ltr'>eooit</span> <span class='ocrx_word' id='word_1_95' title='bbox 211 1726 243 1780; x_wconf 83' lang='lat' dir='ltr'>ln</span> <span class='ocrx_word' id='word_1_96' title='bbox 265 1742 327 1790; x_wconf 79' lang='lat' dir='ltr'>eos,</span> <span class='ocrx_word' id='word_1_97' title='bbox 350 1726 401 1798; x_wconf 81' lang='lat' dir='ltr'>qni</span> <span class='ocrx_word' id='word_1_98' title='bbox 423 1725 533 1798; x_wconf 78' lang='lat' dir='ltr'>aliquid</span> <span class='ocrx_word' id='word_1_99' title='bbox 553 1726 585 1779; x_wconf 82' lang='lat' dir='ltr'>in</span> <span class='ocrx_word' id='word_1_100' title='bbox 606 1740 700 1779; x_wconf 78' lang='lat' dir='ltr'>moros</span> <span class='ocrx_word' id='word_1_101' title='bbox 724 1724 900 1796; x_wconf 77' lang='lat' dir='ltr'>deliquerint.</span> <span class='ocrx_word' id='word_1_102' title='bbox 946 1722 1012 1778; x_wconf 87' lang='lat' dir='ltr'>ldeo</span> <span class='ocrx_word' id='word_1_103' title='bbox 1036 1733 1065 1778; x_wconf 84' lang='lat' dir='ltr'>et</span> <span class='ocrx_word' id='word_1_104' title='bbox 1085 1723 1172 1797; x_wconf 74' lang='lat' dir='ltr'>tegna</span> 
     </span>
     <span class='ocr_line' id='line_1_13' title="bbox 153 1810 1174 1884; baseline -0.002 -17"><span class='ocrx_word' id='word_1_105' title='bbox 153 1826 198 1867; x_wconf 83' lang='lat' dir='ltr'>eas</span> <span class='ocrx_word' id='word_1_106' title='bbox 221 1819 321 1883; x_wconf 82' lang='lat' dir='ltr'>partes,</span> <span class='ocrx_word' id='word_1_107' title='bbox 344 1813 445 1884; x_wconf 80' lang='lat' dir='ltr'>quidne</span> <span class='ocrx_word' id='word_1_108' title='bbox 464 1827 574 1883; x_wconf 79' lang='lat' dir='ltr'>poenos</span> <span class='ocrx_word' id='word_1_109' title='bbox 597 1810 789 1865; x_wconf 75' lang='lat' dir='ltr'>constituimur</span> <span class='ocrx_word' id='word_1_110' title='bbox 809 1810 946 1864; x_wconf 77' lang='lat' dir='ltr'>adversat</span> <span class='ocrx_word' id='word_1_111' title='bbox 962 1824 1021 1871; x_wconf 77' lang='lat' dir='ltr'>eos,</span> <span class='ocrx_word' id='word_1_112' title='bbox 1045 1810 1093 1880; x_wconf 76' lang='lat' dir='ltr'>qni</span> <span class='ocrx_word' id='word_1_113' title='bbox 1106 1824 1174 1865; x_wconf 81' lang='lat' dir='ltr'>ron·</span> 
     </span>
     <span class='ocr_line' id='line_1_14' title="bbox 154 1891 1176 1967; baseline -0.002 -16"><span class='ocrx_word' id='word_1_114' title='bbox 154 1902 199 1951; x_wconf 86' lang='lat' dir='ltr'>tro</span> <span class='ocrx_word' id='word_1_115' title='bbox 222 1897 296 1967; x_wconf 78' lang='lat' dir='ltr'>lepos</span> <span class='ocrx_word' id='word_1_116' title='bbox 317 1896 444 1967; x_wconf 73' lang='lat' dir='ltr'>sederint,</span> <span class='ocrx_word' id='word_1_117' title='bbox 468 1897 628 1950; x_wconf 74' lang='lat' dir='ltr'>sanctiones</span> <span class='ocrx_word' id='word_1_118' title='bbox 650 1910 792 1949; x_wconf 76' lang='lat' dir='ltr'>vocamus.</span> <span class='ocrx_word' id='word_1_119' title='bbox 823 1893 860 1948; x_wconf 82' lang='lat' dir='ltr'>Ex</span> <span class='ocrx_word' id='word_1_120' title='bbox 883 1892 914 1947; x_wconf 86' lang='lat' dir='ltr'>iis</span> <span class='ocrx_word' id='word_1_121' title='bbox 933 1891 1105 1965; x_wconf 75' lang='lat' dir='ltr'><strong>Epiphanius</strong></span> <span class='ocrx_word' id='word_1_122' title='bbox 1125 1910 1176 1949; x_wconf 90' lang='lat' dir='ltr'>no-</span> 
     </span>
     <span class='ocr_line' id='line_1_15' title="bbox 153 1970 1176 2052; baseline 0 -17"><span class='ocrx_word' id='word_1_123' title='bbox 153 1990 211 2036; x_wconf 81' lang='lat' dir='ltr'>ster</span> <span class='ocrx_word' id='word_1_124' title='bbox 233 1981 361 2036; x_wconf 88' lang='lat' dir='ltr'>illustrari</span> <span class='ocrx_word' id='word_1_125' title='bbox 384 1989 483 2052; x_wconf 84' lang='lat' dir='ltr'>potest.</span> <span class='ocrx_word' id='word_1_126' title='bbox 508 1979 577 2051; x_wconf 89' lang='lat' dir='ltr'>apud</span> <span class='ocrx_word' id='word_1_127' title='bbox 601 1995 682 2052; x_wconf 86' lang='lat' dir='ltr'>quem</span> <span class='ocrx_word' id='word_1_128' title='bbox 706 1996 754 2051; x_wconf 87' lang='lat' dir='ltr'>pro</span> <span class='ocrx_word' id='word_1_129' title='bbox 777 1970 834 2032; x_wconf 76' lang='grc' dir='ltr'>οὐκ</span> <span class='ocrx_word' id='word_1_130' title='bbox 856 1970 1038 2034; x_wconf 68' lang='grc' dir='ltr'><strong><em>ἀθοσιώτου</em></strong></span> <span class='ocrx_word' id='word_1_131' title='bbox 1054 1980 1176 2052; x_wconf 72' lang='lat' dir='ltr'>suspica-</span> 
     </span>
     <span class='ocr_line' id='line_1_16' title="bbox 152 2055 1173 2144; baseline -0.001 -24"><span class='ocrx_word' id='word_1_132' title='bbox 152 2080 215 2121; x_wconf 86' lang='lat' dir='ltr'>mur</span> <span class='ocrx_word' id='word_1_133' title='bbox 230 2064 374 2136; x_wconf 81' lang='lat' dir='ltr'>legendum</span> <span class='ocrx_word' id='word_1_134' title='bbox 391 2058 632 2120; x_wconf 72' lang='lat' dir='ltr'>ednollooadrov.</span> <span class='ocrx_word' id='word_1_135' title='bbox 650 2064 705 2119; x_wconf 76' lang='lat' dir='ltr'>linit</span> <span class='ocrx_word' id='word_1_136' title='bbox 721 2073 812 2120; x_wconf 90' lang='lat' dir='ltr'>autem</span> <span class='ocrx_word' id='word_1_137' title='bbox 828 2055 1063 2129; x_wconf 68' lang='grc' dir='ltr'>εὐκαθοσίωτος</span> <span class='ocrx_word' id='word_1_138' title='bbox 1077 2056 1173 2144; x_wconf 68' lang='grc' dir='ltr'>νόμτς,</span> 
     </span>
     <span class='ocr_line' id='line_1_17' title="bbox 152 2147 1171 2222; baseline -0.004 -17"><span class='ocrx_word' id='word_1_139' title='bbox 152 2149 231 2205; x_wconf 88' lang='lat' dir='ltr'>cuius</span> <span class='ocrx_word' id='word_1_140' title='bbox 253 2149 357 2220; x_wconf 83' lang='lat' dir='ltr'>integra</span> <span class='ocrx_word' id='word_1_141' title='bbox 381 2149 483 2203; x_wconf 83' lang='lat' dir='ltr'>sanctio</span> <span class='ocrx_word' id='word_1_142' title='bbox 507 2159 606 2213; x_wconf 78' lang='lat' dir='ltr'>innuet,</span> <span class='ocrx_word' id='word_1_143' title='bbox 630 2164 755 2222; x_wconf 88' lang='lat' dir='ltr'>quaeque</span> <span class='ocrx_word' id='word_1_144' title='bbox 777 2165 865 2222; x_wconf 89' lang='lat' dir='ltr'>poena</span> <span class='ocrx_word' id='word_1_145' title='bbox 881 2147 1032 2203; x_wconf 78' lang='lat' dir='ltr'>etiamnum</span> <span class='ocrx_word' id='word_1_146' title='bbox 1047 2151 1171 2205; x_wconf 79' lang='lat' dir='ltr'>sancitur.</span> 
     </span>
     <span class='ocr_line' id='line_1_18' title="bbox 152 2226 1171 2307; baseline 0 -19"><span class='ocrx_word' id='word_1_147' title='bbox 152 2232 208 2288; x_wconf 83' lang='lat' dir='ltr'>Nisi</span> <span class='ocrx_word' id='word_1_148' title='bbox 230 2232 300 2287; x_wconf 84' lang='lat' dir='ltr'>lorte</span> <span class='ocrx_word' id='word_1_149' title='bbox 323 2234 411 2305; x_wconf 87' lang='lat' dir='ltr'>aptius</span> <span class='ocrx_word' id='word_1_150' title='bbox 435 2234 469 2287; x_wconf 90' lang='lat' dir='ltr'>sit</span> <span class='ocrx_word' id='word_1_151' title='bbox 491 2226 547 2287; x_wconf 78' lang='grc' dir='ltr'>οὐκ</span> <span class='ocrx_word' id='word_1_152' title='bbox 570 2227 804 2302; x_wconf 61' lang='lat' dir='ltr'>cinnamomo,</span> <span class='ocrx_word' id='word_1_153' title='bbox 827 2233 901 2307; x_wconf 86' lang='lat' dir='ltr'>qnod</span> <span class='ocrx_word' id='word_1_154' title='bbox 924 2235 1045 2289; x_wconf 87' lang='lat' dir='ltr'>eundem</span> <span class='ocrx_word' id='word_1_155' title='bbox 1068 2249 1171 2289; x_wconf 82' lang='lat' dir='ltr'>sensum</span> 
     </span>
     <span class='ocr_line' id='line_1_19' title="bbox 152 2311 1171 2391; baseline 0.001 -18"><span class='ocrx_word' id='word_1_156' title='bbox 152 2316 244 2373; x_wconf 84' lang='lat' dir='ltr'>habet.</span> <span class='ocrx_word' id='word_1_157' title='bbox 290 2316 406 2373; x_wconf 80' lang='lat' dir='ltr'>Tametsi</span> <span class='ocrx_word' id='word_1_158' title='bbox 430 2311 646 2384; x_wconf 67' lang='grc' dir='ltr'><strong><em>ἀκαθοσίωτος</em></strong></span> <span class='ocrx_word' id='word_1_159' title='bbox 667 2319 744 2375; x_wconf 85' lang='lat' dir='ltr'>aliter</span> <span class='ocrx_word' id='word_1_160' title='bbox 765 2327 914 2391; x_wconf 83' lang='lat' dir='ltr'>usurpatur</span> <span class='ocrx_word' id='word_1_161' title='bbox 935 2317 969 2372; x_wconf 91' lang='lat' dir='ltr'>ab</span> <span class='ocrx_word' id='word_1_162' title='bbox 994 2320 1093 2374; x_wconf 89' lang='lat' dir='ltr'>eodem</span> <span class='ocrx_word' id='word_1_163' title='bbox 1115 2318 1171 2390; x_wconf 73' lang='lat' dir='ltr'>Epi·</span> 
     </span>
     <span class='ocr_line' id='line_1_20' title="bbox 153 2402 1171 2475; baseline 0.002 -19"><span class='ocrx_word' id='word_1_164' title='bbox 153 2402 254 2475; x_wconf 86' lang='lat' dir='ltr'>phanio</span> <span class='ocrx_word' id='word_1_165' title='bbox 277 2403 304 2457; x_wconf 92' lang='lat' dir='ltr'>in</span> <span class='ocrx_word' id='word_1_166' title='bbox 328 2402 503 2458; x_wconf 69' lang='lat' dir='ltr'>Callani-orum</span> <span class='ocrx_word' id='word_1_167' title='bbox 517 2403 595 2458; x_wconf 87' lang='lat' dir='ltr'>llaer.</span> <span class='ocrx_word' id='word_1_168' title='bbox 615 2408 663 2468; x_wconf 82' lang='lat'>59,</span> <span class='ocrx_word' id='word_1_169' title='bbox 683 2408 710 2468; x_wconf 88' lang='grc'>3,</span> <span class='ocrx_word' id='word_1_170' title='bbox 733 2402 781 2458; x_wconf 93' lang='lat' dir='ltr'>ubi</span> <span class='ocrx_word' id='word_1_171' title='bbox 803 2403 926 2475; x_wconf 81' lang='lat' dir='ltr'>distringi</span> <span class='ocrx_word' id='word_1_172' title='bbox 948 2402 1069 2474; x_wconf 80' lang='lat' dir='ltr'>gladium</span> <span class='ocrx_word' id='word_1_173' title='bbox 1094 2402 1171 2458; x_wconf 64' lang='lat' dir='ltr'>ada·</span> 
     </span>
     <span class='ocr_line' id='line_1_21' title="bbox 154 2480 1169 2564; baseline 0.002 -23"><span class='ocrx_word' id='word_1_174' title='bbox 154 2486 312 2560; x_wconf 78' lang='lat' dir='ltr'>gistratibus</span> <span class='ocrx_word' id='word_1_175' title='bbox 335 2487 372 2543; x_wconf 87' lang='lat' dir='ltr'>ait</span> <span class='ocrx_word' id='word_1_176' title='bbox 394 2482 472 2543; x_wconf 79' lang='lat' dir='ltr'>nard</span> <span class='ocrx_word' id='word_1_177' title='bbox 487 2483 614 2562; x_wconf 75' lang='grc' dir='ltr'>γοήτων,</span> <span class='ocrx_word' id='word_1_178' title='bbox 638 2484 687 2543; x_wconf 74' lang='grc' dir='ltr'>καὶ</span> <span class='ocrx_word' id='word_1_179' title='bbox 702 2481 906 2564; x_wconf 75' lang='grc' dir='ltr'><strong><em>βλασφήμων,</em></strong></span> <span class='ocrx_word' id='word_1_180' title='bbox 929 2482 979 2541; x_wconf 82' lang='grc' dir='ltr'>καὶ</span> <span class='ocrx_word' id='word_1_181' title='bbox 997 2480 1169 2544; x_wconf 66' lang='lat' dir='ltr'>dnodenari-</span> 
     </span>
     <span class='ocr_line' id='line_1_22' title="bbox 154 2564 1169 2647; baseline -0.001 -19"><span class='ocrx_word' id='word_1_182' title='bbox 154 2589 225 2628; x_wconf 80' lang='grc' dir='ltr'><strong><em>των.</em></strong></span> <span class='ocrx_word' id='word_1_183' title='bbox 265 2572 330 2629; x_wconf 90' lang='lat' dir='ltr'>Nam</span> <span class='ocrx_word' id='word_1_184' title='bbox 354 2564 590 2639; x_wconf 70' lang='grc' dir='ltr'>ἀκαθοσιώτους</span> <span class='ocrx_word' id='word_1_185' title='bbox 611 2573 729 2647; x_wconf 90' lang='lat' dir='ltr'>appellat</span> <span class='ocrx_word' id='word_1_186' title='bbox 750 2573 897 2628; x_wconf 86' lang='lat' dir='ltr'>maiestatis</span> <span class='ocrx_word' id='word_1_187' title='bbox 919 2588 983 2627; x_wconf 83' lang='lat' dir='ltr'>reos</span> <span class='ocrx_word' id='word_1_188' title='bbox 1008 2582 1036 2629; x_wconf 88' lang='lat' dir='ltr'>et</span> <span class='ocrx_word' id='word_1_189' title='bbox 1058 2573 1169 2647; x_wconf 81' lang='lat' dir='ltr'>impera·</span> 
     </span>
     <span class='ocr_line' id='line_1_23' title="bbox 154 2657 1170 2751; baseline 0.002 -40"><span class='ocrx_word' id='word_1_190' title='bbox 154 2657 222 2712; x_wconf 84' lang='lat' dir='ltr'>tonis</span> <span class='ocrx_word' id='word_1_191' title='bbox 243 2657 377 2751; x_wconf 86' lang='lat' dir='ltr'>obsequio</span> <span class='ocrx_word' id='word_1_192' title='bbox 401 2658 509 2713; x_wconf 90' lang='lat' dir='ltr'>minime</span> <span class='ocrx_word' id='word_1_193' title='bbox 533 2659 653 2714; x_wconf 89' lang='lat' dir='ltr'>devotos.</span> <span class='ocrx_word' id='word_1_194' title='bbox 691 2658 754 2714; x_wconf 92' lang='lat' dir='ltr'>Ut</span> <span class='ocrx_word' id='word_1_195' title='bbox 747 2676 774 2713; x_wconf 90' lang='lat' dir='ltr'>m</span> <span class='ocrx_word' id='word_1_196' title='bbox 797 2658 863 2714; x_wconf 85' lang='lat' dir='ltr'>aclis</span> <span class='ocrx_word' id='word_1_197' title='bbox 887 2657 1067 2713; x_wconf 82' lang='lat' dir='ltr'>Conciliabuli</span> <span class='ocrx_word' id='word_1_198' title='bbox 1090 2657 1170 2731; x_wconf 80' lang='lat' dir='ltr'>Ephe-</span> 
     </span>
     <span class='ocr_line' id='line_1_24' title="bbox 156 2716 1168 2816; baseline 0.002 -20"><span class='ocrx_word' id='word_1_199' title='bbox 156 2742 217 2804; x_wconf 88' lang='lat' dir='ltr'>sini,</span> <span class='ocrx_word' id='word_1_200' title='bbox 241 2743 268 2797; x_wconf 92' lang='lat' dir='ltr'>in</span> <span class='ocrx_word' id='word_1_201' title='bbox 290 2742 430 2798; x_wconf 85' lang='lat' dir='ltr'>Relatione</span> <span class='ocrx_word' id='word_1_202' title='bbox 453 2743 485 2796; x_wconf 92' lang='lat' dir='ltr'>ad</span> <span class='ocrx_word' id='word_1_203' title='bbox 509 2738 692 2799; x_wconf 85' lang='lat' dir='ltr'>Theodosium</span> <span class='ocrx_word' id='word_1_204' title='bbox 715 2743 781 2816; x_wconf 88' lang='lat' dir='ltr'>Imp.</span> <span class='ocrx_word' id='word_1_205' title='bbox 805 2741 838 2798; x_wconf 89' lang='lat' dir='ltr'>de</span> <span class='ocrx_word' id='word_1_206' title='bbox 860 2716 959 2815; x_wconf 77' lang='lat' dir='ltr'>Cyrillo</span> <span class='ocrx_word' id='word_1_207' title='bbox 981 2742 1168 2800; x_wconf 78' lang='lat' dir='ltr'>Alexandrino.</span> 
     </span>
     <span class='ocr_line' id='line_1_25' title="bbox 155 2820 1169 2904; baseline -0.001 -23"><span class='ocrx_word' id='word_1_208' title='bbox 155 2828 286 2901; x_wconf 81' lang='grc' dir='ltr'><strong><em>πρῶτον,</em></strong></span> <span class='ocrx_word' id='word_1_209' title='bbox 306 2821 365 2899; x_wconf 75' lang='grc' dir='ltr'>μὲν</span> <span class='ocrx_word' id='word_1_210' title='bbox 386 2821 481 2892; x_wconf 75' lang='grc' dir='ltr'>εἰς</span> <span class='ocrx_word' id='word_1_211' title='bbox 448 2845 484 2883; x_wconf 86' lang='grc' dir='ltr'>το</span> <span class='ocrx_word' id='word_1_212' title='bbox 507 2820 638 2902; x_wconf 76' lang='grc' dir='ltr'>γαληνὸν</span> <span class='ocrx_word' id='word_1_213' title='bbox 661 2822 711 2882; x_wconf 73' lang='grc' dir='ltr'>καὶ</span> <span class='ocrx_word' id='word_1_214' title='bbox 736 2820 892 2900; x_wconf 57' lang='grc' dir='ltr'>εὐσεβὲς(</span> <span class='ocrx_word' id='word_1_215' title='bbox 876 2844 964 2901; x_wconf 84' lang='grc' dir='ltr'><em>ημων</em></span> <span class='ocrx_word' id='word_1_216' title='bbox 979 2822 1169 2904; x_wconf 76' lang='grc' dir='ltr'>παρτνόμττε</span> 
     </span>
     <span class='ocr_line' id='line_1_26' title="bbox 153 2904 1170 2983; baseline -0.002 -17"><span class='ocrx_word' id='word_1_217' title='bbox 153 2905 313 2983; x_wconf 67' lang='grc' dir='ltr'>θέσπισμα</span> <span class='ocrx_word' id='word_1_218' title='bbox 335 2904 388 2965; x_wconf 80' lang='lat' dir='ltr'>did</span> <span class='ocrx_word' id='word_1_219' title='bbox 409 2906 532 2968; x_wconf 81' lang='grc' dir='ltr'><strong><em>πάντων</em></strong></span> <span class='ocrx_word' id='word_1_220' title='bbox 553 2907 587 2970; x_wconf 84' lang='grc' dir='ltr'>τὸ</span> <span class='ocrx_word' id='word_1_221' title='bbox 605 2906 823 2969; x_wconf 71' lang='grc' dir='ltr'><strong><em>ἀκαθοσίωτον</em></strong></span> <span class='ocrx_word' id='word_1_222' title='bbox 837 2905 933 2969; x_wconf 79' lang='grc' dir='ltr'><strong><em>αὐτου</em></strong></span> <span class='ocrx_word' id='word_1_223' title='bbox 919 2907 1080 2980; x_wconf 61' lang='lat' dir='ltr'>”dometio</span> <span class='ocrx_word' id='word_1_224' title='bbox 1102 2910 1170 2968; x_wconf 75' lang='lat' dir='ltr'>Tanti</span> 
     </span>
     <span class='ocr_line' id='line_1_27' title="bbox 155 2995 1171 3061; baseline 0.002 -11"><span class='ocrx_word' id='word_1_225' title='bbox 155 2995 205 3050; x_wconf 91' lang='lat' dir='ltr'>luit</span> <span class='ocrx_word' id='word_1_226' title='bbox 231 3011 319 3051; x_wconf 85' lang='lat' dir='ltr'>raram</span> <span class='ocrx_word' id='word_1_227' title='bbox 348 2995 418 3051; x_wconf 87' lang='lat' dir='ltr'>illam</span> <span class='ocrx_word' id='word_1_228' title='bbox 447 2998 568 3053; x_wconf 85' lang='lat' dir='ltr'>vocabuli</span> <span class='ocrx_word' id='word_1_229' title='bbox 599 2998 680 3056; x_wconf 87' lang='lat' dir='ltr'>huius</span> <span class='ocrx_word' id='word_1_230' title='bbox 702 2998 841 3054; x_wconf 85' lang='lat' dir='ltr'>notionem</span> <span class='ocrx_word' id='word_1_231' title='bbox 865 2997 1011 3061; x_wconf 74' lang='lat' dir='ltr'>extricare,</span> <span class='ocrx_word' id='word_1_232' title='bbox 1044 2998 1171 3054; x_wconf 76' lang='lat' dir='ltr'>utinen</span> 
     </span>
     <span class='ocr_line' id='line_1_28' title="bbox 154 3077 1172 3151; baseline 0.004 -18"><span class='ocrx_word' id='word_1_233' title='bbox 154 3078 279 3151; x_wconf 90' lang='lat' dir='ltr'>pluribus</span> <span class='ocrx_word' id='word_1_234' title='bbox 302 3081 497 3137; x_wconf 87' lang='lat' dir='ltr'>immorandum</span> <span class='ocrx_word' id='word_1_235' title='bbox 521 3083 611 3138; x_wconf 89' lang='lat' dir='ltr'>luerit.</span> <span class='ocrx_word' id='word_1_236' title='bbox 643 3083 708 3138; x_wconf 82' lang='lat' dir='ltr'>llam</span> <span class='ocrx_word' id='word_1_237' title='bbox 732 3077 922 3137; x_wconf 69' lang='grc' dir='ltr'><em>καθωσίωσεν</em></span> <span class='ocrx_word' id='word_1_238' title='bbox 942 3082 989 3138; x_wconf 88' lang='lat' dir='ltr'>illo</span> <span class='ocrx_word' id='word_1_239' title='bbox 1013 3100 1098 3140; x_wconf 81' lang='lat' dir='ltr'>sensu</span> <span class='ocrx_word' id='word_1_240' title='bbox 1116 3080 1172 3139; x_wconf 85' lang='lat' dir='ltr'>uul-</span> 
     </span>
     <span class='ocr_line' id='line_1_29' title="bbox 154 3163 1172 3238; baseline 0.004 -20"><span class='ocrx_word' id='word_1_241' title='bbox 154 3163 212 3225; x_wconf 86' lang='lat' dir='ltr'>lus,</span> <span class='ocrx_word' id='word_1_242' title='bbox 242 3165 316 3238; x_wconf 83' lang='lat' dir='ltr'>quod</span> <span class='ocrx_word' id='word_1_243' title='bbox 346 3165 442 3231; x_wconf 84' lang='lat' dir='ltr'>seiam,</span> <span class='ocrx_word' id='word_1_244' title='bbox 473 3169 587 3223; x_wconf 74' lang='lat' dir='ltr'>Leainon</span> <span class='ocrx_word' id='word_1_245' title='bbox 617 3177 644 3223; x_wconf 89' lang='lat' dir='ltr'>et</span> <span class='ocrx_word' id='word_1_246' title='bbox 674 3167 905 3224; x_wconf 77' lang='lat' dir='ltr'>toeabulariorum</span> <span class='ocrx_word' id='word_1_247' title='bbox 928 3168 1111 3226; x_wconf 83' lang='lat' dir='ltr'>concinnator</span> <span class='ocrx_word' id='word_1_248' title='bbox 1130 3182 1172 3223; x_wconf 81' lang='lat' dir='ltr'>ex-</span> 
     </span>
     <span class='ocr_line' id='line_1_30' title="bbox 156 3248 257 3320; baseline 0 -18"><span class='ocrx_word' id='word_1_249' title='bbox 156 3248 257 3320; x_wconf 86' lang='lat' dir='ltr'>posuit.</span> 
     </span>
     <span class='ocr_line' id='line_1_31' title="bbox 243 3324 1173 3410; baseline 0.003 -21"><span class='ocrx_word' id='word_1_250' title='bbox 243 3332 345 3389; x_wconf 75' lang='lat' dir='ltr'>altu.</span> <span class='ocrx_word' id='word_1_251' title='bbox 376 3329 425 3389; x_wconf 77' lang='lat' dir='ltr'>nni</span> <span class='ocrx_word' id='word_1_252' title='bbox 449 3324 625 3391; x_wconf 71' lang='lat' dir='ltr'>daemoni</span> <span class='ocrx_word' id='word_1_253' title='bbox 653 3331 716 3392; x_wconf 73' lang='grc' dir='ltr'>ἔστι</span> <span class='ocrx_word' id='word_1_254' title='bbox 746 3330 835 3404; x_wconf 76' lang='grc' dir='ltr'><strong><em>τάδε,</em></strong></span> <span class='ocrx_word' id='word_1_255' title='bbox 864 3331 914 3390; x_wconf 77' lang='lat' dir='ltr'>nni</span> <span class='ocrx_word' id='word_1_256' title='bbox 943 3329 1034 3410; x_wconf 75' lang='lat' dir='ltr'>adde]</span> <span class='ocrx_word' id='word_1_257' title='bbox 1082 3336 1173 3393; x_wconf 73' lang='lat' dir='ltr'>Eadem</span> 
     </span>
     <span class='ocr_line' id='line_1_32' title="bbox 156 3416 1200 3494; baseline 0.005 -23"><span class='ocrx_word' id='word_1_258' title='bbox 156 3416 281 3473; x_wconf 85' lang='lat' dir='ltr'>cautione</span> <span class='ocrx_word' id='word_1_259' title='bbox 304 3417 469 3474; x_wconf 77' lang='lat' dir='ltr'>sacramenti</span> <span class='ocrx_word' id='word_1_260' title='bbox 484 3419 663 3476; x_wconf 80' lang='lat' dir='ltr'>Eucharistiei</span> <span class='ocrx_word' id='word_1_261' title='bbox 686 3421 799 3476; x_wconf 87' lang='lat' dir='ltr'>lormam</span> <span class='ocrx_word' id='word_1_262' title='bbox 822 3420 981 3486; x_wconf 90' lang='lat' dir='ltr'>dissimulat,</span> <span class='ocrx_word' id='word_1_263' title='bbox 1006 3439 1060 3494; x_wconf 83' lang='lat' dir='ltr'>qua</span> <span class='ocrx_word' id='word_1_264' title='bbox 1084 3431 1112 3477; x_wconf 87' lang='lat' dir='ltr'>et</span> <span class='ocrx_word' id='word_1_265' title='bbox 1126 3422 1200 3478; x_wconf 68' lang='lat' dir='ltr'>ha·l</span> 
     </span>
     <span class='ocr_line' id='line_1_33' title="bbox 156 3501 1176 3578; baseline 0.005 -22"><span class='ocrx_word' id='word_1_266' title='bbox 156 3501 199 3556; x_wconf 92' lang='lat' dir='ltr'>ius</span> <span class='ocrx_word' id='word_1_267' title='bbox 227 3511 254 3556; x_wconf 90' lang='lat' dir='ltr'>et</span> <span class='ocrx_word' id='word_1_268' title='bbox 276 3511 445 3560; x_wconf 82' lang='lat' dir='ltr'>caeterorum</span> <span class='ocrx_word' id='word_1_269' title='bbox 468 3505 577 3576; x_wconf 82' lang='lat' dir='ltr'>vulgare</span> <span class='ocrx_word' id='word_1_270' title='bbox 600 3505 724 3578; x_wconf 85' lang='lat' dir='ltr'>plerique</span> <span class='ocrx_word' id='word_1_271' title='bbox 747 3506 856 3561; x_wconf 85' lang='lat' dir='ltr'>Patrum</span> <span class='ocrx_word' id='word_1_272' title='bbox 879 3506 955 3561; x_wconf 83' lang='lat' dir='ltr'>veriti</span> <span class='ocrx_word' id='word_1_273' title='bbox 979 3517 1055 3563; x_wconf 78' lang='lat' dir='ltr'>sunt</span> <span class='ocrx_word' id='word_1_274' title='bbox 1097 3507 1176 3562; x_wconf 89' lang='lat' dir='ltr'>lano·</span> 
     </span>
     <span class='ocr_line' id='line_1_34' title="bbox 157 3586 1175 3663; baseline 0.004 -23"><span class='ocrx_word' id='word_1_275' title='bbox 157 3586 263 3641; x_wconf 82' lang='lat' dir='ltr'>centius</span> <span class='ocrx_word' id='word_1_276' title='bbox 286 3587 369 3661; x_wconf 86' lang='lat' dir='ltr'>Epist.</span> <span class='ocrx_word' id='word_1_277' title='bbox 384 3593 392 3644; x_wconf 94' lang='lat' dir='ltr'>l</span> <span class='ocrx_word' id='word_1_278' title='bbox 420 3591 453 3644; x_wconf 91' lang='lat' dir='ltr'>ad</span> <span class='ocrx_word' id='word_1_279' title='bbox 478 3589 587 3646; x_wconf 83' lang='lat' dir='ltr'>lleeent.</span> <span class='ocrx_word' id='word_1_280' title='bbox 611 3591 644 3645; x_wconf 89' lang='lat' dir='ltr'>de</span> <span class='ocrx_word' id='word_1_281' title='bbox 668 3590 878 3647; x_wconf 85' lang='lat' dir='ltr'>Confirmatioue</span> <span class='ocrx_word' id='word_1_282' title='bbox 901 3591 1059 3663; x_wconf 86' lang='lat' dir='ltr'>disputans:</span> <span class='ocrx_word' id='word_1_283' title='bbox 1092 3590 1175 3647; x_wconf 69' lang='lat' dir='ltr'>Verbo</span> 
     </span>
     <span class='ocr_line' id='line_1_35' title="bbox 156 3672 1176 3749; baseline 0.006 -24"><span class='ocrx_word' id='word_1_284' title='bbox 156 3686 222 3726; x_wconf 81' lang='lat' dir='ltr'>uero</span> <span class='ocrx_word' id='word_1_285' title='bbox 245 3672 338 3727; x_wconf 79' lang='lat' dir='ltr'>dicere</span> <span class='ocrx_word' id='word_1_286' title='bbox 358 3690 416 3728; x_wconf 89' lang='lat' dir='ltr'>non</span> <span class='ocrx_word' id='word_1_287' title='bbox 434 3689 563 3746; x_wconf 75' lang='lat' dir='ltr'>possam,</span> <span class='ocrx_word' id='word_1_288' title='bbox 585 3691 621 3728; x_wconf 88' lang='lat' dir='ltr'>ne</span> <span class='ocrx_word' id='word_1_289' title='bbox 642 3677 732 3747; x_wconf 75' lang='lat' dir='ltr'>anapia</span> <span class='ocrx_word' id='word_1_290' title='bbox 751 3678 874 3749; x_wconf 83' lang='lat' dir='ltr'>prodere</span> <span class='ocrx_word' id='word_1_291' title='bbox 896 3674 998 3732; x_wconf 85' lang='lat' dir='ltr'>videar</span> <span class='ocrx_word' id='word_1_292' title='bbox 1024 3693 1110 3749; x_wconf 61' lang='lat' dir='ltr'>worn</span> <span class='ocrx_word' id='word_1_293' title='bbox 1140 3675 1176 3731; x_wconf 78' lang='lat' dir='ltr'>etl</span> 
     </span>
     <span class='ocr_line' id='line_1_36' title="bbox 157 3734 591 3831; baseline 0 -19"><span class='ocrx_word' id='word_1_294' title='bbox 157 3734 390 3813; x_wconf 68' lang='lat' dir='ltr'>rotundationem</span> <span class='ocrx_word' id='word_1_295' title='bbox 412 3760 591 3831; x_wconf 84' lang='lat' dir='ltr'>reapondere</span> 
     </span>
     <span class='ocr_line' id='line_1_37' title="bbox 242 3835 1174 3921; baseline 0.004 -24"><span class='ocrx_word' id='word_1_296' title='bbox 242 3835 378 3898; x_wconf 77' lang='grc' dir='ltr'><strong><em>τουτέστι</em></strong></span> <span class='ocrx_word' id='word_1_297' title='bbox 406 3835 538 3916; x_wconf 78' lang='lat' dir='ltr'>perd</span> <span class='ocrx_word' id='word_1_298' title='bbox 506 3861 541 3898; x_wconf 89' lang='grc' dir='ltr'>το</span> <span class='ocrx_word' id='word_1_299' title='bbox 564 3837 735 3917; x_wconf 79' lang='grc' dir='ltr'>δειπνῆσαι]</span> <span class='ocrx_word' id='word_1_300' title='bbox 773 3843 839 3900; x_wconf 85' lang='lat' dir='ltr'>Nam</span> <span class='ocrx_word' id='word_1_301' title='bbox 862 3839 983 3901; x_wconf 73' lang='grc' dir='ltr'>δείπνου</span> <span class='ocrx_word' id='word_1_302' title='bbox 1004 3840 1174 3921; x_wconf 66' lang='grc' dir='ltr'>γενομένου,</span> 
     </span>
     <span class='ocr_line' id='line_1_38' title="bbox 158 3926 1177 4005; baseline 0.004 -23"><span class='ocrx_word' id='word_1_303' title='bbox 158 3926 211 3983; x_wconf 86' lang='lat' dir='ltr'>hoe</span> <span class='ocrx_word' id='word_1_304' title='bbox 233 3934 275 3983; x_wconf 87' lang='lat' dir='ltr'>est</span> <span class='ocrx_word' id='word_1_305' title='bbox 296 3935 405 4000; x_wconf 86' lang='lat' dir='ltr'>peraeta</span> <span class='ocrx_word' id='word_1_306' title='bbox 428 3944 528 3992; x_wconf 85' lang='lat' dir='ltr'>coena,</span> <span class='ocrx_word' id='word_1_307' title='bbox 552 3937 583 3983; x_wconf 91' lang='lat' dir='ltr'>at</span> <span class='ocrx_word' id='word_1_308' title='bbox 606 3928 642 3983; x_wconf 92' lang='lat' dir='ltr'>ait</span> <span class='ocrx_word' id='word_1_309' title='bbox 666 3927 738 3983; x_wconf 86' lang='lat' dir='ltr'>loan.</span> <span class='ocrx_word' id='word_1_310' title='bbox 762 3932 852 3994; x_wconf 73' lang='lat' dir='ltr'>old,</span> <span class='ocrx_word' id='word_1_311' title='bbox 876 3947 960 3986; x_wconf 87' lang='lat' dir='ltr'>nome</span> <span class='ocrx_word' id='word_1_312' title='bbox 981 3929 1052 4004; x_wconf 79' lang='lat' dir='ltr'>legis</span> <span class='ocrx_word' id='word_1_313' title='bbox 1076 3940 1177 4005; x_wconf 78' lang='lat' dir='ltr'>myste-</span> 
     </span>
     <span class='ocr_line' id='line_1_39' title="bbox 158 4010 1175 4091; baseline 0.01 -25"><span class='ocrx_word' id='word_1_314' title='bbox 158 4010 228 4067; x_wconf 87' lang='lat' dir='ltr'>rium</span> <span class='ocrx_word' id='word_1_315' title='bbox 250 4010 404 4070; x_wconf 85' lang='lat' dir='ltr'>institutum</span> <span class='ocrx_word' id='word_1_316' title='bbox 426 4022 477 4079; x_wconf 90' lang='lat' dir='ltr'>est,</span> <span class='ocrx_word' id='word_1_317' title='bbox 502 4029 558 4090; x_wconf 92' lang='lat' dir='ltr'>noa</span> <span class='ocrx_word' id='word_1_318' title='bbox 581 4013 607 4067; x_wconf 92' lang='lat' dir='ltr'>ia</span> <span class='ocrx_word' id='word_1_319' title='bbox 631 4013 688 4085; x_wconf 88' lang='lat' dir='ltr'>ipsa</span> <span class='ocrx_word' id='word_1_320' title='bbox 711 4029 804 4069; x_wconf 82' lang='lat' dir='ltr'>coena.</span> <span class='ocrx_word' id='word_1_321' title='bbox 835 4014 873 4070; x_wconf 78' lang='lat' dir='ltr'>Ex</span> <span class='ocrx_word' id='word_1_322' title='bbox 895 4031 950 4089; x_wconf 89' lang='lat' dir='ltr'>quo</span> <span class='ocrx_word' id='word_1_323' title='bbox 971 4014 1038 4072; x_wconf 91' lang='lat' dir='ltr'>illud</span> <span class='ocrx_word' id='word_1_324' title='bbox 1055 4023 1175 4091; x_wconf 81' lang='lat' dir='ltr'>apparet.</span> 
     </span>
    </p>
   </div>
   <div class='ocr_carea' id='block_1_3' title="bbox 0 0 1304 4822">
    <p class='ocr_par' dir='ltr' id='par_1_3' title="bbox 0 0 1304 4822">
     <span class='ocr_line' id='line_1_40' title="bbox 0 0 1304 4822; baseline 0 0"><span class='ocrx_word' id='word_1_325' title='bbox 0 0 1304 4822; x_wconf 95' lang='lat' dir='ltr'> </span> 
     </span>
    </p>
   </div>
  </div>
 </body>
</html>
