2586 4822
878 626 916 719 *ἑ
944 696 947 703 .

198 810 240 875 18
481 824 919 877 reramtnimosmsmnes

198 975 357 1055 ἀκριβοῦς,
379 998 428 1037 seu
451 981 535 1037 civilis
556 981 696 1038 inciderat.
727 980 827 1037 Deinde
849 980 969 1054 quamvis
985 980 1116 1036 lulianum
1140 997 1218 1036 men·

156 1115 163 1129 ,
199 1084 259 1123 scm
281 1066 444 1123 intellexisse
465 1066 611 1140 losepbum
634 1066 826 1130 existimemus,
851 1065 959 1121 minime
977 1066 999 1120 is
1016 1073 1104 1122 tamen
1120 1065 1217 1139 Aprilis

199 1153 261 1215 erit,
285 1151 333 1207 sed
354 1151 474 1207 llartius.
507 1150 613 1206 Etenim
635 1151 798 1207 Macedonici
821 1166 927 1207 menses
951 1149 1029 1206 aliter
1051 1161 1218 1223 usurpantur

198 1254 215 1292 a
239 1237 353 1310 losepbo
383 1253 462 1309 qnam
492 1253 506 1291 a
529 1236 638 1292 Graecia
670 1235 866 1308 posterioribus
889 1234 1133 1310 Syromaccdonici.
1171 1236 1218 1292 Est

198 1323 308 1395 quidem
331 1329 510 1393 utrorumque
532 1321 625 1377 eadem
647 1321 801 1394 appellatio.
838 1320 890 1377 Sed
914 1320 1077 1376 Macedonici
1099 1336 1217 1385 menses,

197 1423 261 1463 cum
285 1407 328 1462 liri
349 1415 423 1468 sunt,
447 1422 502 1460 uno
526 1423 618 1461 mense
633 1406 891 1479 Syromacedonieos
906 1405 1079 1468 antecedunt,
1102 1405 1128 1460 id
1144 1406 1218 1478 quod

199 1491 323 1566 pluribus
345 1491 378 1545 ad
401 1490 479 1546 llaer.
498 1494 533 1547 51
560 1490 723 1547 declaratum
748 1500 814 1547 est·
836 1491 984 1546 Xantbicus
1007 1506 1039 1546 ex
1062 1507 1114 1546 usu
1132 1490 1219 1564 Syro·

199 1576 376 1632 macedonum
399 1585 428 1631 et
442 1575 606 1632 Graecomm
621 1576 704 1649 Aprili
726 1576 888 1649 respondet;
913 1576 983 1631 Lous
998 1579 1136 1649 Augusto:
1162 1575 1219 1631 lla·

198 1661 346 1717 cedonicus
369 1677 432 1716 nero
447 1660 595 1717 xanthicus
610 1660 704 1717 llartio
727 1661 817 1734 potius
839 1677 920 1736 quam
935 1658 1028 1733 Aprili,
1052 1660 1123 1715 Lous
1139 1660 1217 1717 lulio.

111 1752 125 1779 ²
200 1746 294 1818 ltaque
314 1744 396 1803 llisan
412 1745 489 1818 'apud
513 1747 656 1819 loseplmm
678 1762 740 1802 cum
756 1746 895 1808 xanthico,
920 1747 991 1801 bons
1014 1744 1130 1800 11111111
1149 1762 1219 1801 con-

200 1829 301 1894 111111,
331 1847 346 1887 1
375 1831 474 1906 quibus
497 1831 576 1887 llisan
600 1831 712 1887 bunonis
736 1832 863 1886 maiorem
888 1830 972 1886 llartii
995 1839 1113 1903 partem.
1145 1830 1218 1886 Lous

200 1916 273 1979 lulit,
303 1915 355 1971 sibi
381 1915 513 1971 vendicat.
559 1916 715 1972 Utmmnetn
743 1932 806 1971 vero
828 1915 1061 1971 Macedonicorum
1084 1916 1219 1971 mensium

199 2001 393 2074 appodiationes
416 2000 539 2057 adlisos
562 2011 589 2056 et
612 2000 728 2057 lulianos
750 2001 919 2056 transtulerit
941 2001 1081 2073 losephns,
1104 2000 1219 2056 alterius

199 2085 252 2140 loci
276 2095 303 2141 et
326 2086 440 2141 instituti
462 2087 586 2160 quaestio
609 2095 660 2142 est
690 2086 745 2141 llos
768 2097 906 2159 uteunque
929 2102 959 2141 se
976 2102 1020 2140 res
1036 2084 1143 2149 babeat,
1167 2102 1219 2141 ne·

197 2187 294 2242 gamus
316 2169 486 2225 Xnntbe'caun
508 2171 578 2243 apud
602 2171 747 2244 losephnm
769 2171 887 2244 Aprilem
909 2187 970 2226 esse
992 2170 1132 2225 lulianum.
1163 2169 1219 2226 Sed

199 2253 338 2327 scaligero
367 2265 395 2310 et
423 2265 485 2311 ante
514 2256 588 2311 bunc
610 2255 706 2312 liuline
729 2256 893 2311 Graecorum
914 2272 946 2311 ac
968 2255 1218 2328 Syromacedonnm

199 2356 267 2396 usus
288 2339 374 2396 lraudi
396 2340 455 2403 luit,
479 2341 524 2414 qui
547 2341 625 2396 aliter
647 2358 676 2396 ce
694 2340 852 2396 llacedonss
873 2341 1008 2397 mensium
1030 2340 1151 2396 ordinem
1175 2342 1220 2395 in·

199 2424 358 2481 stituerunt.
395 2425 458 2481 Vide
480 2442 549 2498 quae
572 2427 605 2482 ad
627 2425 701 2481 illum
725 2424 815 2482 locum
837 2424 916 2481 llaer.
935 2428 969 2481 51
997 2425 1108 2481 uberius
1131 2441 1220 2499 espo-

197 2510 313 2566 suimus.
357 2509 539 2578 Quamobrem
567 2527 629 2566 eom
651 2511 782 2584 losepbus
810 2511 847 2565 ait
870 2513 898 2572 u.
916 2511 955 2567 26
978 2511 1080 2566 decime
1103 2511 1146 2566 die
1170 2510 1218 2566 boi

199 2596 300 2652 mensis
315 2593 455 2668 Templum
478 2596 650 2670 dellagrasse,
674 2598 707 2652 ad
729 2596 824 2652 lulium
847 2597 1040 2670 potiusquam
1064 2597 1218 2668 ingrestum

199 2682 336 2752 pertinere
358 2692 433 2754 putn,
457 2681 681 2754 quemadmodum
705 2691 733 2737 et
755 2698 814 2736 cum
839 2689 929 2736 namat
946 2696 1005 2754 cap.
1019 2683 1068 2737 tt.
1091 2679 1220 2754 tlorpiaei

199 2765 299 2820 mensis
324 2766 341 2822 8
373 2765 467 2821 urbem
491 2783 551 2822 csse
574 2765 745 2829 subversam,
775 2770 898 2838 Augusto
930 2766 1014 2838 inagis
1043 2781 1122 2838 quatu
1146 2766 1220 2839 Sep·

144 2898 151 2909 ,
200 2849 298 2904 tembri
320 2851 465 2906 convenire
486 2852 619 2924 suspicor.

285 2931 468 2989 llclsraeorum
492 2934 525 2990 de
547 2951 618 2990 anno
641 2934 815 2990 desolationis
831 2933 934 3007 Templi
952 2935 1136 3007 discrepantes
1152 2940 1219 2992 sunl

199 3017 361 3079 sententiae,
384 3034 452 3092 quas
475 3018 719 3074 1111111111111
742 3019 877 3076 llordeltai
900 3020 926 3074 in
942 3020 1076 3092 Computo
1099 3036 1220 3093 percen-

198 3111 251 3158 set
282 3101 381 3158 Scribit
402 3104 473 3159 enim
496 3119 526 3158 se
548 3120 618 3159 anno
641 3104 748 3160 ludaico
765 3105 845 3161 5299
870 3106 894 3159 in
920 3106 997 3160 coriis
1012 3104 1219 3178 Syuagogarnm

200 3185 298 3243 tubulis
320 3187 477 3244 adnotatum
499 3189 643 3262 reperisse,
666 3189 729 3245 alibi
751 3188 945 3246 Contractuum
967 3192 1178 3253 1111111949,
1202 3207 1219 3246 1

199 3271 367 3328 desolatione
389 3272 492 3347 Templi
520 3275 607 3339 14119,
630 3273 693 3330 alibi
715 3274 909 3330 contractuum
926 3276 1014 3338 1850,
1041 3274 1218 3332 desolationis

203 3359 292 3421 1470,
315 3356 379 3414 alibi
398 3357 591 3415 Contractuum
611 3361 699 3423 1851,
723 3358 898 3415 desolationis
920 3360 1007 3417 1472.
1036 3360 1143 3415 1111111111
1159 3360 1219 3433 ipse

199 3457 299 3497 annum
322 3443 457 3499 ludaicum
483 3445 563 3501 5299
593 3462 654 3500 esse
683 3453 760 3517 putat
782 3461 796 3499 a
819 3444 986 3500 desolatione
1015 3448 1102 3501 14711.
1148 3445 1219 3501 Tum

198 3525 280 3589 addit,
304 3526 411 3591 eTisri,
435 3530 481 3601 qni
497 3529 599 3602 Templi
623 3529 796 3585 uastationem
820 3529 939 3601 proxime
962 3528 1095 3602 sequitur,
1118 3546 1220 3586 nume-

200 3611 253 3666 rari
275 3628 360 3667 annos
376 3613 496 3669 Semitab
519 3623 547 3670 et
570 3613 718 3670 lubilaeos:
742 3614 810 3670 adeo
829 3624 858 3670 ut
872 3630 959 3668 annus
976 3614 1029 3676 ille,
1053 3614 1130 3669 cuius
1147 3614 1219 3671 Tisn'

198 3696 393 3753 desolationem
415 3698 529 3772 excepit,
554 3699 634 3756 luerit
656 3699 720 3756 noni
736 3697 844 3754 lubilaei
867 3699 988 3755 dommus
1008 3699 1130 3771 quintus.
1160 3703 1220 3755 An·

199 3798 250 3839 uua
271 3782 394 3839 ludoicus
419 3785 499 3841 5299
529 3785 587 3840 iniit
616 3800 687 3841 anno
716 3783 822 3839 Periodi
848 3783 964 3840 lullanae
988 3785 1086 3845 6251,
1115 3783 1220 3842 Christi

203 3868 297 3931 1539,
327 3865 360 3923 (11
389 3885 443 3942 quo
465 3869 593 3925 detractis
620 3872 698 3927 1119
721 3878 862 3925 remanent
885 3869 933 3927 68.
979 3868 1067 3937 Quare
1089 3885 1121 3924 er
1143 3869 1219 3926 illius

198 3953 332 4009 sententia
354 3951 422 4009 Tisri
443 3954 505 4008 anni
529 3954 597 4016 eius,
620 3954 647 4009 in
669 3969 750 4029 quem
770 3952 847 4009 Urbis
869 3953 1000 4010 escidium
1024 3953 1125 4016 incidit,
1149 3970 1220 4010 coe·

198 4035 237 4107 pit
265 4054 336 4097 anno
358 4037 458 4095 Christi
482 4039 520 4096 68
551 4046 578 4094 et
600 4040 725 4112 sequenti
747 4040 786 4096 69
810 4038 953 4112 Templum
974 4055 1114 4104 euersum,
1144 4055 1219 4095 anno

196 4118 352 4181 Subbetioo,
366 4122 447 4180 ⁴llam
468 4131 550 4196 caput
571 4136 650 4180 aerae
671 4123 743 4181 illius
764 4138 779 4180 a
801 4123 978 4191 desolatione,
1001 4123 1128 4181 convenit
1147 4123 1220 4181 Tisri
