2586 4822
383 845 422 897 ua
439 830 591 898 atnsdais
611 842 648 896 er
665 844 864 900 honoratius.
1036 857 1039 862 ’
1071 831 1132 899 ιιι

108 1011 173 1078 ptus
197 992 329 1081 negarit,
351 1012 422 1076 quiae
443 993 574 1080 δηνάρια
595 996 653 1058 ahio
668 1003 753 1059 lucas
769 1003 894 1078 appellat
921 1002 974 1062 Sed
988 1022 1045 1063 aon
1061 1007 1133 1064 idam

110 1080 224 1145 uumml'
242 1090 332 1161 genua
352 1085 500 1167 otrohlquc
521 1087 624 1146 denadi
643 1104 711 1144 voce
732 1088 909 1162 significator.
953 1086 1037 1148 llulto
1060 1093 1132 1148 anina

111 1174 201 1230 minas
225 1179 283 1236 cat,
311 1172 386 1244 qood
404 1170 526 1228 mendica
550 1172 664 1229 tormina
687 1173 721 1229 da
743 1188 792 1229 soa
814 1183 974 1249 paupertate
995 1177 1021 1232 in
1044 1192 1132 1233 arcam

111 1258 232 1322 immisit,
255 1266 337 1330 quant
358 1259 432 1332 quod
455 1259 515 1331 pius
538 1257 582 1314 ille
604 1257 789 1315 Samaritanus
811 1260 838 1315 io
859 1260 965 1333 aegroti
979 1261 1132 1318 alimoniam

111 1360 141 1400 ac
162 1343 334 1400 carationem
355 1341 480 1399 contulit.
511 1342 565 1399 Sed
587 1359 677 1418 neqm
692 1342 779 1400 Bodac
800 1358 912 1418 possum
928 1347 1062 1410 amathi,
1086 1347 1133 1420 qui

112 1428 144 1483 ad
165 1427 242 1484 illum
257 1422 339 1483 llarci
360 1427 451 1484 locum
472 1428 567 1483 uiduae
590 1428 692 1484 minuta
715 1427 769 1485 duo
792 1429 969 1505 quadrantem
992 1446 1054 1488 ease
1075 1431 1133 1489 sicli

113 1520 198 1587 putat,
222 1513 277 1568 hoo
298 1521 341 1569 est
362 1512 459 1569 motas
482 1514 611 1585 quinque.
643 1513 698 1568 lmo
720 1531 784 1570 vcro
807 1513 903 1570 obolos
926 1531 982 1571 sex.
1012 1515 1078 1572 llam
1094 1517 1135 1572 si·

114 1597 171 1655 clus
192 1595 291 1655 obolos
313 1596 416 1673 colligit
435 1599 484 1662 tt,
507 1598 562 1653 sive
585 1597 726 1654 drachmas
742 1602 770 1664 4,
794 1615 908 1673 quarum
931 1600 1055 1677 singulae
1069 1609 1134 1658 sunt

116 1673 271 1756 ἱξῶβολυι.

197 1766 253 1823 Sed
275 1773 318 1822 est
339 1764 483 1823 absurdius
504 1766 607 1832 multo,
630 1768 704 1841 quod
725 1784 779 1824 nou
803 1769 903 1824 nemini
924 1769 1058 1844 placuisse
1080 1782 1137 1827 uu-

118 1869 163 1925 per
183 1850 274 1916 didici,
297 1843 392 1908 λεπτὰ
412 1850 457 1907 illa
479 1851 534 1908 duo
555 1852 659 1918 uiduae,
683 1869 752 1928 quos
775 1852 890 1910 Hilarius
906 1853 1031 1912 denarios
1046 1864 1133 1921 vocat,

119 1953 174 1994 csse
196 1936 323 1995 denarios
344 1936 405 1993 illos
426 1945 541 2002 veteres,
565 1937 660 1995 unciae
675 1946 778 2011 partem
794 1949 924 2005 octavam,
947 1957 1063 2016 quorum
1080 1941 1134 1997 duo

119 2021 291 2097 quadrantem
306 2022 460 2078 semunciae
476 2022 602 2080 reddunt.
625 2022 669 2079 Sic
685 2023 755 2080 cuiun
771 2023 965 2080 ratiocinatur:
988 2025 1133 2099 quadrans,

120 2107 161 2180 qui
181 2106 252 2163 duos
275 2106 393 2163 minutos
416 2106 518 2164 habere
541 2105 640 2164 dicitur
661 2106 688 2163 in
711 2107 865 2183 Evangelio,
888 2107 1017 2173 delinitur
1039 2110 1134 2168 unciae

120 2205 175 2263 para
196 2199 302 2266 quarta.
326 2190 381 2249 duo
403 2192 500 2249 minuti
521 2202 586 2249 sunt
607 2193 635 2249 in
657 2191 815 2267 quadrante,
838 2191 877 2251 sic
899 2195 1019 2251 minutus
1042 2205 1135 2252 octava

120 2292 175 2348 pars
196 2277 304 2342 uariae,
326 2286 358 2333 ut
380 2277 434 2333 duo
456 2276 562 2341 minuti,
586 2286 690 2351 quarta.
722 2277 790 2334 Octo
812 2277 894 2353 igitur
915 2279 1012 2337 minuti
1034 2281 1061 2336 in
1081 2297 1135 2337 uu-

120 2362 179 2417 ciam
203 2361 356 2426 incurrunt,
380 2369 410 2417 ut
432 2372 495 2418 ecto
517 2362 669 2426 drachmae,
693 2372 720 2418 ct
743 2363 782 2418 sic
803 2363 923 2420 minutus
947 2374 974 2420 ει
996 2364 1133 2430 drachma,

121 2446 154 2502 acl
175 2445 304 2503 denarius
326 2455 390 2503 sunt
411 2438 594 2521 tantamne.
623 2444 694 2504 llaec
716 2448 740 2503 si
763 2464 822 2504 vcra
846 2457 946 2514 esseut,
970 2449 992 2504 si
1016 2441 1135 2519 λεπτὸν,

120 2526 265 2588 cuiusmodi
286 2530 341 2587 duo
364 2531 441 2587 uidua
463 2531 586 2605 proiecit,
609 2531 679 2589 idem
703 2542 777 2589 esset
791 2550 851 2589 cum
867 2542 998 2607 argenteo
1013 2534 1136 2600 denario,
1199 2549 1203 2557 ·

119 2615 154 2672 ael
176 2615 320 2681 drachma,
346 2632 401 2673 nou
424 2616 587 2689 poenitenda
610 2635 675 2675 sane
698 2617 804 2690 largitio
827 2614 872 2673 illa
893 2617 979 2684 loret,
1003 2635 1054 2675 nec
1076 2634 1135 2675 cam

118 2699 288 2758 mulierculae
317 2700 404 2757 solum
434 2700 608 2777 mendicitas,
639 2700 685 2758 scd
703 2694 743 2759 ‘ct
771 2719 851 2759 suum
880 2719 989 2777 quoquc
1016 2704 1135 2776 pretium

118 2784 330 2842 commendaret:
355 2785 480 2842 nimirum
503 2787 534 2848 si,
558 2787 632 2862 quod
655 2787 775 2861 proxime
797 2795 859 2844 ante
882 2787 1049 2852 dictumest,
1074 2796 1135 2845 tau-

118 2879 169 2926 tum
198 2870 321 2927 mendica
350 2869 447 2926 mulier
468 2882 624 2946 erogasset,
652 2881 782 2948 quantum
806 2872 833 2928 in
855 2873 960 2946 aegroti
982 2872 1134 2929 alimaniam

117 2956 335 3011 accurationem
358 2971 372 3011 a
395 2955 514 3028 benigno
535 2956 583 3013 illo
606 2957 773 3013 Samaritano
796 2965 838 3012 cst
860 2957 1021 3030 impensum.
1058 2959 1135 3027 Quo-

116 3039 182 3096 circa
206 3056 262 3096 non
285 3039 365 3096 dubia
383 3050 424 3096 cst
439 3032 609 3117 ἀλογιστία,
631 3058 700 3114 quac
716 3058 748 3098 cit
764 3058 797 3097 co
813 3051 884 3106 nata,
907 3041 980 3117 quod
997 3034 1134 3112 lanterio,
1219 3049 1222 3055 '

116 3124 152 3180 rel
182 3115 279 3182 tamt
307 3123 411 3200 ubique
438 3142 489 3199 pro
517 3127 644 3182 denonis
672 3128 728 3183 sive
755 3127 896 3183 drachmis
919 3129 1045 3201 usurpari
1068 3128 1134 3183 lalso

114 3210 208 3275 crudit,
233 3210 348 3282 eiusque
369 3208 421 3265 sihi
443 3211 599 3274 commenti,
622 3213 695 3285 quod
710 3213 881 3268 doctissimos
897 3212 977 3269 etiam
994 3213 1135 3285 ignorasse

114 3293 186 3359 dicit,
209 3294 405 3351 authoritatem
427 3296 558 3353 vendicat.
586 3295 644 3351 lloc
665 3313 728 3352 vero
751 3306 778 3353 et
794 3298 946 3371 ignomtum
962 3312 1024 3353 ease
1040 3299 1136 3353 hacte-

114 3394 165 3435 nus
187 3378 277 3435 latcor
298 3388 326 3435 et
347 3380 467 3452 ignorari
488 3379 574 3436 multo
596 3382 681 3454 magis
697 3381 879 3437 scamnorum
893 3382 1032 3439 literarum
1048 3382 1139 3439 intere

113 3473 169 3529 eat,
199 3476 283 3538 quam
305 3462 333 3519 in
354 3465 442 3521 lucem
466 3463 563 3521 ellerri.
600 3463 649 3521 Est
670 3467 741 3521 enim
764 3465 946 3523 falsissimum.
991 3467 1056 3536 Quis
1080 3467 1134 3525 duo

113 3546 155 3605 illa
186 3549 282 3606 viduae
310 3549 413 3606 minuta
441 3549 520 3605 aliter
546 3549 674 3624 accipiat,
704 3567 784 3624 quam
806 3567 856 3624 pro
879 3550 985 3607 duobus
1008 3553 1133 3618 aercolis,

112 3633 273 3709 minimique
289 3633 370 3708 preth
385 3633 541 3698 nummulis,
564 3630 617 3690 hoc
632 3643 675 3692 est
689 3634 798 3699 chalcis,
821 3635 915 3708 quales
930 3645 992 3691 octo
1008 3636 1035 3691 in
1051 3636 1185 3698 chalam

111 3710 312 3775 numerantur?
341 3716 422 3775 Certe
444 3719 630 3776 tenuissimum
652 3721 755 3777 nummi
777 3736 863 3795 genus
885 3719 970 3776 hrisse
991 3722 1060 3776 ratio
1076 3721 1133 3794 ipsa

110 3803 270 3878 pemuadet.
299 3803 416 3878 cyrillus
437 3805 541 3860 minuta
562 3804 606 3860 illa
629 3803 725 3861 obolos
747 3804 872 3879 appellat.
902 3804 1010 3880 Ergone
1031 3805 1133 3861 donarii

110 3889 235 3963 argentei
256 3896 323 3944 anot
345 3888 428 3954 oholi,
451 3889 525 3964 quod
547 3889 659 3946 eandem
681 3892 744 3946 rear
764 3888 882 3947 λεπτῶν
901 3904 995 3946 vocem
1017 3888 1133 3945 llilarius

111 3974 239 4031 &uarios
261 3972 479 4048 intctwetatnrl
508 3973 600 4048 Nugae
621 3988 713 4031 merae
735 3985 807 4031 sunt.
838 3975 967 4031 denarios
990 3976 1062 4030 enirn
1085 3973 1134 4028 lli-

111 4057 194 4115 lan‘ua
217 4074 269 4133 pao
291 4059 407 4116 aureolis
429 4059 578 4133 usurparit,
596 4061 632 4115 'ut
654 4066 682 4115 et
697 4059 871 4133 Epiphanius,
894 4060 958 4116 dum
980 4048 1060 4114 κατὰ
1076 4053 1134 4134 δη-

111 4138 264 4223 rogaopdr
285 4144 401 4218 opponit
422 4144 462 4211 ei,
487 4143 561 4220 quod
584 4154 626 4201 cat
647 4139 727 4203 κατὰ
748 4135 802 4203 τὸν
823 4135 1028 4222 ἀργυρισμὸν,
1052 4143 1133 4220 idque

940 4238 980 4292 9*
