2586 4822
10 39 1232 303 u

303 863 385 910 σενι
403 861 554 911 mmm
570 861 633 910 ενι
650 861 836 910 mmm.
1039 845 1076 908 31

147 1011 271 1089 Χοῖνιξ
292 1011 328 1076 δὲ
350 1016 402 1076 καί
426 1006 493 1094 όφὴ
516 1014 550 1076 ἓν
571 1017 630 1091 μέν
653 1010 739 1088 ἐστι,
763 1012 863 1094 δεττῶ
886 1009 921 1074 δὲ
944 1004 1081 1094 ὀνόματι

68 1107 222 1193 κέκληται.
254 1106 384 1174 ἔστιδὲ
407 1105 466 1172 δάο
488 1111 609 1186 ξεστῶν
631 1110 684 1173 καί
708 1112 945 1194 ποστημσρίοο.

145 1204 242 1288 Δρὰξ
274 1199 430 1287 ἆλεόρου·
465 1208 561 1270 τοῦτο
591 1198 783 1289 άπερίεργόν
813 1204 884 1269 ε’στι
911 1207 965 1269 καλ
995 1205 1081 1271 πᾶσι

66 1302 170 1387 δῆλον.

141 1392 298 1481 Ἀρτάβη,
322 1399 420 1462 τοῦτο
442 1395 480 1462 τό
502 1403 621 1481 μέτρον
637 1391 713 1480 παρ’
727 1397 931 1481 Αἰγυπτίοις
947 1397 1106 1484 &ultim

63 1494 130 1560 ἔστι
160 1497 197 1561 δὲ
220 1493 443 1579 ἑβδομήκοντα
464 1491 525 1559 δάσ
548 1495 679 1572 ξεστῶν.
725 1493 760 1559 έκ
781 1495 907 1580 πολλῆς
930 1495 965 1560 δέ
988 1489 1081 1578 άκρι-

61 1598 152 1674 δείας
178 1594 234 1656 καὶ
257 1595 356 1656 τοῦτο
379 1587 483 1668 οότιυς
505 1591 668 1676 συνήχθη·
697 1587 920 1677 ἑβδομήκοντα
943 1592 1002 1657 δόο
1022 1588 1080 1658 όν-

61 1691 131 1773 δρες
154 1689 232 1756 τότε
253 1688 311 1755 τὸν
334 1689 458 1773 πόργον
481 1685 685 1774 ᾠκοδόμουν,
716 1684 771 1755 ὅτε
792 1691 845 1754 καί
869 1689 915 1767 είς
938 1689 1081 1775 ἑβδομή-

27 1799 160 1853 ιέιιοντα
183 1786 242 1853 δύο
265 1786 417 1872 γλώσσας
438 1785 471 1851 έκ
493 1790 571 1869 μιᾶς
594 1792 831 1872 σονεχέίίησαν·
855 1782 936 1852 ὅθεν
953 1786 1007 1852 καὶ
1022 1791 1081 1869 μέ-

59 1909 162 1968 ροπες
193 1884 382 1971 έκλήθησαν
412 1884 458 1961 είς
479 1883 537 1968 τὴν
558 1890 797 1970 μεμερισμένην
820 1884 942 1971 φωνήν.
986 1884 1025 1949 τὸ
1048 1878 1077 1949 δ’
1092 1899 1120 1948 w

60 1978 139 2049 σότὸ
168 1987 290 2065 μέτρον
319 1981 374 2047 καὶ
403 1976 602 2067 όμετρήτης
625 1982 706 2063 ἔχει,
736 1981 820 2047 κατὰ
841 1980 881 2045 τὸ
901 1987 1020 2065 μέτρον
1041 1981 1080 2045 τὸ

60 2076 164 2164 όγιον.

145 2182 233 2259 Τρία
254 2181 357 2259 μίτρα
380 2175 596 2257 σεμιδάλεως,
625 2175 646 2242 ά
668 2186 739 2254 τοῖς
762 2173 909 2260 ἀγγέλοις
928 2170 1080 2260 Ἁβραάμ

58 2278 91 2361 τῇ
115 2273 234 2359 Σάρρᾳ
257 2272 440 2354 ἑτοιμάζειν
462 2279 692 2356 προσέταττεν,
717 2274 752 2351 έξ
767 2263 811 2338 ῶν
826 2280 953 2356 μέτριον
969 2272 1080 2356 έγκρυ-

60 2380 138 2456 χίας
169 2371 290 2454 ἄρτους
312 2377 469 2455 γενέσθαι
492 2372 683 2438 ἐνετείλατο.
728 2375 832 2436 ταῦτα
856 2372 892 2436 δὲ
914 2370 955 2436 τά
976 2376 1081 2455 μέτρα
1092 2386 1118 2433 ιε

60 2469 198 2535 ἕκαστον
220 2467 321 2552 γόμον
344 2468 466 2552 έχιόρει.

144 2566 194 2631 Τὸ
219 2567 255 2631 δὲ
276 2565 378 2651 γόμον
401 2567 535 2631 δέκατον
558 2555 597 2651 ἦν
619 2569 676 2630 τοῦ
692 2565 835 2649 μεγάλου
850 2570 979 2647 μέτρου,
1004 2587 1081 2629 του-

61 2671 148 2731 τέστι
171 2666 231 2750 τῆς
254 2658 406 2747 άρτάχίης,
431 2661 448 2728 ὃ
463 2669 587 2747 γίνεται
604 2661 689 2728 ἑπτὰ
705 2663 827 2739 ξεστῶν
843 2663 896 2726 καί
913 2666 1078 2743 πέμπτον.

144 2769 232 2845 Τρία
261 2764 343 2826 κανᾶ
364 2763 558 2843 χονδριτῶν,
589 2761 674 2825 ἔνθα
696 2759 840 2825 είιόίίαοι
862 2758 937 2825 τότε
959 2753 1080 2824 άποτί-

44 2860 189 2925 ῃδίεσθαι
218 2857 296 2935 τούς
320 2859 502 2940 χονδρίτας.
548 2857 618 2923 ἔστι
647 2858 682 2922 δέ
711 2851 798 2934 εἶδος
827 2854 927 2940 ἄρτου
951 2856 997 2935 είς
1020 2857 1119 2922 δόοὶσ

62 2962 267 3040 τεμνομένου.
1002 2991 1006 3000 ·

143 3054 252 3137 Νέβελ
275 3052 376 3130 οἴνου,
401 3048 485 3136 ὅπερ
508 3053 575 3118 ἐστὶ
599 3045 717 3135 μέτρον
741 3053 862 3131 ξεστῶν
884 3050 942 3135 ρν’.

144 3150 194 3214 Τό
218 3148 319 3216 σάτον
340 3149 387 3231 νς’
412 3151 533 3229 ξεστῶν
555 3145 703 3232 ὑπάρχει.

136 3242 367 3330 Ἀλάβοστρον
394 3247 499 3332 μόρου
521 3253 627 3333 βικίον
649 3253 708 3328 μέν
732 3247 820 3311 έστιν
842 3241 984 3324 ὑέλινον,
1014 3273 1079 3328 χιο-

64 3349 134 3424 ροῦν
151 3346 268 3429 λίτραν
286 3345 406 3411 έλαίου.
436 3345 474 3410 τό
491 3347 527 3411 δέ
540 3351 658 3429 μέτρον
676 3345 743 3410 ἐστὶ
769 3345 884 3422 ξέστου
905 3344 943 3408 τὸ
966 3340 1076 3429 ἥμισυ.
1088 3361 1118 3410 ‘2⁵

64 3437 270 3528 ἀλάβαστρον
294 3444 330 3508 δὲ
351 3446 501 3527 κέκληται
524 3442 579 3508 διά
601 3442 639 3507 τὸ
663 3439 862 3524 εὔθρυπτον.

141 3539 334 3625 Καμψάκιγς
355 3536 490 3619 όδατος,
516 3540 557 3625 aff
582 3543 703 3619 ξεστῶν
726 3537 847 3617 όδατός
868 3538 939 3603 έστι
960 3537 998 3603 τὸ
1021 3546 1078 3622 μέ-

63 3662 143 3721 τρον.
189 3633 208 3703 ό
233 3638 269 3703 δὲ
291 3640 337 3723 τῶ
356 3635 453 3724 Ἠλίᾳ
475 3637 689 3721 ἑτοιμασέέεὶς
711 3636 889 3722 καμψάκης
909 3636 1079 3722 τεσσάρων

63 3733 123 3801 ἐστὶ
150 3737 287 3814 ξεστῶν.

134 3831 230 3899 Ἔστι
250 3831 291 3897 τό
313 3839 440 3917 μέτρονΙ
453 3833 581 3915 κοτύλη,
605 3829 706 3919 Ιἰγ’μισο
723 3834 837 3910 ξέστου
854 3827 1002 3915 ὑπάρχει.
1027 3837 1119 3897 κεῖ-ω

45 3931 171 4016 Ιιιὶιμοιι
186 3931 224 3997 δὲ
234 3930 353 4016 κοτόλιγ
367 3927 437 3997 άπὸ
450 3934 507 3996 τοῦ
523 3931 580 3995 τόν
596 3932 710 4016 ξέστην
726 3930 774 4007 εἰς
796 3928 854 3994 δύο
877 3928 1077 3997 κόπτεσθαι.

46 4048 58 4095 t
140 4027 284 4107 Κόαόός
307 4028 397 4094 έστιν
421 4029 511 4094 ἕκτον
527 4029 651 4107 ξέστου.
682 4026 836 4110 μεδεκῶδ
851 4029 886 4093 δέ
901 4029 987 4110 λέγει
1002 4027 1079 4107 τοὺς

65 4127 203 4205 κυάθους
226 4122 246 4214 ἡ
269 4125 389 4214 γραφή.
432 4126 474 4193 τὰ
496 4129 531 4192 δὲ
552 4126 745 4211 μασμυιρῶέί
767 4127 853 4209 λέγει
874 4121 952 4201 τοὺς
974 4124 1079 4193 διυλι-
