2586 4822
993 298 998 305 ι

614 395 618 403 ι

1111 471 1119 483 0

130 742 166 809 ‘s‘
212 748 254 812 94
669 765 781 815 remur

214 920 339 985 uocibus,
368 912 403 978 τὸ
427 914 587 995 λεγόμενον
607 921 740 997 πρῶτον,
763 920 912 978 Sabbatum
934 921 988 977 boc
1010 920 1074 977 ioco
1096 936 1148 995 pro
1171 936 1235 976 reo-

212 1000 315 1088 prpr‘p,
339 999 389 1084 ἕνῃ
412 1001 461 1061 καὶ
479 1000 539 1087 re‘p,
563 1006 685 1079 adeoque
700 1006 776 1063 iestis
792 1005 918 1063 omnibns
934 1006 1062 1080 usurpari
1077 1006 1231 1080 scripserat.

212 1090 290 1159 Quod
313 1101 354 1147 est
376 1090 532 1148 absurdum.
562 1091 627 1148 Nam
650 1090 798 1148 Sabbatum
821 1091 885 1148 iilud
907 1084 942 1148 τὸ
964 1081 1130 1167 λεγόμενον
1148 1090 1232 1167 11ρῶ-

211 1192 274 1244 τον,
297 1175 368 1232 aliud
391 1192 452 1232 esse
467 1175 549 1233 debet
563 1176 596 1232 ab
613 1176 754 1233 ordinariis
769 1176 893 1234 Sabbatis
908 1193 940 1232 ac
953 1175 1121 1232 deomeniis.
1150 1175 1232 1251 Equi-

212 1263 273 1317 dem
295 1260 441 1318 Sabbatum
471 1260 537 1316 1111111
565 1262 680 1335 primum
704 1279 764 1318 esse
787 1263 926 1335 suspicor,
955 1260 1133 1318 Neomeniam
1155 1259 1231 1325 tisri,

212 1364 282 1422 quae
310 1347 404 1402 maiori
433 1362 512 1419 quam
542 1355 664 1402 caeterae
693 1364 787 1403 amnes
810 1346 972 1403 Neomeniae
1002 1346 1080 1403 cultu
1110 1362 1142 1402 ac
1169 1345 1232 1403 rebi-

212 1433 293 1505 pp'one
315 1429 511 1487 celebrabatur.
556 1431 639 1487 Erant
667 1432 774 1504 quidem
797 1431 958 1488 Neomeniae
979 1431 1118 1487 mensium
1140 1446 1231 1487 omnes

212 1516 339 1573 solennes
362 1534 392 1571 ac
414 1516 513 1581 festae,
543 1516 591 1572 sed
612 1525 740 1581 eatenus,
771 1527 801 1573 ut
829 1517 855 1572 in
877 1517 910 1572 iis
932 1516 1080 1590 praecipua
1103 1517 1230 1589 quaeda

212 1618 286 1656 sacra
314 1618 345 1657 ac
374 1601 541 1657 ceremonias
568 1599 692 1665 obirent,
722 1620 778 1658 uon
805 1610 836 1657 ut
858 1601 892 1656 ab
914 1617 998 1675 opere
1019 1601 1111 1657 feriati
1133 1608 1230 1656 essem

212 1685 276 1742 Sola
304 1686 372 1743 Tisri
394 1685 556 1750 Neomenia,
587 1686 659 1760 quod
689 1697 716 1742 et
748 1687 846 1743 festum
876 1685 1012 1742 iubarum
1042 1686 1231 1759 ciarrgorisque

211 1780 333 1828 vocatum
363 1781 421 1834 est,
451 1783 599 1834 natanta,
630 1770 663 1826 ab
692 1772 780 1827 servili
809 1787 892 1845 opere
918 1771 1080 1827 nominatim
1103 1770 1232 1844 excipior

212 1857 294 1912 berit.
313 1858 361 1921 23,
380 1858 429 1914 24.
458 1855 555 1912 Menae
582 1858 712 1928 septimo,
738 1858 835 1929 primu
863 1858 908 1912 die
928 1857 1046 1919 menam,
1080 1856 1135 1910 erit
1156 1855 1229 1911 nobit

210 1941 373 2007 Sabbatum,
395 1942 557 1996 monomote
578 1943 771 2012 ctaopeutiboa
786 1943 868 2006 tubis,
892 1949 918 1996 et
932 1942 1084 1996 secabitur
1098 1947 1228 1996 abactam

212 2024 298 2081 Omne
320 2042 392 2098 opos
414 2027 516 2081 cernite
538 2043 595 2081 nou
615 2027 728 2096 sedetis
749 2028 780 2082 in
803 2043 835 2082 eo
857 2026 1021 2097 erupentia
1035 2025 1229 2082 botoeoiertn

210 2109 338 2166 Dareine.
383 2111 471 2178 Quare
501 2111 593 2165 eadem
623 2111 673 2166 suit
700 2111 773 2166 iilius
796 2111 848 2166 diei
870 2111 954 2175 ratio,
983 2126 1053 2183 quae
1078 2111 1181 2183 primae
1200 2125 1227 2164 ac

210 2195 345 2251 secundae
366 2199 528 2269 Azyruorom
551 2195 743 2260 pentecostes,
771 2196 969 2269 scenopegiae,
1000 2194 1105 2268 quibus
1127 2195 1225 2268 quidem

210 2279 313 2336 nullum
342 2297 411 2354 opus
440 2279 536 2335 servile
559 2280 616 2336 fieri
640 2280 752 2343 licebat,
784 2281 890 2337 tametsi
911 2296 980 2353 quae
1003 2279 1035 2335 ad
1060 2281 1163 2336 victum
1183 2295 1225 2334 ne·

168 2373 197 2423 65
211 2366 326 2424 cessaria
356 2364 445 2420 iurent
467 2382 629 2439 praeparare
651 2366 690 2420 ias
713 2366 772 2421 iuit.
818 2365 895 2434 Quod
918 2365 952 2421 de
974 2368 1143 2438 Azymorum
1164 2365 1224 2420 tero

211 2451 311 2505 diserte
342 2459 450 2505 cautum
483 2459 525 2505 est
546 2448 628 2506 Erodss
651 2453 755 2514 1216.
784 2451 851 2505 Dies
870 2452 966 2523 primo
988 2451 1043 2505 erit
1065 2459 1169 2506 ceneto
1186 2455 1223 2503 ot·

210 2550 261 2608 pue
283 2535 415 2598 solennis,
439 2542 465 2590 et
487 2537 545 2590 dies
559 2537 679 2608 septimo
693 2538 790 2590 eodem
803 2536 955 2607 sestititnte
969 2536 1156 2591 reparabilia.
1180 2531 1222 2588 bi·

209 2620 250 2675 1111
278 2621 372 2692 operia
400 2621 513 2691 societis
540 2622 571 2676 io
598 2622 654 2683 eir,
684 2621 806 2693 exceptio
828 2623 879 2685 iia,
909 2636 981 2692 poue
1003 2622 1043 2674 1111
1064 2621 1221 2676 aerem

206 2706 357 2777 pertinent.
401 2704 527 2761 sabbatis
549 2721 612 2761 vero
635 2722 669 2761 ne
692 2723 722 2760 ea
745 2707 854 2778 quidem
874 2720 970 2779 parare
991 2705 1032 2760 ias
1055 2715 1134 2771 erat,
1162 2717 1219 2780 qaae

210 2790 243 2845 ad
265 2792 363 2846 victum
385 2790 563 2864 pertinerent,
587 2800 618 2846 ut
639 2807 671 2845 ex
693 2790 775 2846 Exod.
794 2793 843 2855 21,
861 2792 899 2847 29
924 2800 952 2845 et
975 2791 1061 2853 aba
1087 2790 1220 2864 colligitur.

210 2873 274 2931 vide
296 2875 386 2930 Tracr.
409 2890 468 2934 nnn
491 2888 539 2935 nn
562 2888 682 2939 nnana,
705 2876 731 2930 in
759 2878 784 2931 1.
800 2876 860 2931 Par·
884 2875 928 2930 bd
951 2873 1092 2931 1111111111-
1138 2874 1220 2930 iiim

210 2969 251 3015 est
281 2960 364 3032 igitur
392 2960 465 3032 quod
487 2959 599 3016 Tertuil.
622 2959 669 3015 lib.
693 2976 754 3016 con.
779 2959 891 3016 ludaeos
915 2963 973 3017 cd
997 2956 1221 3033 praeceptumde

210 3043 377 3099 observando
400 3042 529 3109 Sabbata,
552 3045 625 3119 quod
648 3043 730 3100 and.
749 3046 787 3102 20
811 3055 838 3117 et
862 3045 969 3101 [tenter.
989 3048 1005 3100 5
1031 3045 1170 3106 sciscitor,
1191 3043 1221 3097 ita

210 3128 341 3200 concipit:
370 3127 508 3184 Memento
531 3131 603 3184 diem
624 3128 814 3185 Subbatororn
839 3130 1017 3203 sanctificare
1041 3146 1116 3185 erim
1147 3127 1221 3185 Onne

211 3228 281 3283 opita
302 3213 405 3268 semite
426 3230 484 3269 non
504 3214 616 3285 societis
638 3216 669 3269 in
692 3232 733 3278 eo,
745 3224 947 3288 praeterquam
962 3216 1039 3286 qood
1053 3217 1095 3270 od
1108 3216 1221 3271 oetan

205 3298 336 3368 pertinet.
367 3295 420 3352 Sed
441 3298 558 3370 primum
579 3299 645 3355 1111111
667 3300 701 3356 de
724 3301 825 3373 primae
847 3300 899 3355 diei
921 3316 1079 3372 azymorum
1103 3301 1220 3357 obserat-

209 3382 283 3437 tione
306 3397 366 3436 cum
389 3381 474 3437 altero
497 3382 530 3438 de
553 3381 671 3440 Sabbata
694 3385 851 3458 imprudens
873 3384 1041 3459 permiscuit.

294 3459 335 3522 ἔτι
359 3460 393 3522 dt
415 3460 470 3540 τὴν
490 3461 566 3540 μίαν
587 3465 740 3543 νηστείαν]
763 3470 864 3526 Ieiunia
886 3470 913 3524 iu
929 3468 1120 3526 Hebraeorum
1137 3469 1223 3525 Gaian-

208 3551 283 3607 dario
305 3552 510 3609 11111111111126.Ι
531 3551 584 3608 Sed
609 3570 697 3627 neque
718 3553 796 3617 festa,
820 3570 908 3627 neque
931 3553 964 3609 ab
988 3569 1072 3626 opere
1096 3570 1177 3612 vacua
1196 3567 1223 3606 ac

209 3635 326 3692 Sabbata
348 3636 467 3699 ruerunt,
491 3646 600 3710 praeter
626 3641 662 3694 to
686 3638 764 3703 iisd,
788 3656 842 3713 quo
865 3639 907 3694 die
930 3639 1029 3694 festum
1043 3651 1161 3715 nnntbp
1175 3639 1226 3694 sire

210 3720 367 3794 expiationis
396 3736 457 3778 cum
482 3722 582 3778 ieiunio
605 3723 770 3779 celebratum
793 3734 851 3787 est,
880 3724 1097 3787 1111111131.
1143 3728 1227 3797 Atque

209 3807 277 3863 baec
298 3813 341 3862 est
361 3797 479 3882 μεγάλη
502 3803 639 3881 νηστεία,
668 3825 749 3881 quam
771 3810 844 3865 iuter
865 3808 981 3865 Sabbata
1002 3807 1088 3865 refert
1111 3808 1229 3882 Epipba·

207 3892 278 3947 nius.
323 3889 391 3947 'ium
413 3891 485 3947 enim
507 3893 598 3966 operis
620 3893 687 3949 nibil
710 3893 851 3957 iaciebant,
875 3895 1012 3951 11111129.
1058 3893 1098 3950 be
1121 3894 1227 3949 minore

209 3976 312 4033 Ieiunia
333 3975 453 4033 nondum
476 3987 577 4034 certam
601 3978 732 4033 rationem
756 3979 882 4052 expedire
904 3979 990 4053 potui.
1020 3978 1051 4033 ln
1067 3978 1229 4035 kalendario

207 4060 408 4127 Hebraeorum,
432 4064 505 4143 qood
528 4063 655 4137 Sigonius
677 4079 708 4119 ac
730 4063 883 4121 Tomielms
903 4063 1061 4129 ediderunt,
1091 4064 1137 4121 die
1159 4064 1233 4119 Adur
