2586 4822
167 779 230 841 tdd
318 864 321 871 .
618 788 732 840 νουσα

168 939 352 1023 γράψαντες,
374 944 530 1018 πανταχοῦ
552 937 782 1017 διαπέμπονται.
812 941 968 1014 Manifesta
993 950 1055 998 ton
1071 942 1189 1001 Con-b

167 1032 311 1086 stant-iotis
332 1047 427 1084 erucem
449 1030 625 1084 onotbemote
647 1031 795 1092 damnant,
824 1028 990 1100 opinionem
1011 1046 1097 1094 vero,
1120 1032 1189 1103 pud

171 1117 262 1171 Filius
284 1116 366 1170 Patri
387 1115 531 1170 dissimilis
554 1123 638 1178 esset,
662 1131 716 1186 per
737 1115 834 1168 literas
856 1114 984 1186 scriptos
1009 1116 1115 1188 ubique
1135 1118 1187 1171 ὥ·

168 1202 307 1255 seminare
330 1208 488 1271 coeperunt.
519 1201 592 1254 ltane
615 1217 706 1254 nerum
730 1207 771 1253 est
788 1198 830 1253 vel
845 1199 1026 1255 anathemate
1041 1202 1185 1257 damnatam

171 1286 424 1340 Cormubstanb'olt's
446 1302 549 1348 vocem,
571 1284 613 1340 vel
635 1286 834 1339 dnomoeornm
858 1283 958 1356 dogma
982 1293 1044 1340 tum
1066 1285 1100 1340 ab
1115 1286 1186 1341 dria-

168 1371 209 1426 nis
232 1371 315 1424 luisse
338 1368 497 1424 decretum‘l
526 1371 582 1424 lino
604 1386 666 1424 rere
690 1368 784 1424 lalsum
807 1377 859 1423 est.
889 1368 949 1424 Non
976 1372 1061 1434 enim,
1085 1372 1180 1443 opinor,

168 1454 323 1508 Serraiariani
347 1457 400 1508 τοῦ
423 1446 568 1527 ἀνομοίου
594 1471 688 1509 osores
711 1454 833 1508 acerrimi
856 1453 936 1508 sulem
960 1455 992 1509 in
1016 1456 1060 1510 illa
1082 1455 1179 1527 syuodo

167 1539 324 1592 rclloruisso
346 1539 474 1600 dicerent,
499 1539 521 1593 si
544 1539 570 1594 in
587 1557 617 1594 ea
632 1539 704 1594 istud
720 1540 817 1611 ipsum,
841 1539 919 1594 cuius
936 1540 1080 1595 evertendi
1094 1556 1178 1594 caussa

167 1633 357 1686 convenerant,
380 1624 548 1697 sacrilegium
571 1623 736 1697 publicatum
758 1633 841 1679 esset.
870 1623 937 1679 llam
961 1625 1044 1697 quod
1064 1625 1093 1679 ad
1106 1617 1176 1695 ὁμο·

100 1771 105 1781 .
168 1702 272 1762 oror'oo
301 1726 392 1762 vocem
422 1709 532 1772 attinet,
565 1718 668 1765 eertum
697 1717 740 1764 est
767 1725 826 1764 eam
848 1709 958 1782 quidem
985 1710 1015 1765 in
1040 1707 1173 1766 Sardioemi

167 1792 376 1865 pseudosynodo
405 1811 592 1867 suppressam,
621 1811 675 1849 raon
705 1803 793 1848 tamen
823 1794 1001 1849 anathemate
1029 1795 1169 1850 dauuuuu

167 1878 388 1949 Quandoquidem
417 1879 444 1933 in
472 1880 586 1934 caeteris
607 1879 767 1934 drianorum
795 1877 995 1942 conventibus,
1028 1880 1072 1952 qm
1091 1887 1172 1951 postea

166 1962 306 2017 subsecuti
329 1973 402 2027 sunt,
427 1965 531 2018 tametsi
548 1963 789 2019 consubstantialis
811 1962 957 2035 appellatio
982 1965 1044 2036 ipsa
1062 1964 1173 2018 dissimu-

166 2046 218 2101 lata
241 2048 290 2111 sit,
320 2057 484 2103 nontamen
511 2049 546 2102 ita
569 2049 722 2121 repudiata,
752 2057 783 2102 ut
804 2048 970 2103 anathemati
996 2047 1172 2109 sublineium,

165 2131 213 2185 sed
236 2141 362 2202 tanquam
384 2132 545 2205 simplicius,
576 2150 607 2186 ac.
630 2142 737 2205 praeter
758 2148 911 2205 expressam
935 2150 1080 2189 sacrorum
1100 2133 1173 2188 libro·

165 2232 224 2269 rum
248 2216 438 2272 authoritatem
462 2227 589 2290 usurpata
611 2218 742 2290 supprimi
764 2216 914 2273 iuberetur.
946 2218 1011 2286 Quo
1027 2219 1106 2274 etiam
1118 2214 1172 2272 ittet

165 2309 285 2372 spectat,
309 2300 380 2372 quod
404 2319 485 2374 snpra
508 2320 538 2357 ex
562 2302 676 2375 Sulpitio
699 2302 985 2366 commemoravimus,
1019 2299 1170 2358 Ariaoosad

165 2384 319 2440 Sirmiensis
343 2403 428 2458 nsque
452 2387 561 2443 Concilii
585 2398 706 2461 tempora
728 2388 848 2443 nondum
871 2396 965 2459 aperte
986 2386 1171 2443 Nicaeuillou-

166 2469 217 2524 cilii
239 2471 346 2525 deerota
370 2488 527 2544 oppugnare
549 2490 630 2528 ausos
654 2490 729 2528 esse:
759 2472 831 2545 quod
852 2471 977 2544 prolecto
1003 2470 1171 2537 senemaud

165 2573 219 2610 raon
242 2555 329 2610 solum
352 2550 387 2612 τὸ
408 2549 572 2628 ὁμοοίσιον
592 2559 761 2612 anathemate
783 2558 957 2622 damnarent,
986 2575 1082 2614 verum
1103 2557 1171 2613 ctiam

164 2639 319 2695 dissimilem
349 2659 410 2697 esse
433 2642 519 2697 Patris
541 2642 636 2698 Filium
665 2643 749 2698 libere
778 2651 926 2716 aperteque
957 2644 1171 2715 pronunciarent.

162 2725 256 2796 ltaque
273 2727 424 2781 Sozorneno
447 2728 537 2799 potius
561 2728 760 2783 assentiendum
785 2744 864 2799 quum
881 2728 999 2783 Socrati.
1043 2724 1171 2800 Ersiout

163 2810 236 2865 laune
259 2810 284 2864 in
308 2810 426 2867 editione
442 2813 584 2866 novissima
601 2813 784 2868 Graeculatina
806 2829 855 2884 pro
878 2805 935 2886 τὴν
955 2814 1014 2868 τοῦ
1039 2806 1169 2884 ἀνομοίου

164 2887 257 2961 δόξαν
278 2898 439 2968 rescriptum
463 2906 519 2961 est,
548 2891 603 2971 τὴν
623 2899 677 2952 τοῦ
700 2889 885 2970 ἀνομουσίου
907 2890 1016 2964 δόξαν.
1063 2894 1170 2967 Quodsi

163 2996 194 3032 ex
217 2988 337 3055 craterum
361 2981 483 3036 codicum
506 2983 669 3037 authoritate
692 2983 789 3038 lac-tum
814 2990 864 3045 est,
888 2999 944 3036 non
967 2983 1105 3056 improbo.

111 3068 153 3117 321
249 3067 308 3120 846
326 3083 348 3119 c.
380 3062 406 3121 α’
425 3061 482 3138 μίν
503 3062 552 3120 καὶ
576 3064 741 3142 λογισμοῖς]
788 3068 862 3121 Gerr.
893 3059 936 3122 ἔτι
958 3062 1027 3141 μὴν
1049 3063 1096 3122 καὶ
1116 3064 1168 3137 loy.

161 3148 286 3201 tlstemlit
308 3149 419 3204 Basilius
448 3169 477 3206 se
500 3152 533 3206 de
555 3152 706 3207 Sardicensi
729 3152 773 3207 illo
797 3151 971 3207 Orientalium
998 3162 1027 3208 et
1050 3151 1169 3209 tlecidca-

161 3230 252 3284 talium
275 3231 384 3288 dissidio
408 3252 476 3305 opus
499 3237 633 3308 quoddam
656 3237 838 3292 elucubrasse.

248 3317 306 3371 847
325 3333 349 3370 a.
387 3313 544 3392 ἐλπίζομεν
573 3316 623 3376 διὰ
652 3316 686 3377 τὸ
716 3313 881 3397 τολμηρόν]
928 3321 1015 3377 Forte
1045 3324 1097 3395 leg.
1122 3311 1170 3394 ἢλ-

159 3393 291 3472 πίζομεν.

245 3488 303 3542 Sil
321 3485 349 3540 b.
379 3481 529 3542 ἐκθέσθαι
554 3486 595 3555 είς
617 3492 706 3545 τοῦτο
728 3483 763 3547 τὸ
785 3479 875 3562 elder]
917 3490 976 3545 lloe
1007 3503 1051 3547 est
1073 3493 1096 3546 iu
1118 3489 1170 3544 lor-

159 3570 244 3632 mula‚
269 3572 493 3644 professioneque
516 3573 576 3628 bdei
600 3577 755 3631 raciminatim
777 3577 851 3641 eius,
875 3577 948 3650 quod
973 3579 1007 3631 ab
1033 3575 1169 3633 ttaereuds

159 3666 340 3727 oppugnatur,
364 3658 528 3712 mentionem
552 3660 675 3716 adiicere.

245 3743 304 3797 ate
322 3760 345 3796 e.
390 3742 540 3818 καθαρῶς
571 3739 626 3810 τὴν
658 3746 713 3802 τοῦ
745 3741 776 3814 ἓξ
808 3737 990 3817 ἀσωμάτου]
1040 3747 1102 3818 Leg.
1132 3738 1170 3808 εἰς

157 3812 212 3893 σὴν
235 3826 296 3878 τοῦ.

244 3910 303 3964 850
321 3927 344 3964 e.
375 3903 417 3977 ὡς
439 3903 454 3967 ὃ
478 3906 608 3980 τετοκυίας
628 3909 742 3986 βόλους
763 3905 889 3991 δρόσου]
921 3914 1063 3982 Quaedam
1085 3928 1168 3971 eten-

156 3990 239 4062 plaria
263 3996 312 4064 pro
333 3989 446 4065 βόλους
468 4014 608 4070 perperam
630 3994 753 4070 βώλους
775 3999 911 4064 exhibent,
935 3999 991 4056 boc
1013 4011 1058 4057 est
1070 4002 1167 4072 pletas.

156 4074 221 4132 llam
244 4076 374 4136 Hebraico
401 4081 533 4157 seriptum
556 4093 598 4143 est
619 4081 662 4148 bn
684 4081 754 4148 *batt
775 4086 869 4143 elilim
890 4085 977 4141 roris.
1016 4086 1102 4161 ‹npud
1120 4083 1169 4141 lla-
