2586 4822
443 836 731 888 anruaovmsroms.
1056 820 1097 884 tt

74 992 152 1051 Libri
181 992 263 1050 lidan
296 992 411 1056 iaciunt,
443 1003 473 1049 ut
504 1011 535 1049 ea
569 993 602 1049 de
637 1011 667 1050 re
695 994 735 1049 vir
762 991 859 1049 dectus
887 991 987 1049 trustra
1016 992 1097 1048 dulii-

73 1079 184 1137 tarerit.

164 1153 373 1218 ἀπεόεκάτουν
396 1157 429 1218 de*
452 1154 706 1237 τὴνδικάτωσιν]
731 1163 874 1235 Proprium
898 1162 949 1217 boc
972 1162 1021 1218 luit
1044 1163 1097 1218 le-
1148 1215 1154 1228 ,

73 1249 201 1312 vitarum,
225 1249 270 1321 qui
293 1248 466 1310 decimarum,
490 1265 557 1320 quas
579 1249 697 1320 populus
720 1246 882 1320 praestabat,
906 1248 1023 1304 decimas
1046 1248 1098 1303 Sa-

72 1334 234 1391 cerdotibus
257 1332 424 1396 eximebantz
448 1333 627 1388 Numerorum
655 1335 701 1390 18.
731 1333 813 1405 Atqui
835 1348 890 1388 non
912 1349 1008 1388 omines
1024 1333 1096 1389 Pha·

73 1420 158 1476 risaei
179 1429 256 1474 erant
278 1420 399 1482 Levitae,
423 1417 497 1491 quud
520 1428 608 1473 tamen
632 1418 810 1491 lipiplianium
834 1418 953 1474 sensisse
982 1435 1013 1474 ea
1045 1420 1097 1475 lroc

72 1504 138 1561 leco
167 1505 297 1576 suspicari
326 1504 422 1576 aliquis
451 1512 553 1576 posset.
600 1503 673 1571 Qriae
701 1503 772 1557 euim
801 1502 901 1575 alioqui
922 1503 1097 1560 decumarum

72 1598 142 1645 sunt
164 1589 302 1649 decumae,
326 1606 387 1643 cum
410 1598 518 1662 praeter
540 1588 687 1643 basilicum
710 1587 833 1643 ordinem
855 1588 982 1644 decumas
1005 1589 1096 1645 rmllus

71 1671 231 1748 acceperit?
275 1674 394 1729 Primitrn
422 1674 542 1728 anartium
570 1672 603 1727 ab
626 1673 752 1729 Israelitis
781 1673 915 1745 primitiae
946 1673 978 1728 de
1005 1675 1095 1746 spicis,

74 1760 135 1816 uvis
159 1768 185 1815 et
207 1757 274 1814 oleis
297 1758 493 1815 alienabantur:
518 1768 575 1813 tuin
599 1757 632 1813 de
654 1757 777 1830 frugibus
801 1756 945 1813 elaboratis
962 1759 1097 1814 Tlieruma

72 1853 104 1900 et
129 1844 256 1900 decimae.
288 1844 422 1899 Therirma
445 1844 471 1898 in
495 1843 554 1916 lege
577 1842 686 1899 delinita
709 1860 763 1898 uon
786 1853 853 1898 erat.
899 1842 952 1898 Sed
974 1860 988 1897 a
1012 1844 1098 1917 blagi-

73 1930 141 1985 stris
164 1930 347 2002 praescriptus
372 1928 467 1983 rnodus
491 1938 541 1991 est,
566 1937 596 1983 ut
618 1945 652 1983 ne
675 1929 763 1982 minus
779 1928 945 2001 sexagesima
959 1929 1098 2002 pendere·

73 2024 130 2070 tur.
163 2015 250 2082 Quare
274 2015 319 2087 qui
341 2013 465 2069 liberales
488 2022 574 2076 erant,
598 2012 840 2085 quadragesimam,
863 2011 937 2085 parci
958 2015 1098 2087 sexagesi-

74 2116 162 2164 mam,
186 2099 265 2154 medii
295 2100 366 2153 inter
398 2108 531 2170 utrosque
559 2097 592 2152 ad
615 2099 665 2153 hos
689 2107 735 2153 aut
757 2097 817 2152 illes
839 2095 1013 2153 accedebant.
1060 2099 1096 2155 lie

73 2201 129 2257 qua
151 2202 182 2241 re
204 2193 274 2241 extat
298 2183 405 2255 losephi
429 2182 557 2256 Scaligeri
581 2183 746 2255 Opus-culum
769 2183 841 2239 iuter
862 2183 1020 2238 Postbuum.
1058 2183 1097 2241 lle

74 2270 107 2324 iis
131 2269 222 2341 itaque
246 2269 387 2324 Thermnis
410 2268 514 2323 lortean
537 2268 709 2340 accipiendus
724 2268 901 2341 Epiphanius,
924 2286 985 2324 ciam
1009 2286 1097 2345 τρια-
1182 2254 1187 2260 ’

73 2346 230 2420 κοντάδας
251 2364 277 2409 et
299 2347 547 2426 πεντηκοντάδας
568 2354 720 2425 persolutus
743 2353 925 2408 aPlaarisaeis
949 2370 1010 2409 esse
1027 2354 1097 2411 scri-

74 2439 124 2497 bit.
162 2439 240 2507 Quod
263 2439 285 2494 si
307 2456 398 2494 verum
423 2448 473 2501 est,
498 2439 606 2511 egregia
630 2438 737 2492 illorum
759 2438 906 2494 liberalitas
930 2440 1025 2502 extitit,
1049 2448 1097 2495 ut·-

75 2534 140 2598 pote
162 2525 208 2597 qui
232 2524 401 2597 praefinitum
425 2541 439 2577 a
455 2523 588 2595 llagistris
605 2522 748 2577 terminum
766 2524 827 2578 τῶν
842 2524 1097 2596 τεσσαρακοσιῶν

73 2610 271 2683 superaverint.
297 2609 356 2664 Tria
372 2626 455 2681 porro
469 2609 644 2663 alecumarum
660 2608 731 2679 apml
746 2606 884 2663 llclaracos
899 2625 998 2681 genera
1016 2626 1098 2681 prae*

74 2705 117 2750 ter
132 2695 282 2750 Therumas
304 2703 331 2749 ct
354 2694 484 2766 primitias
507 2692 591 2747 luere.
623 2692 711 2746 Prima
726 2691 770 2746 illa
787 2692 844 2756 luit,
869 2709 948 2765 quam
965 2693 1097 2751 leviticae

74 2778 158 2835 tribui
187 2780 332 2852 quotannis
354 2777 536 2851 pensitabant.
568 2777 752 2840 Narrat.18,20
776 2786 803 2832 et
826 2776 963 2850 deinceps.
994 2779 1095 2844 Altera,

73 2881 155 2937 quana
184 2864 296 2936 singulis
325 2864 402 2919 auaris
430 2880 514 2935 pianes
542 2879 572 2916 se
595 2862 711 2934 quisque
735 2862 885 2926 retinebat,
915 2871 945 2917 ut
967 2862 1018 2927 ibi,
1049 2863 1097 2920 ubi

73 2949 264 3007 &uaesaniam
287 2958 353 3012 erat,
378 2949 420 3003 illa
444 2955 608 3009 vesceretur,
632 2946 759 3002 adhibitis
775 2947 808 3002 ad
823 2947 972 3002 convivium
987 2949 1095 3014 teritis,

72 3033 153 3090 lleut.
173 3038 218 3091 ld.
249 3034 338 3089 Tertia
360 3033 483 3097 demum,
507 3049 589 3104 quam
613 3031 693 3087 tertio
716 3049 826 3104 quoque
847 3048 918 3087 anno
941 3033 967 3088 in
991 3034 1096 3090 Levites

65 3127 100 3175 et
122 3119 243 3192 pupillos
265 3119 411 3190 viduasque
433 3116 647 3173 distribuebant:
672 3116 732 3172 eod.
757 3117 834 3172 [teat.
857 3133 918 3190 cap.
990 3134 993 3141 ·
1093 3134 1097 3141 ·

159 3200 210 3258 καὶ
231 3204 412 3278 γυναικικιῦν
433 3196 576 3275 ἱματίων]
599 3202 762 3275 llagnopere
784 3201 944 3265 mirandum,
968 3203 991 3257 si
1013 3202 1137 3263 modoad

55 3306 165 3346 verum
196 3299 252 3352 est,
282 3286 459 3343 muliebribus
486 3286 601 3360 palliolis
630 3304 695 3342 usos
718 3304 778 3342 esse
800 3286 970 3343 Pharisaeos.
1015 3288 1094 3356 Quod

51 3375 213 3450 zeqtdtur,
243 3370 276 3429 ἓν
303 3369 460 3439 πλατείαις
487 3375 555 3438 ταῖς
576 3374 717 3448 κρηπῖσι,
747 3372 814 3427 latas
838 3371 947 3428 eosdem
970 3373 1095 3446 crepidas

50 3456 203 3516 liabuisse
225 3458 367 3532 signifieat,
392 3474 443 3513 nee
465 3458 544 3513 aliter
559 3456 713 3512 domarius.
744 3456 856 3525 Quidam
874 3466 962 3513 tamen
980 3458 1016 3513 ita
1031 3475 1096 3515 cora·

43 3544 217 3619 ligandum
239 3553 349 3617 putant,
379 3539 412 3599 ἓν
432 3537 598 3611 πλατείαις,
626 3537 657 3598 ἐν
678 3545 745 3608 ταῖς
767 3544 902 3618 κρηπῖσι,
924 3538 974 3596 καὶ
996 3534 1096 3618 γλώτ-

38 3645 149 3699 ταις,
173 3638 225 3685 ete.
256 3646 286 3684 ac
309 3628 411 3701 plateas
434 3626 597 3700 intelligunt,
621 3627 648 3681 in
671 3627 770 3702 quilius
786 3626 959 3683 ostentabant
977 3645 1006 3683 se
1022 3629 1096 3684 Pha·

38 3715 162 3771 1isaei.
193 3713 250 3788 ligo
273 3713 338 3768 nihil
361 3713 542 3768 innovandum
565 3727 674 3767 censeo.

159 3801 198 3857 34
215 3817 238 3855 e.
274 3788 376 3874 Φάρες
397 3791 456 3873 γὰρ
480 3788 559 3851 κατὰ
582 3787 637 3870 τὴν
653 3788 816 3873 Ἑβραΐὸα]
841 3797 906 3870 lieg.
931 3797 1014 3852 codes
1036 3789 1093 3872 qid-

42 3901 132 3959 ρες,
156 3884 233 3957 quasi
252 3885 288 3940 sit
310 3878 406 3960 φέρις,
430 3892 456 3938 et
471 3881 615 3954 legendum
632 3883 666 3937 sit
682 3872 903 3958 ἀφωρισμένος.
934 3881 1093 3954 Quanquam

47 3961 250 4046 depopiopdr
277 3985 321 4024 res
349 3977 392 4024 est
419 3968 491 4041 ipsa,
523 3983 603 4039 quana
626 3965 785 4022 vocabulum
808 3966 955 4038 signifieat:
985 3984 1038 4021 non
1063 3973 1093 4021 ut

53 4048 106 4111 τὸ
136 4044 235 4131 φάρες
262 4052 303 4109 vel
333 4046 423 4130 φίρες
449 4051 572 4125 praecise
601 4051 636 4108 sit
661 4050 767 4107 verbale
790 4050 987 4106 substantivum
1011 4044 1092 4124 ἐνέρ-

50 4152 155 4207 γειαν
175 4155 286 4196 sonans.
317 4137 366 4193 Est
388 4138 459 4194 enim
481 4135 572 4210 potius
594 4144 745 4209 separator
767 4152 847 4208 quam
869 4135 1024 4207 separatio.

122 4235 265 4290 rptpnaatm.
284 4233 307 4276 v.
924 4231 942 4284 4
