2586 4822
500 841 607 890 vuasto
627 840 767 898 anatona.
1083 826 1145 891 209

114 995 254 1051 nelarie
278 994 392 1050 Garizirn
416 1011 470 1049 uon
494 995 543 1056 sit,
568 996 613 1066 qui
636 995 739 1051 adiacet
762 995 882 1058 sicimis,
907 1012 974 1067 quae
998 997 1094 1053 Sieirna
1117 1006 1144 1056 ct

111 1079 235 1136 Siclrem
259 1079 373 1142 dieitur,
396 1079 500 1135 liabens
523 1096 554 1134 ex
578 1079 690 1134 adverso
714 1074 850 1145 Sieliar¹t,
881 1078 974 1135 urbem
997 1081 1145 1139 Samarita-

104 1182 201 1229 rum,
232 1164 260 1218 in
289 1178 368 1236 qoam
397 1164 537 1236 ingressus
567 1173 608 1219 est
631 1164 776 1228 Dominae,
807 1164 878 1219 nude
908 1165 1071 1221 Samaritana
1100 1166 1144 1224 itu

103 1249 224 1306 mulier
253 1265 362 1321 egressa
392 1249 491 1303 invenit
520 1265 581 1303 eunt
610 1250 750 1305 sedentem
773 1250 844 1322 apud
866 1252 1025 1321 puleummp.
1069 1251 1146 1309 Nunc

45 1344 77 1397 58
97 1343 216 1393 autem
241 1333 340 1389 Sieima
362 1332 488 1406 Neapolis
517 1333 715 1406 appellatur⁰)‚
750 1335 841 1388 civitas
865 1334 1069 1405 opulentissima
1092 1335 1171 1394 Pit-b

92 1418 314 1478 laestinorum.
370 1417 445 1473 Tune
473 1428 562 1473 autent
586 1418 704 1473 Samaria
730 1418 900 1483 dicebatur⁰l
929 1428 1010 1492 atque
1037 1421 1144 1477 iudaea.

86 1504 244 1563 Samaria
268 1511 358 1559 autem
381 1502 508 1574 quoniam
530 1519 608 1557 mous
631 1503 689 1574 ipse
712 1503 871 1559 naturaliter
893 1503 1031 1559 euiusdana
1048 1508 1145 1561 somer

81 1587 289 1652 vocabalum
317 1586 400 1641 lilium
429 1596 520 1642 autern
549 1585 643 1641 habuit
673 1587 723 1642 iste
752 1588 901 1651 Semnan,
932 1598 957 1643 et
987 1587 1075 1644 dietus
1103 1598 1147 1647 est

75 1690 202 1734 mous
226 1670 337 1736 Somar,
369 1680 396 1726 et
425 1671 487 1726 hine
516 1671 631 1726 nominis
656 1671 736 1726 liuius
759 1672 901 1744 appellatio
925 1684 1070 1729 consecuta
1094 1683 1145 1735 est.

68 1842 164 1898 sit,
190 1836 314 1885 Eusebius
338 1845 379 1884 aut
397 1838 570 1898 Hieronymus:
597 1838 665 1885 l‘arra
691 1838 831 1886 Samaritani
857 1841 999 1887 arbitrantur
1023 1843 1063 1888 lias
1089 1840 1148 1889 dam

64 1913 209 1960 neantes
230 1902 319 1966 [Gebal
338 1911 362 1952 et
381 1902 495 1966 Gerizim]
520 1908 581 1953 inter
598 1904 718 1967 Neapolim
736 1920 799 1963 esre,
828 1908 869 1953 sed
892 1909 1032 1955 veliementer
1057 1914 1149 1967 u·ranl;

55 1975 248 2047 plurimam
266 1975 326 2021 enim
342 1976 402 2021 inter
419 1989 445 2021 se
463 1975 562 2032 distant,
588 1987 629 2020 nec
652 1981 749 2034 portant
768 1975 863 2022 invicem
881 1975 1074 2034 benedicentium,
1101 1976 1150 2024 sire

59 2061 126 2097 qn
134 2042 312 2090 alediaentiam
329 2042 388 2089 inter
406 2041 527 2106 celandiri
544 2055 618 2097 raaces,
640 2041 701 2102 qnod
713 2041 831 2102 Scriptura
850 2049 1015 2090 commemorat.
1046 2040 1149 2103 lnleriuq

41 2104 218 2168 ‘autenm
245 2108 286 2156 ulai
305 2108 393 2156 dietum
413 2116 449 2155 est
469 2107 565 2166 Galaol,
590 2107 638 2154 aire
658 2105 751 2167 oatgat,
777 2106 857 2155 loanni
882 2122 936 2155 esse
960 2109 1022 2157 iuxta
1048 2109 1148 2171 Iericho,

64 2175 221 2230 subdit:
248 2176 333 2224 Errant
355 2178 427 2236 ipiltrr
445 2177 598 2233 Samaritani,
628 2178 667 2237 qui
693 2177 759 2223 inata
778 2175 897 2238 Neapolim
916 2177 1014 2226 Gariaim
1040 2187 1059 2226 el
1079 2179 1149 2228 Gelai

61 2251 211 2299 nucales
230 2245 351 2291 ostendere
367 2244 454 2301 valant,
473 2260 540 2305 pintan
559 2244 614 2290 illas
632 2245 698 2290 irrata
719 2244 799 2305 Galpal
818 2260 867 2291 erae
886 2245 1005 2306 Scriptura
1023 2253 1125 2296 testetur.

211 2327 228 2381 li
254 2326 336 2388 ltaque
361 2327 443 2374 urbem
464 2327 547 2375 Sielaar
571 2341 585 2373 a
610 2327 704 2374 Sieltem
731 2326 890 2387 distinguebat
910 2327 1064 2389 Epiphanius.
1100 2330 1149 2380 Sctl

68 2414 100 2448 a
112 2400 209 2443 uolor
227 2395 260 2442 lle
278 2396 336 2443 laria
354 2410 434 2442 marae
452 2396 583 2457 Scripturae
602 2408 648 2441 nou
666 2395 758 2452 sialiter,
786 2396 829 2441 sed
848 2396 943 2442 Sielteru
962 2397 991 2443 ab
1011 2398 1069 2444 urbe
1088 2398 1150 2447 Nea·

73 2460 177 2531 poli
200 2460 323 2521 distinguit
355 2461 378 2507 in
402 2462 499 2509 naribus
523 2454 628 2517 Λοὺζα,
657 2457 770 2525 Συχοῦμ
801 2471 823 2509 et
849 2458 1024 2524 Τερέβινθος,
1059 2464 1150 2527 ubique

77 2527 221 2581 Sicbem
241 2542 317 2592 prope
335 2528 458 2591 Neapolim
478 2543 532 2577 esse
551 2530 648 2577 ducens.
693 2529 745 2576 Nan
770 2530 811 2577 uni
835 2530 948 2591 antiquae
976 2531 1028 2577 urbi
1052 2532 1154 2592 contigit

82 2594 204 2664 priato
222 2610 267 2644 sao
285 2596 339 2645 loco
357 2598 458 2656 moneri,
485 2597 539 2644 ltine
564 2605 631 2659 parte
654 2597 720 2644 urbis
745 2595 813 2658 lapsu
833 2599 947 2659 temporis
972 2605 1101 2659 pereunte,
1127 2606 1152 2648 ct

87 2662 195 2715 'attiae
210 2665 275 2712 naris
293 2663 409 2713 aediliciis
428 2664 510 2712 arbem
529 2664 680 2724 erigentibus,
699 2665 730 2710 ita
750 2672 775 2710 ut
795 2665 931 2712 suburbana
944 2665 968 2711 in
981 2666 1152 2714 urbetntrans·

93 2729 207 2789 ierint,
225 2739 247 2779 et
265 2732 323 2780 urbs
341 2733 493 2780 surburbantrs
511 2732 580 2780 lacus
599 2733 629 2778 sit
648 2731 733 2778 lactus.
776 2732 910 2791 Cantigitne
935 2731 979 2778 bac
998 2732 1108 2780 lortasaia
1127 2740 1152 2782 et

100 2796 238 2853 Siccam.
266 2800 297 2847 ita
317 2808 343 2847 ut
360 2800 469 2859 tandem,
489 2814 562 2862 qutun
581 2797 694 2861 Neapolis
713 2798 847 2858 diceretur,
867 2799 1014 2860 abantiquo
1033 2812 1078 2847 suo
1095 2799 1151 2848 loco

107 2865 245 2914 distaret?
280 2868 354 2916 l‘arro
373 2867 430 2930 quid
449 2868 469 2915 si
496 2867 618 2929 antiquius
643 2880 730 2913 nomeu
757 2873 822 2912 esset
846 2866 942 2913 Sielrem
967 2880 1039 2927 quarn
1059 2866 1151 2924 Sicbar,

112 2938 152 2976 ec
179 2929 237 2981 locus
253 2933 293 2982 illc
312 2949 341 2983 eo
360 2938 456 2982 animine
474 2934 558 2982 luisset
578 2935 703 2995 dicendae,
728 2934 784 2980 lieet
803 2933 841 2980 alii
861 2940 883 2980 et
902 2933 987 2981 Siebar
1011 2947 1066 2982 earn
1085 2934 1151 2983 dice·

118 3003 301 3063 rentnamine,
327 3003 391 3065 qtrud
410 3003 476 3050 urbis
494 3003 574 3064 patius
593 3002 705 3063 Neapolis
724 3001 846 3062 proprium
866 3001 935 3047 erat?
971 3000 1019 3049 Sed
1047 3008 1084 3049 eat
1108 3003 1151 3065 qai

121 3062 189 3110 velit
202 3067 271 3129 ipsam
291 3070 387 3119 Siclrem
414 3072 443 3117 ab
464 3071 578 3117 lleluaeis
603 3070 689 3117 dietam
715 3069 789 3116 [trisse
808 3069 893 3116 Siclrar
915 3067 950 3115 ael
975 3083 1002 3116 er
1027 3069 1151 3117 communi

129 3127 237 3198 dialecto,
255 3139 293 3186 eui
311 3139 532 3201 frequentissimum
552 3145 588 3185 est
607 3139 731 3185 immutare
744 3137 844 3195 litteras,
862 3134 897 3183 rel
917 3144 941 3183 ut
961 3136 1065 3196 nomine,
1085 3135 1151 3200 qnod

134 3203 281 3266 pendanum,
305 3209 473 3266 nureeaariaa,
498 3205 592 3267 aliaque
611 3204 747 3253 lnriusmadi
767 3218 853 3252 sanare
873 3210 965 3265 potest,
994 3204 1151 3252 samaritanis

140 3259 262 3321 illuderent.
298 3273 355 3321 viae
375 3272 534 3333 bigittlaotam
555 3275 618 3337 ilisa.
635 3274 739 3335 Clrarap,
759 3279 813 3330 ete,
832 3285 884 3333 cap.
895 3271 918 3325 4,
938 3268 995 3332 §Q
1024 3279 1046 3318 et
1067 3270 1152 3320 lielen-

145 3326 193 3439 lum
209 3339 230 3387 iu
248 3343 256 3389 l
274 3350 334 3403 part.
354 3343 413 3392 ilias.
433 3342 537 3401 ,dircell.,
563 3341 625 3388 iuss.
645 3340 667 3393 3.
688 3349 711 3387 et
729 3338 770 3387 lib.
782 3339 812 3387 lll
833 3340 864 3388 lla
881 3341 978 3387 ordinas
997 3348 1016 3388 et
1034 3342 1091 3389 eicis
1110 3340 1153 3389 Ρα-

155 3406 248 3469 aedium,
266 3418 311 3458 ete.

218 3500 247 3545 ml
264 3492 302 3542 Er.
316 3494 340 3540 S.
356 3494 450 3541 loannis
469 3507 520 3555 cap.
532 3493 567 3552 lll,
587 3492 627 3539 ubi
646 3493 670 3539 S.
682 3491 838 3553 Epiphaniam
858 3491 944 3550 legisse
963 3497 1057 3538 cunstat
1072 3490 1156 3540 Siodar

149 3556 181 3594 ³¹¹¹
194 3554 281 3621 Saitae,
302 3576 373 3623 apuam
392 3561 519 3609 lectionem
540 3561 579 3609 Gr.
599 3560 661 3621 eod,
680 3562 762 3622 Syrias,
781 3559 864 3620 Arabs,
884 3558 987 3618 Vulgata,
1007 3566 1060 3618 ete,
1088 3570 1154 3606 cont·

151 3617 241 3689 aratam,
263 3629 408 3678 reclamante
426 3629 482 3676 licet
502 3629 645 3690 llieranpmo
664 3627 717 3675 laea
737 3627 857 3689 descripto
877 3626 951 3688 pbb,
976 3639 1070 3673 necnon
1089 3642 1110 3689 p.
1128 3628 1153 3673 ira

154 3681 193 3761 Μ·
210 3697 306 3759 capas,
326 3697 365 3745 ubi
384 3696 432 3744 ait:
463 3697 573 3746 llebraiae
592 3697 681 3744 Sialram
700 3697 792 3754 dicitnr,
816 3702 840 3742 nt
861 3695 956 3743 loannes
975 3709 1065 3758 anaante
1083 3707 1155 3741 raan-

153 3751 220 3806 liliata
234 3771 334 3825 tentatur,
354 3765 406 3813 lieet
424 3766 513 3823 ritiase,
540 3772 564 3813 nl
583 3765 665 3813 Sielrar
683 3764 780 3826 lepatnr,
801 3778 865 3811 errat·
883 3763 985 3811 inolevit.

221 3849 243 3910 1¹)
260 3850 366 3913 idipsum
386 3849 456 3897 docet
475 3848 622 3912 Epiphanius
640 3847 664 3895 in
683 3848 737 3897 Pan.
755 3846 796 3896 lilr.
811 3846 850 3894 lll.
869 3861 891 3909 p.
906 3845 968 3894 1055
989 3852 1010 3893 et
1031 3841 1103 3893 1068.

220 3939 241 3987 ol
258 3934 343 3996 incipit
361 3934 400 3981 bic
418 3934 487 3995 longa
505 3947 518 3982 a
537 3933 660 3996 proposita
679 3933 788 3981 oratione
813 3930 939 3992 digressio,
967 3930 989 3977 iu
1015 3942 1061 3991 qua
1080 3922 1155 3983 multa

154 3995 255 4057 ditmarus
271 4002 301 4050 de
311 4002 476 4060 samaritanis,
495 4016 557 4064 qaae
578 4007 671 4049 exstant
689 4001 760 4048 etiam
780 4000 804 4047 in
822 3999 889 4047 libris
907 4000 1019 4047 Aduersus
1039 3999 1154 4051 naereses,

156 4060 257 4125 ltuerltttn,
275 4078 300 4118 ut
318 4070 417 4127 ridetur,
443 4070 502 4131 ipsis
526 4070 604 4118 verbis
630 4070 745 4130 exposita.
782 4068 806 4116 ll.
826 4066 943 4115 baeresim
963 4064 986 4112 8.
1005 4060 1021 4122 ὅ
1037 4062 1059 4110 8.
1078 4058 1154 4123 pli.

157 4117 266 4198 filiium,
284 4138 307 4186 in
327 4138 415 4200 quibus
434 4135 551 4186 liberine
569 4151 623 4186 euru
642 4137 688 4185 illis
708 4151 755 4185 non
775 4139 884 4185 convenit
901 4131 1029 4182 adnotabo.

196 4208 326 4270 Epiphanius.
350 4215 383 4259 lV.
399 4218 418 4258 l.
969 4213 1001 4263 14
