2586 4822
127 744 192 812 m
583 752 753 805 mittit*

127 902 205 995 ἧςὸ
227 908 301 981 λαὸς
322 905 485 986 εἰσέρχεται
509 903 540 987 (ἡ
563 903 670 985 tuidi)-
694 900 722 964 oi
746 901 780 963 de*
800 897 918 973 τόπους
933 900 1021 984 ’πρὸς
1032 898 1152 981 ὑποχό-

128 1020 219 1084 ρησιι
239 991 427 1074 ἀνειμένους·
448 989 477 1052 oi
500 989 534 1052 da*
556 987 696 1073 dipipada,
718 985 747 1049 oi
764 985 798 1048 de*
811 985 1001 1064 στενιοιιοῦς,
1023 989 1074 1050 καὶ
1090 987 1152 1048 dio·

127 1084 189 1144 dai.
218 1086 263 1142 Sic
285 1082 458 1140 Alexandriae
481 1074 582 1158 λαύρα
602 1081 665 1135 τῶν
685 1069 890 1153 εὐδαιμόνων,
912 1077 942 1133 in
965 1095 1023 1152 qua
1046 1080 1153 1137 delicata

129 1173 220 1231 omnia
242 1179 270 1226 et
292 1169 324 1225 ad
346 1169 438 1224 luxum
461 1166 529 1223 lacta
551 1163 746 1229 vendebantur,
769 1163 839 1238 apud
861 1163 964 1219 Atben.
989 1164 1010 1219 Ι.
1023 1166 1071 1222 12.
1093 1165 1153 1222 tue

130 1259 240 1315 Suidam
263 1263 292 1310 et
312 1252 494 1308 Eustathium.
538 1250 595 1307 lloc
616 1249 777 1306 vocabulum
800 1247 834 1304 ad
856 1248 1058 1306 llouacborum
1078 1244 1153 1325 peb-

130 1337 218 1420 dpac,
240 1340 296 1395 siue
316 1329 414 1410 μονὰς
434 1336 594 1392 translatum
616 1344 719 1391 norunt
740 1334 782 1390 rel
805 1334 892 1407 pueri.

214 1417 376 1500 γενομένου
397 1413 467 1477 υἱοῦ
490 1412 714 1496 Οὐαλεριανοῦ]
744 1419 862 1475 Falsum.
887 1418 1045 1475 Constantii
1068 1419 1151 1476 Chlori

131 1526 218 1584 genus
241 1506 392 1564 Trebellius
414 1507 440 1561 in
464 1505 574 1561 Claudio
596 1505 633 1560 ita
656 1503 799 1561 describit:
823 1502 973 1568 Claudius,
1002 1503 1148 1573 ostiarus

132 1602 158 1649 at
175 1593 290 1665 Crispas
310 1593 416 1663 fratres
437 1576 564 1662 fueruatf
593 1590 687 1662 Crispi
706 1590 768 1663 filia
785 1589 924 1645 Claudia:
949 1605 988 1644 ει
1011 1588 1148 1645 eaelfs-

130 1679 224 1751 tropio
251 1676 427 1732 nobilissimo
452 1677 542 1746 peritia
570 1674 727 1730 Dardanae
753 1662 816 1729 arira
839 1672 1030 1730 Constantine
1051 1674 1146 1730 Caesar

131 1771 173 1819 eat
193 1763 312 1834 penitas.
341 1761 435 1834 ltaque
460 1761 574 1817 Claudii
595 1778 645 1834 pro
674 1760 820 1817 l'alen'nai
841 1757 966 1815 scribere
991 1759 1072 1816 voluit
1085 1759 1142 1832 Epi-

130 1849 257 1922 pbanius.
302 1847 460 1919 Quanquam
484 1846 555 1901 enim
577 1862 632 1901 non
655 1844 740 1918 ipsius
764 1843 879 1907 Claudii,
910 1843 961 1900 sed
986 1844 1048 1901 eius
1065 1843 1144 1901 lratris

130 1949 217 2005 nepos
240 1932 336 1996 luerit,
365 1930 540 2003 aplerisque
562 1939 668 1994 tamen,
698 1930 744 2002 qui
769 1928 810 1984 vel
832 1928 999 1985 Constantio
1022 1929 1086 2003 ipsi.
1110 1927 1145 1984 rel

130 2016 326 2080 Constantino,
357 2016 448 2071 eiusve
478 2015 595 2087 posteris
624 2014 818 2077 adulabantur,
847 2014 881 2069 ail
905 2013 1053 2071 Claudium
1079 2014 1145 2087 orig·

94 2121 102 2132 ·
130 2101 239 2174 generis
261 2099 388 2156 refertur.
418 2098 487 2155 Ecce
511 2099 559 2154 tibi
581 2098 622 2154 rel
645 2099 795 2155 Trebellius
817 2098 875 2171 ipse
897 2100 984 2172 paulo
1005 2109 1069 2156 aute
1084 2100 1145 2155 saa-

130 2184 261 2240 atantium
284 2183 386 2240 Claudii
413 2192 541 2256 nepotem
561 2183 679 2257 appellat
701 2194 728 2240 et
749 2183 891 2254 Aspasiae
913 2184 1008 2255 sabee
1030 2185 1146 2256 [astiboe

131 2268 235 2325 scribit.
280 2268 344 2324 Nam
373 2278 401 2325 et
422 2268 570 2341 Eutropius
599 2269 700 2326 diserto
725 2268 825 2325 Claudii
847 2285 896 2341 per
920 2269 1006 2325 liliam
1030 2279 1144 2343 nepote·

131 2353 319 2410 Constantium
342 2354 412 2417 lacit,
437 2363 464 2409 et
486 2354 620 2411 Eusebius
642 2355 669 2409 iu
693 2354 836 2418 Chronico,
856 2370 887 2409 ac
908 2364 1056 2427 postremo
1076 2355 1143 2410 lulia-

125 2455 183 2512 nus
205 2430 223 2495 ὃ
244 2429 430 2516 παραβάτης
452 2439 479 2494 in
501 2439 609 2495 duobus
632 2439 731 2514 Paneg.
756 2437 905 2495 Constantii
931 2438 1101 2496 Constantini
1120 2438 1142 2494 t.

130 2523 164 2580 ad
186 2540 257 2600 quos
279 2524 312 2580 de
336 2524 486 2580 Constantii
508 2541 610 2597 genere
631 2524 836 2598 disputavimus.

218 2610 278 2668 tue
294 2609 321 2665 b.
351 2602 409 2665 σὺν
430 2610 469 2687 τῇ
491 2611 546 2664 νῦν
567 2605 739 2688 κτισθείσῃ]
769 2608 855 2665 lluius
870 2607 1014 2667 Ecclesiae
1037 2608 1144 2666 meminit

130 2694 293 2751 Athanasius
315 2693 435 2767 Apoll.
479 2693 544 2749 Nam
573 2694 645 2750 illius
671 2711 768 2751 caussa
796 2692 959 2751 calumniam
989 2695 1026 2751 ab
1054 2693 1145 2760 Araris

129 2795 227 2852 passus
250 2788 301 2843 est,
325 2779 398 2851 quod
419 2778 572 2851 Synaaibus
594 2779 648 2835 illic
672 2779 772 2835 habitis
794 2779 928 2834 Eucacnia
951 2782 1142 2853 praevertisset

129 2864 212 2938 idque
233 2865 406 2936 Imperatoris
436 2863 550 2920 iniussu.
595 2858 696 2937 ἐπειδὴ
727 2857 761 2919 δι’
781 2859 831 2919 καὶ
853 2858 922 2939 περὶ
947 2866 1005 2938 τῆς
1026 2856 1144 2941 μεγάλης

129 2943 291 3023 ἐκκλησίας
324 2939 554 3023 κατειρήκασιν,
587 2941 631 3015 ὡς
660 2944 698 3023 δὴ
725 2939 878 3017 σσνάξεως
904 2943 975 3004 ἐκεῖ
995 2944 1146 3025 γενομένης

128 3027 201 3108 πρὶν
228 3024 325 3108 αὐτὴν
350 3031 560 3107 τελειωθῆναι.
604 3033 702 3090 Postea
737 3035 810 3089 hunc
841 3032 960 3089 eundem
996 3029 1148 3107 ἕπώνιμοι

130 3116 279 3175 Constantii
301 3111 395 3174 τόπον
416 3119 543 3190 appellat,
567 3136 665 3192 nempe
687 3119 760 3194 quod
777 3120 905 3174 Caesarea
921 3118 995 3175 dieta
1013 3122 1067 3177 sit:
1087 3120 1147 3175 alio·

113 3201 175 3272 .qui
204 3201 421 3256 Constantianam
450 3201 587 3259 Basilicam
616 3205 780 3260 nominatam
808 3203 965 3269 crederem,
997 3206 1052 3261 uisi
1080 3204 1147 3279 prius

30 3290 36 3299 '
127 3282 195 3338 illud
222 3300 321 3339 nomeu
353 3285 485 3342 iudicaret
513 3287 689 3360 Epiphanius.
733 3288 788 3345 Sed
820 3289 889 3344 lrauc
910 3287 1057 3346 basilicam
1090 3289 1147 3346 olitt

122 3359 298 3444 ’Adpeiardr
324 3368 484 3442 appellatam
513 3372 596 3428 luisse
625 3383 756 3439 testatur,
787 3374 856 3430 lorte
878 3373 955 3448 quod
977 3373 1013 3429 ab
1038 3375 1149 3431 Adriano

128 3461 228 3509 erecta.
258 3452 416 3510 Cuiusmodi
438 3454 579 3529 Templum
602 3458 667 3514 illud
691 3459 741 3516 luit
763 3457 905 3515 Tiberiade
926 3457 962 3514 ab
983 3460 1085 3517 codem
1100 3459 1151 3515 lm-

36 3530 42 3542 '
126 3548 254 3611 peratore
275 3539 430 3603 eonditum,
454 3541 527 3613 quod
542 3532 731 3621 Ἀδριάνειον
751 3543 897 3607 vocabant3
920 3543 1056 3620 quodque
1079 3545 1149 3601 lose·

126 3622 183 3695 plro
199 3622 302 3680 Camite
324 3624 350 3679 in
366 3623 512 3681 Ecclesiam
535 3637 668 3684 mutatum
691 3628 786 3686 scribit
801 3628 881 3684 llaec.
899 3630 949 3691 30,
963 3629 1012 3686 12.
1045 3630 1084 3686 Ex
1097 3644 1149 3704 quo

126 3706 209 3762 videri
230 3717 322 3780 potest
345 3710 424 3766 etiam
448 3710 501 3767 liae
524 3711 583 3769 loco
600 3705 789 3791 'Adpia‘rerov
809 3712 966 3788 legendum.
1006 3713 1148 3771 Caeterum

125 3789 271 3848 Adrianum
301 3793 394 3850 titulos
423 3796 449 3850 iu
478 3797 607 3869 operibus
637 3815 692 3854 uon
721 3814 830 3864 amasse>
850 3797 942 3872 prodit
964 3799 993 3854 in
1017 3799 1079 3855 eius
1100 3799 1148 3854 rita

126 3875 294 3950 Spartianus.

208 3958 240 4018 Γ
236 3956 381 4040 ρημορίσυ
403 3964 458 4019 τοῦ
482 3961 692 4040 Melanteioi]
724 3967 885 4043 Gregorium
900 3966 1093 4041 Cappadocem
1106 3968 1152 4024 iu-

126 4045 230 4120 telligit,
253 4048 299 4122 qui
322 4065 355 4105 ex
375 4049 542 4108 antiochena
559 4050 668 4125 synodo
683 4051 871 4111 Alexandrian
894 4053 998 4110 missus
1021 4063 1052 4111 et
1066 4053 1151 4113 Atha·
