<?xml version="1.0" encoding="UTF-8"?>
<!DOCTYPE html PUBLIC "-//W3C//DTD XHTML 1.0 Transitional//EN"
    "http://www.w3.org/TR/xhtml1/DTD/xhtml1-transitional.dtd">
<html xmlns="http://www.w3.org/1999/xhtml" xml:lang="en" lang="en">
 <head>
  <title>
</title>
<meta http-equiv="Content-Type" content="text/html;charset=utf-8" />
  <meta name='ocr-system' content='tesseract 3.04.00' />
  <meta name='ocr-capabilities' content='ocr_page ocr_carea ocr_par ocr_line ocrx_word'/>
</head>
<body>
  <div class='ocr_page' id='page_1' title='image "./opera02dindgoog_0234.png"; bbox 0 0 2586 4822; ppageno 0'>
   <div class='ocr_carea' id='block_1_1' title="bbox 476 810 1121 904">
    <p class='ocr_par' dir='ltr' id='par_1_1' title="bbox 476 810 1121 904">
     <span class='ocr_line' id='line_1_1' title="bbox 476 810 1121 904; baseline -0.002 -33"><span class='ocrx_word' id='word_1_1' title='bbox 476 823 582 872; x_wconf 72' lang='lat' dir='ltr'>vuasto</span> <span class='ocrx_word' id='word_1_2' title='bbox 603 823 742 904; x_wconf 74' lang='lat' dir='ltr'>rupious.</span> <span class='ocrx_word' id='word_1_3' title='bbox 1059 810 1121 871; x_wconf 76' lang='lat'>205</span> 
     </span>
    </p>
   </div>
   <div class='ocr_carea' id='block_1_2' title="bbox 109 975 1164 4028">
    <p class='ocr_par' dir='ltr' id='par_1_2' title="bbox 114 975 1122 1138">
     <span class='ocr_line' id='line_1_2' title="bbox 114 975 1122 1055; baseline -0.004 -18"><span class='ocrx_word' id='word_1_4' title='bbox 114 981 163 1055; x_wconf 87' lang='lat' dir='ltr'>ipse</span> <span class='ocrx_word' id='word_1_5' title='bbox 183 987 354 1044; x_wconf 76' lang='lat' dir='ltr'><strong>numeretur,</strong></span> <span class='ocrx_word' id='word_1_6' title='bbox 384 979 446 1052; x_wconf 93' lang='lat' dir='ltr'>quia</span> <span class='ocrx_word' id='word_1_7' title='bbox 469 979 507 1033; x_wconf 91' lang='lat' dir='ltr'>sic</span> <span class='ocrx_word' id='word_1_8' title='bbox 530 975 635 1042; x_wconf 88' lang='lat' dir='ltr'>accidit,</span> <span class='ocrx_word' id='word_1_9' title='bbox 665 987 692 1034; x_wconf 88' lang='lat' dir='ltr'>et</span> <span class='ocrx_word' id='word_1_10' title='bbox 715 978 813 1053; x_wconf 89' lang='lat' dir='ltr'>loseph</span> <span class='ocrx_word' id='word_1_11' title='bbox 835 980 1009 1036; x_wconf 91' lang='lat' dir='ltr'>novissimum</span> <span class='ocrx_word' id='word_1_12' title='bbox 1032 979 1122 1043; x_wconf 80' lang='lat' dir='ltr'>scribi,</span> 
     </span>
     <span class='ocr_line' id='line_1_3' title="bbox 114 1064 488 1138; baseline -0.011 -16"><span class='ocrx_word' id='word_1_13' title='bbox 114 1066 174 1122; x_wconf 86' lang='lat' dir='ltr'>sicot</span> <span class='ocrx_word' id='word_1_14' title='bbox 193 1066 354 1138; x_wconf 82' lang='lat' dir='ltr'>frequenter</span> <span class='ocrx_word' id='word_1_15' title='bbox 376 1064 488 1120; x_wconf 89' lang='lat' dir='ltr'>asserui.</span> 
     </span>
    </p>

    <p class='ocr_par' dir='ltr' id='par_1_3' title="bbox 109 1148 1164 3849">
     <span class='ocr_line' id='line_1_4' title="bbox 187 1148 1125 1223; baseline -0.002 -17"><span class='ocrx_word' id='word_1_16' title='bbox 187 1149 430 1223; x_wconf 82' lang='lat' dir='ltr'>Transgredientes</span> <span class='ocrx_word' id='word_1_17' title='bbox 452 1149 535 1221; x_wconf 77' lang='lat' dir='ltr'>igitur</span> <span class='ocrx_word' id='word_1_18' title='bbox 557 1158 584 1202; x_wconf 90' lang='lat' dir='ltr'>ct</span> <span class='ocrx_word' id='word_1_19' title='bbox 607 1149 676 1203; x_wconf 86' lang='lat' dir='ltr'>banc</span> <span class='ocrx_word' id='word_1_20' title='bbox 698 1148 855 1204; x_wconf 88' lang='lat' dir='ltr'>divisionem</span> <span class='ocrx_word' id='word_1_21' title='bbox 879 1150 1045 1222; x_wconf 82' lang='lat' dir='ltr'><strong>respeximus</strong></span> <span class='ocrx_word' id='word_1_22' title='bbox 1068 1149 1125 1204; x_wconf 88' lang='lat' dir='ltr'>dis-</span> 
     </span>
     <span class='ocr_line' id='line_1_5' title="bbox 111 1233 1123 1307; baseline -0.001 -17"><span class='ocrx_word' id='word_1_23' title='bbox 111 1236 266 1307; x_wconf 71' lang='lat' dir='ltr'>positionem</span> <span class='ocrx_word' id='word_1_24' title='bbox 289 1243 391 1290; x_wconf 80' lang='lat' dir='ltr'>sertam</span> <span class='ocrx_word' id='word_1_25' title='bbox 415 1234 486 1288; x_wconf 79' lang='lat' dir='ltr'>irrata</span> <span class='ocrx_word' id='word_1_26' title='bbox 510 1233 738 1287; x_wconf 68' lang='lat' dir='ltr'>dinumeraturum</span> <span class='ocrx_word' id='word_1_27' title='bbox 756 1234 875 1289; x_wconf 88' lang='lat' dir='ltr'>tribuum</span> <span class='ocrx_word' id='word_1_28' title='bbox 892 1235 1123 1306; x_wconf 81' lang='lat' dir='ltr'>consequentiam,</span> 
     </span>
     <span class='ocr_line' id='line_1_6' title="bbox 115 1318 1150 1393; baseline -0.001 -18"><span class='ocrx_word' id='word_1_29' title='bbox 115 1330 139 1375; x_wconf 87' lang='lat' dir='ltr'>ct</span> <span class='ocrx_word' id='word_1_30' title='bbox 155 1320 304 1376; x_wconf 77' lang='lat' dir='ltr'>invenimus</span> <span class='ocrx_word' id='word_1_31' title='bbox 327 1320 399 1372; x_wconf 80' lang='lat' dir='ltr'>iuxta</span> <span class='ocrx_word' id='word_1_32' title='bbox 414 1318 587 1373; x_wconf 75' lang='lat' dir='ltr'>metationem</span> <span class='ocrx_word' id='word_1_33' title='bbox 604 1326 755 1373; x_wconf 86' lang='lat' dir='ltr'>castrorum</span> <span class='ocrx_word' id='word_1_34' title='bbox 772 1319 853 1374; x_wconf 89' lang='lat' dir='ltr'>lsrael</span> <span class='ocrx_word' id='word_1_35' title='bbox 872 1319 994 1391; x_wconf 88' lang='lat' dir='ltr'>quadrati</span> <span class='ocrx_word' id='word_1_36' title='bbox 1011 1321 1150 1393; x_wconf 70' lang='lat' dir='ltr'>agminisb</span> 
     </span>
     <span class='ocr_line' id='line_1_7' title="bbox 115 1403 1125 1477; baseline 0.002 -19"><span class='ocrx_word' id='word_1_37' title='bbox 115 1406 224 1461; x_wconf 81' lang='lat' dir='ltr'>ordinem</span> <span class='ocrx_word' id='word_1_38' title='bbox 247 1404 334 1477; x_wconf 79' lang='lat' dir='ltr'>magis</span> <span class='ocrx_word' id='word_1_39' title='bbox 357 1411 484 1475; x_wconf 88' lang='lat' dir='ltr'>oportere</span> <span class='ocrx_word' id='word_1_40' title='bbox 500 1418 651 1474; x_wconf 80' lang='lat' dir='ltr'>congruere</span> <span class='ocrx_word' id='word_1_41' title='bbox 667 1403 789 1458; x_wconf 89' lang='lat' dir='ltr'>rationali</span> <span class='ocrx_word' id='word_1_42' title='bbox 806 1404 877 1458; x_wconf 81' lang='lat' dir='ltr'>iuxta</span> <span class='ocrx_word' id='word_1_43' title='bbox 902 1412 993 1459; x_wconf 86' lang='lat' dir='ltr'>ternas</span> <span class='ocrx_word' id='word_1_44' title='bbox 1017 1414 1044 1460; x_wconf 93' lang='lat' dir='ltr'>et</span> <span class='ocrx_word' id='word_1_45' title='bbox 1068 1414 1125 1460; x_wconf 88' lang='lat' dir='ltr'>ter-</span> 
     </span>
     <span class='ocr_line' id='line_1_8' title="bbox 118 1486 1124 1561; baseline 0.002 -19"><span class='ocrx_word' id='word_1_46' title='bbox 118 1504 155 1544; x_wconf 86' lang='lat' dir='ltr'>nas</span> <span class='ocrx_word' id='word_1_47' title='bbox 172 1489 276 1552; x_wconf 89' lang='lat' dir='ltr'>tribus,</span> <span class='ocrx_word' id='word_1_48' title='bbox 306 1489 377 1542; x_wconf 90' lang='lat' dir='ltr'>sicut</span> <span class='ocrx_word' id='word_1_49' title='bbox 406 1489 432 1541; x_wconf 88' lang='lat' dir='ltr'>in</span> <span class='ocrx_word' id='word_1_50' title='bbox 461 1486 555 1542; x_wconf 87' lang='lat' dir='ltr'>eodem</span> <span class='ocrx_word' id='word_1_51' title='bbox 583 1486 707 1541; x_wconf 89' lang='lat' dir='ltr'>rationali</span> <span class='ocrx_word' id='word_1_52' title='bbox 735 1488 773 1541; x_wconf 85' lang='lat' dir='ltr'>las</span> <span class='ocrx_word' id='word_1_53' title='bbox 804 1497 861 1542; x_wconf 91' lang='lat' dir='ltr'>erat</span> <span class='ocrx_word' id='word_1_54' title='bbox 890 1504 1017 1551; x_wconf 89' lang='lat' dir='ltr'>cernere,</span> <span class='ocrx_word' id='word_1_55' title='bbox 1051 1491 1124 1561; x_wconf 91' lang='lat' dir='ltr'>quod</span> 
     </span>
     <span class='ocr_line' id='line_1_9' title="bbox 120 1571 1125 1643; baseline 0.003 -17"><span class='ocrx_word' id='word_1_56' title='bbox 120 1574 223 1643; x_wconf 89' lang='lat' dir='ltr'>quadrati</span> <span class='ocrx_word' id='word_1_57' title='bbox 247 1572 351 1629; x_wconf 86' lang='lat' dir='ltr'>ordinis</span> <span class='ocrx_word' id='word_1_58' title='bbox 373 1571 504 1643; x_wconf 88' lang='lat' dir='ltr'>probatur</span> <span class='ocrx_word' id='word_1_59' title='bbox 526 1580 640 1634; x_wconf 77' lang='lat' dir='ltr'>exstare,</span> <span class='ocrx_word' id='word_1_60' title='bbox 665 1580 692 1626; x_wconf 89' lang='lat' dir='ltr'>et</span> <span class='ocrx_word' id='word_1_61' title='bbox 715 1581 772 1626; x_wconf 87' lang='lat' dir='ltr'>erat</span> <span class='ocrx_word' id='word_1_62' title='bbox 795 1573 847 1627; x_wconf 88' lang='lat' dir='ltr'>hoc</span> <span class='ocrx_word' id='word_1_63' title='bbox 862 1572 1057 1643; x_wconf 89' lang='lat' dir='ltr'>planissimum,</span> <span class='ocrx_word' id='word_1_64' title='bbox 1081 1583 1125 1630; x_wconf 90' lang='lat' dir='ltr'>at-</span> 
     </span>
     <span class='ocr_line' id='line_1_10' title="bbox 123 1655 1123 1731; baseline 0.001 -19"><span class='ocrx_word' id='word_1_65' title='bbox 123 1673 161 1728; x_wconf 88' lang='lat' dir='ltr'>quc</span> <span class='ocrx_word' id='word_1_66' title='bbox 185 1657 379 1731; x_wconf 72' lang='lat' dir='ltr'>symbolicum,</span> <span class='ocrx_word' id='word_1_67' title='bbox 413 1656 438 1710; x_wconf 92' lang='lat' dir='ltr'>id</span> <span class='ocrx_word' id='word_1_68' title='bbox 467 1666 508 1711; x_wconf 91' lang='lat' dir='ltr'>est</span> <span class='ocrx_word' id='word_1_69' title='bbox 536 1655 756 1728; x_wconf 77' lang='lat' dir='ltr'>significativum,</span> <span class='ocrx_word' id='word_1_70' title='bbox 791 1666 903 1729; x_wconf 90' lang='lat' dir='ltr'>propter</span> <span class='ocrx_word' id='word_1_71' title='bbox 931 1656 1123 1730; x_wconf 87' lang='lat' dir='ltr'>dispositioncs</span> 
     </span>
     <span class='ocr_line' id='line_1_11' title="bbox 125 1741 1164 1814; baseline 0.004 -19"><span class='ocrx_word' id='word_1_72' title='bbox 125 1742 226 1798; x_wconf 88' lang='lat' dir='ltr'>ordinum</span> <span class='ocrx_word' id='word_1_73' title='bbox 249 1741 508 1812; x_wconf 83' lang='lat' dir='ltr'>consonantiamque</span> <span class='ocrx_word' id='word_1_74' title='bbox 531 1749 691 1803; x_wconf 89' lang='lat' dir='ltr'>castrorum,</span> <span class='ocrx_word' id='word_1_75' title='bbox 716 1742 763 1796; x_wconf 91' lang='lat' dir='ltr'>sed</span> <span class='ocrx_word' id='word_1_76' title='bbox 786 1741 812 1795; x_wconf 90' lang='lat' dir='ltr'>iu</span> <span class='ocrx_word' id='word_1_77' title='bbox 829 1742 870 1796; x_wconf 86' lang='lat' dir='ltr'>bis</span> <span class='ocrx_word' id='word_1_78' title='bbox 886 1751 1008 1814; x_wconf 88' lang='lat' dir='ltr'>separata</span> <span class='ocrx_word' id='word_1_79' title='bbox 1025 1743 1121 1807; x_wconf 88' lang='lat' dir='ltr'>tribus,</span> <span class='ocrx_word' id='word_1_80' title='bbox 1136 1751 1164 1799; x_wconf 85' lang='lat' dir='ltr'>to</span> 
     </span>
     <span class='ocr_line' id='line_1_12' title="bbox 127 1825 1124 1890; baseline 0.004 -11"><span class='ocrx_word' id='word_1_81' title='bbox 127 1825 194 1882; x_wconf 85' lang='lat' dir='ltr'>trihus</span> <span class='ocrx_word' id='word_1_82' title='bbox 214 1828 276 1883; x_wconf 83' lang='lat' dir='ltr'>Levi</span> <span class='ocrx_word' id='word_1_83' title='bbox 300 1825 379 1882; x_wconf 88' lang='lat' dir='ltr'>nobis</span> <span class='ocrx_word' id='word_1_84' title='bbox 402 1825 517 1880; x_wconf 89' lang='lat' dir='ltr'>obstitit.</span> <span class='ocrx_word' id='word_1_85' title='bbox 556 1825 726 1881; x_wconf 84' lang='lat' dir='ltr'>Constitutus</span> <span class='ocrx_word' id='word_1_86' title='bbox 750 1835 791 1880; x_wconf 86' lang='lat' dir='ltr'>est</span> <span class='ocrx_word' id='word_1_87' title='bbox 815 1827 884 1881; x_wconf 87' lang='lat' dir='ltr'>euim</span> <span class='ocrx_word' id='word_1_88' title='bbox 910 1826 997 1890; x_wconf 92' lang='lat' dir='ltr'>ludas,</span> <span class='ocrx_word' id='word_1_89' title='bbox 1021 1827 1124 1884; x_wconf 88' lang='lat' dir='ltr'>babens</span> 
     </span>
     <span class='ocr_line' id='line_1_13' title="bbox 128 1909 1125 1977; baseline 0.007 -16"><span class='ocrx_word' id='word_1_90' title='bbox 128 1926 197 1966; x_wconf 89' lang='lat' dir='ltr'>secum</span> <span class='ocrx_word' id='word_1_91' title='bbox 211 1913 334 1967; x_wconf 82' lang='lat' dir='ltr'>issachar</span> <span class='ocrx_word' id='word_1_92' title='bbox 356 1921 383 1966; x_wconf 89' lang='lat' dir='ltr'>et</span> <span class='ocrx_word' id='word_1_93' title='bbox 407 1909 535 1973; x_wconf 85' lang='lat' dir='ltr'>Zabulon,</span> <span class='ocrx_word' id='word_1_94' title='bbox 566 1911 592 1964; x_wconf 89' lang='lat' dir='ltr'>in</span> <span class='ocrx_word' id='word_1_95' title='bbox 617 1927 671 1965; x_wconf 90' lang='lat' dir='ltr'>uno</span> <span class='ocrx_word' id='word_1_96' title='bbox 693 1911 848 1966; x_wconf 90' lang='lat' dir='ltr'>metationis</span> <span class='ocrx_word' id='word_1_97' title='bbox 871 1911 1067 1977; x_wconf 88' lang='lat' dir='ltr'>contubernio;</span> <span class='ocrx_word' id='word_1_98' title='bbox 1098 1923 1125 1969; x_wconf 85' lang='lat' dir='ltr'>et</span> 
     </span>
     <span class='ocr_line' id='line_1_14' title="bbox 129 1995 1126 2070; baseline 0.007 -25"><span class='ocrx_word' id='word_1_99' title='bbox 129 1997 268 2052; x_wconf 82' lang='lat' dir='ltr'>constitutus</span> <span class='ocrx_word' id='word_1_100' title='bbox 291 2006 334 2051; x_wconf 89' lang='lat' dir='ltr'>est</span> <span class='ocrx_word' id='word_1_101' title='bbox 357 1995 459 2067; x_wconf 82' lang='lat' dir='ltr'>primus</span> <span class='ocrx_word' id='word_1_102' title='bbox 482 1995 515 2049; x_wconf 87' lang='lat' dir='ltr'>ad</span> <span class='ocrx_word' id='word_1_103' title='bbox 538 1995 696 2052; x_wconf 86' lang='lat' dir='ltr'>orientalem</span> <span class='ocrx_word' id='word_1_104' title='bbox 720 1995 824 2067; x_wconf 79' lang='lat' dir='ltr'>plagam</span> <span class='ocrx_word' id='word_1_105' title='bbox 842 2005 954 2069; x_wconf 89' lang='lat' dir='ltr'>propter</span> <span class='ocrx_word' id='word_1_106' title='bbox 969 1996 1126 2070; x_wconf 80' lang='lat' dir='ltr'>significan-</span> 
     </span>
     <span class='ocr_line' id='line_1_15' title="bbox 129 2078 1124 2155; baseline 0.008 -26"><span class='ocrx_word' id='word_1_107' title='bbox 129 2078 187 2143; x_wconf 86' lang='lat' dir='ltr'>tiam,</span> <span class='ocrx_word' id='word_1_108' title='bbox 214 2091 242 2137; x_wconf 91' lang='lat' dir='ltr'>ot</span> <span class='ocrx_word' id='word_1_109' title='bbox 266 2082 393 2144; x_wconf 88' lang='lat' dir='ltr'>aestimo,</span> <span class='ocrx_word' id='word_1_110' title='bbox 417 2081 507 2153; x_wconf 79' lang='lat' dir='ltr'>regiae</span> <span class='ocrx_word' id='word_1_111' title='bbox 529 2080 686 2153; x_wconf 89' lang='lat' dir='ltr'>potestatis,</span> <span class='ocrx_word' id='word_1_112' title='bbox 714 2091 741 2135; x_wconf 92' lang='lat' dir='ltr'>et</span> <span class='ocrx_word' id='word_1_113' title='bbox 764 2081 836 2151; x_wconf 89' lang='lat' dir='ltr'>quod</span> <span class='ocrx_word' id='word_1_114' title='bbox 859 2080 953 2136; x_wconf 88' lang='lat' dir='ltr'>lluben</span> <span class='ocrx_word' id='word_1_115' title='bbox 977 2099 991 2136; x_wconf 94' lang='lat' dir='ltr'>a</span> <span class='ocrx_word' id='word_1_116' title='bbox 1015 2084 1124 2155; x_wconf 88' lang='lat' dir='ltr'>propria</span> 
     </span>
     <span class='ocr_line' id='line_1_16' title="bbox 131 2164 1163 2240; baseline 0.008 -24"><span class='ocrx_word' id='word_1_117' title='bbox 131 2164 230 2221; x_wconf 82' lang='lat' dir='ltr'>reciderit</span> <span class='ocrx_word' id='word_1_118' title='bbox 251 2167 352 2240; x_wconf 82' lang='lat' dir='ltr'>gloria,</span> <span class='ocrx_word' id='word_1_119' title='bbox 383 2166 443 2236; x_wconf 90' lang='lat' dir='ltr'>quia</span> <span class='ocrx_word' id='word_1_120' title='bbox 467 2173 581 2220; x_wconf 88' lang='lat' dir='ltr'>stratum</span> <span class='ocrx_word' id='word_1_121' title='bbox 604 2165 777 2220; x_wconf 85' lang='lat' dir='ltr'>maculaverit</span> <span class='ocrx_word' id='word_1_122' title='bbox 799 2166 897 2238; x_wconf 86' lang='lat' dir='ltr'>patris,</span> <span class='ocrx_word' id='word_1_123' title='bbox 932 2168 1003 2221; x_wconf 85' lang='lat' dir='ltr'>sicut</span> <span class='ocrx_word' id='word_1_124' title='bbox 1026 2167 1120 2223; x_wconf 68' lang='lat' dir='ltr'>(livinis</span> <span class='ocrx_word' id='word_1_125' title='bbox 1137 2175 1163 2225; x_wconf 85' lang='grc'>15</span> 
     </span>
     <span class='ocr_line' id='line_1_17' title="bbox 133 2244 1124 2323; baseline 0.009 -25"><span class='ocrx_word' id='word_1_126' title='bbox 133 2244 213 2305; x_wconf 88' lang='lat' dir='ltr'>Litteris</span> <span class='ocrx_word' id='word_1_127' title='bbox 233 2250 367 2323; x_wconf 90' lang='lat' dir='ltr'>probatur</span> <span class='ocrx_word' id='word_1_128' title='bbox 388 2248 558 2315; x_wconf 79' lang='lat' dir='ltr'>insertum¹).</span> <span class='ocrx_word' id='word_1_129' title='bbox 609 2250 639 2304; x_wconf 91' lang='lat' dir='ltr'>ln</span> <span class='ocrx_word' id='word_1_130' title='bbox 668 2251 785 2306; x_wconf 90' lang='lat' dir='ltr'>secunda</span> <span class='ocrx_word' id='word_1_131' title='bbox 815 2269 877 2307; x_wconf 90' lang='lat' dir='ltr'>vero</span> <span class='ocrx_word' id='word_1_132' title='bbox 906 2251 1053 2307; x_wconf 90' lang='lat' dir='ltr'>metatione</span> <span class='ocrx_word' id='word_1_133' title='bbox 1076 2269 1124 2307; x_wconf 89' lang='lat' dir='ltr'>ca-</span> 
     </span>
     <span class='ocr_line' id='line_1_18' title="bbox 133 2335 1121 2399; baseline 0.006 -13"><span class='ocrx_word' id='word_1_134' title='bbox 133 2338 223 2390; x_wconf 81' lang='lat' dir='ltr'>strorum</span> <span class='ocrx_word' id='word_1_135' title='bbox 239 2335 334 2391; x_wconf 84' lang='lat' dir='ltr'>Ruben</span> <span class='ocrx_word' id='word_1_136' title='bbox 358 2335 498 2389; x_wconf 89' lang='lat' dir='ltr'>ordinatur</span> <span class='ocrx_word' id='word_1_137' title='bbox 520 2352 579 2390; x_wconf 92' lang='lat' dir='ltr'>cum</span> <span class='ocrx_word' id='word_1_138' title='bbox 597 2335 723 2391; x_wconf 90' lang='lat' dir='ltr'>Simeonc</span> <span class='ocrx_word' id='word_1_139' title='bbox 746 2346 773 2391; x_wconf 88' lang='lat' dir='ltr'>et</span> <span class='ocrx_word' id='word_1_140' title='bbox 790 2335 844 2391; x_wconf 84' lang='lat' dir='ltr'>Gad</span> <span class='ocrx_word' id='word_1_141' title='bbox 867 2353 960 2391; x_wconf 86' lang='lat' dir='ltr'>versus</span> <span class='ocrx_word' id='word_1_142' title='bbox 983 2338 1014 2392; x_wconf 92' lang='lat' dir='ltr'>ad</span> <span class='ocrx_word' id='word_1_143' title='bbox 1038 2354 1121 2399; x_wconf 86' lang='lat' dir='ltr'>mare,</span> 
     </span>
     <span class='ocr_line' id='line_1_19' title="bbox 109 2414 1124 2495; baseline 0.011 -29"><span class='ocrx_word' id='word_1_144' title='bbox 109 2414 157 2468; x_wconf 80' lang='lat' dir='ltr'>atad</span> <span class='ocrx_word' id='word_1_145' title='bbox 172 2421 328 2476; x_wconf 86' lang='lat' dir='ltr'>occidentem</span> <span class='ocrx_word' id='word_1_146' title='bbox 350 2436 459 2495; x_wconf 89' lang='lat' dir='ltr'>quoque</span> <span class='ocrx_word' id='word_1_147' title='bbox 483 2419 598 2492; x_wconf 84' lang='lat' dir='ltr'>Ephrem</span> <span class='ocrx_word' id='word_1_148' title='bbox 623 2436 684 2474; x_wconf 88' lang='lat' dir='ltr'>cum</span> <span class='ocrx_word' id='word_1_149' title='bbox 707 2420 827 2475; x_wconf 85' lang='lat' dir='ltr'>llanassc</span> <span class='ocrx_word' id='word_1_150' title='bbox 850 2430 877 2477; x_wconf 90' lang='lat' dir='ltr'>et</span> <span class='ocrx_word' id='word_1_151' title='bbox 899 2421 1044 2484; x_wconf 85' lang='lat' dir='ltr'>Beniamin,</span> <span class='ocrx_word' id='word_1_152' title='bbox 1077 2423 1124 2495; x_wconf 88' lang='lat' dir='ltr'>qui</span> 
     </span>
     <span class='ocr_line' id='line_1_20' title="bbox 135 2505 1123 2579; baseline 0.006 -24"><span class='ocrx_word' id='word_1_153' title='bbox 135 2515 202 2559; x_wconf 83' lang='lat' dir='ltr'>onnes</span> <span class='ocrx_word' id='word_1_154' title='bbox 221 2523 253 2560; x_wconf 80' lang='lat' dir='ltr'>er</span> <span class='ocrx_word' id='word_1_155' title='bbox 275 2506 374 2561; x_wconf 87' lang='lat' dir='ltr'>Rachel</span> <span class='ocrx_word' id='word_1_156' title='bbox 397 2505 423 2559; x_wconf 91' lang='lat' dir='ltr'>in</span> <span class='ocrx_word' id='word_1_157' title='bbox 447 2521 499 2559; x_wconf 91' lang='lat' dir='ltr'>una</span> <span class='ocrx_word' id='word_1_158' title='bbox 522 2514 663 2577; x_wconf 88' lang='lat' dir='ltr'>ponuntur</span> <span class='ocrx_word' id='word_1_159' title='bbox 690 2505 837 2561; x_wconf 87' lang='lat' dir='ltr'>metatione</span> <span class='ocrx_word' id='word_1_160' title='bbox 860 2513 1025 2561; x_wconf 89' lang='lat' dir='ltr'>castrorum:</span> <span class='ocrx_word' id='word_1_161' title='bbox 1056 2523 1123 2579; x_wconf 92' lang='lat' dir='ltr'>pro-</span> 
     </span>
     <span class='ocr_line' id='line_1_21' title="bbox 135 2588 1162 2662; baseline 0.011 -24"><span class='ocrx_word' id='word_1_162' title='bbox 135 2592 176 2654; x_wconf 88' lang='lat' dir='ltr'>pter</span> <span class='ocrx_word' id='word_1_163' title='bbox 191 2589 326 2646; x_wconf 89' lang='lat' dir='ltr'>llanassen</span> <span class='ocrx_word' id='word_1_164' title='bbox 349 2606 411 2645; x_wconf 90' lang='lat' dir='ltr'>vero</span> <span class='ocrx_word' id='word_1_165' title='bbox 435 2588 496 2644; x_wconf 85' lang='lat' dir='ltr'>Levi</span> <span class='ocrx_word' id='word_1_166' title='bbox 518 2590 623 2644; x_wconf 88' lang='lat' dir='ltr'>videtur</span> <span class='ocrx_word' id='word_1_167' title='bbox 645 2589 778 2644; x_wconf 77' lang='lat' dir='ltr'>exclusus</span> <span class='ocrx_word' id='word_1_168' title='bbox 824 2590 888 2645; x_wconf 84' lang='lat' dir='ltr'>[lein</span> <span class='ocrx_word' id='word_1_169' title='bbox 912 2591 943 2643; x_wconf 90' lang='lat' dir='ltr'>ad</span> <span class='ocrx_word' id='word_1_170' title='bbox 966 2590 1162 2662; x_wconf 78' lang='lat' dir='ltr'>aquiloneum</span> 
     </span>
     <span class='ocr_line' id='line_1_22' title="bbox 136 2673 1121 2746; baseline 0.003 -18"><span class='ocrx_word' id='word_1_171' title='bbox 136 2680 226 2740; x_wconf 77' lang='lat' dir='ltr'>quanam</span> <span class='ocrx_word' id='word_1_172' title='bbox 248 2676 422 2731; x_wconf 85' lang='lat' dir='ltr'>metationem</span> <span class='ocrx_word' id='word_1_173' title='bbox 444 2673 569 2746; x_wconf 87' lang='lat' dir='ltr'>primitus</span> <span class='ocrx_word' id='word_1_174' title='bbox 593 2674 648 2729; x_wconf 83' lang='lat' dir='ltr'>Itan</span> <span class='ocrx_word' id='word_1_175' title='bbox 671 2674 801 2735; x_wconf 88' lang='lat' dir='ltr'>continet,</span> <span class='ocrx_word' id='word_1_176' title='bbox 832 2675 892 2730; x_wconf 90' lang='lat' dir='ltr'>dein</span> <span class='ocrx_word' id='word_1_177' title='bbox 916 2678 991 2736; x_wconf 79' lang='lat' dir='ltr'>aser,</span> <span class='ocrx_word' id='word_1_178' title='bbox 1023 2674 1121 2732; x_wconf 91' lang='lat' dir='ltr'>deiude</span> 
     </span>
     <span class='ocr_line' id='line_1_23' title="bbox 136 2750 1122 2827; baseline 0.006 -16"><span class='ocrx_word' id='word_1_179' title='bbox 136 2750 244 2827; x_wconf 78' lang='lat' dir='ltr'>lopolim,</span> <span class='ocrx_word' id='word_1_180' title='bbox 268 2769 296 2816; x_wconf 91' lang='lat' dir='ltr'>et</span> <span class='ocrx_word' id='word_1_181' title='bbox 318 2777 379 2815; x_wconf 89' lang='lat' dir='ltr'>cum</span> <span class='ocrx_word' id='word_1_182' title='bbox 400 2758 461 2814; x_wconf 84' lang='lat' dir='ltr'>Levi</span> <span class='ocrx_word' id='word_1_183' title='bbox 484 2775 538 2813; x_wconf 91' lang='lat' dir='ltr'>non</span> <span class='ocrx_word' id='word_1_184' title='bbox 561 2760 711 2814; x_wconf 87' lang='lat' dir='ltr'>invenimus</span> <span class='ocrx_word' id='word_1_185' title='bbox 733 2760 804 2814; x_wconf 87' lang='lat' dir='ltr'>inter</span> <span class='ocrx_word' id='word_1_186' title='bbox 826 2775 873 2814; x_wconf 88' lang='lat' dir='ltr'>eos</span> <span class='ocrx_word' id='word_1_187' title='bbox 895 2759 1048 2824; x_wconf 87' lang='lat' dir='ltr'>admistum,</span> <span class='ocrx_word' id='word_1_188' title='bbox 1072 2778 1122 2817; x_wconf 90' lang='lat' dir='ltr'>co·</span> 
     </span>
     <span class='ocr_line' id='line_1_24' title="bbox 137 2843 1120 2918; baseline 0.009 -25"><span class='ocrx_word' id='word_1_189' title='bbox 137 2843 244 2906; x_wconf 77' lang='lat' dir='ltr'>pavimus</span> <span class='ocrx_word' id='word_1_190' title='bbox 276 2861 327 2900; x_wconf 92' lang='lat' dir='ltr'>nec</span> <span class='ocrx_word' id='word_1_191' title='bbox 349 2845 426 2900; x_wconf 89' lang='lat' dir='ltr'>istam</span> <span class='ocrx_word' id='word_1_192' title='bbox 456 2860 535 2916; x_wconf 90' lang='lat' dir='ltr'>posse</span> <span class='ocrx_word' id='word_1_193' title='bbox 558 2844 767 2916; x_wconf 87' lang='lat' dir='ltr'>descriptionem</span> <span class='ocrx_word' id='word_1_194' title='bbox 791 2843 980 2916; x_wconf 85' lang='lat' dir='ltr'>compositioni</span> <span class='ocrx_word' id='word_1_195' title='bbox 1002 2844 1120 2918; x_wconf 88' lang='lat' dir='ltr'>lapidum</span> 
     </span>
     <span class='ocr_line' id='line_1_25' title="bbox 138 2926 1119 2992; baseline 0.013 -17"><span class='ocrx_word' id='word_1_196' title='bbox 138 2928 309 2992; x_wconf 84' lang='lat' dir='ltr'>accommodari,</span> <span class='ocrx_word' id='word_1_197' title='bbox 334 2945 368 2984; x_wconf 90' lang='lat' dir='ltr'>ne</span> <span class='ocrx_word' id='word_1_198' title='bbox 389 2926 509 2982; x_wconf 88' lang='lat' dir='ltr'>videatur</span> <span class='ocrx_word' id='word_1_199' title='bbox 532 2929 555 2983; x_wconf 91' lang='lat' dir='ltr'>ei</span> <span class='ocrx_word' id='word_1_200' title='bbox 578 2928 694 2984; x_wconf 89' lang='lat' dir='ltr'>liliorum</span> <span class='ocrx_word' id='word_1_201' title='bbox 710 2927 791 2983; x_wconf 90' lang='lat' dir='ltr'>lsrael</span> <span class='ocrx_word' id='word_1_202' title='bbox 814 2945 897 2983; x_wconf 79' lang='lat' dir='ltr'>ornum</span> <span class='ocrx_word' id='word_1_203' title='bbox 920 2929 1016 2985; x_wconf 87' lang='lat' dir='ltr'>deesse</span> <span class='ocrx_word' id='word_1_204' title='bbox 1039 2948 1119 2987; x_wconf 87' lang='lat' dir='ltr'>voca-</span> 
     </span>
     <span class='ocr_line' id='line_1_26' title="bbox 138 3001 1159 3087; baseline 0.011 -23"><span class='ocrx_word' id='word_1_205' title='bbox 138 3001 210 3067; x_wconf 74' lang='lat' dir='ltr'>bulum.</span> <span class='ocrx_word' id='word_1_206' title='bbox 251 3014 422 3087; x_wconf 81' lang='lat' dir='ltr'>Quapropter</span> <span class='ocrx_word' id='word_1_207' title='bbox 450 3023 477 3068; x_wconf 91' lang='lat' dir='ltr'>et</span> <span class='ocrx_word' id='word_1_208' title='bbox 510 3013 578 3069; x_wconf 90' lang='lat' dir='ltr'>hauc</span> <span class='ocrx_word' id='word_1_209' title='bbox 611 3013 767 3069; x_wconf 87' lang='lat' dir='ltr'>omittentes</span> <span class='ocrx_word' id='word_1_210' title='bbox 800 3013 962 3070; x_wconf 87' lang='lat' dir='ltr'>intendimus</span> <span class='ocrx_word' id='word_1_211' title='bbox 996 3015 1159 3075; x_wconf 75' lang='lat' dir='ltr'>divisionita</span> 
     </span>
     <span class='ocr_line' id='line_1_27' title="bbox 138 3095 1119 3174; baseline 0.01 -26"><span class='ocrx_word' id='word_1_212' title='bbox 138 3095 249 3162; x_wconf 79' lang='lat' dir='ltr'>septimae,</span> <span class='ocrx_word' id='word_1_213' title='bbox 280 3115 359 3170; x_wconf 92' lang='lat' dir='ltr'>quam</span> <span class='ocrx_word' id='word_1_214' title='bbox 382 3099 505 3172; x_wconf 91' lang='lat' dir='ltr'>protinus</span> <span class='ocrx_word' id='word_1_215' title='bbox 528 3097 690 3162; x_wconf 90' lang='lat' dir='ltr'>ademimus,</span> <span class='ocrx_word' id='word_1_216' title='bbox 720 3099 765 3172; x_wconf 92' lang='lat' dir='ltr'>qui</span> <span class='ocrx_word' id='word_1_217' title='bbox 794 3115 848 3153; x_wconf 87' lang='lat' dir='ltr'>non</span> <span class='ocrx_word' id='word_1_218' title='bbox 871 3116 929 3155; x_wconf 90' lang='lat' dir='ltr'>eam</span> <span class='ocrx_word' id='word_1_219' title='bbox 952 3102 1119 3174; x_wconf 78' lang='lat' dir='ltr'>respeximus</span> 
     </span>
     <span class='ocr_line' id='line_1_28' title="bbox 139 3182 1118 3261; baseline 0.014 -32"><span class='ocrx_word' id='word_1_220' title='bbox 139 3182 293 3252; x_wconf 81' lang='lat' dir='ltr'>corrpcsitioni</span> <span class='ocrx_word' id='word_1_221' title='bbox 316 3183 432 3256; x_wconf 91' lang='lat' dir='ltr'>lapidum</span> <span class='ocrx_word' id='word_1_222' title='bbox 456 3192 659 3255; x_wconf 76' lang='lat' dir='ltr'>congruentem.</span> <span class='ocrx_word' id='word_1_223' title='bbox 702 3182 773 3238; x_wconf 87' lang='lat' dir='ltr'>Haec</span> <span class='ocrx_word' id='word_1_224' title='bbox 796 3185 865 3239; x_wconf 88' lang='lat' dir='ltr'>euim</span> <span class='ocrx_word' id='word_1_225' title='bbox 889 3185 961 3240; x_wconf 79' lang='lat' dir='ltr'>iuxta</span> <span class='ocrx_word' id='word_1_226' title='bbox 983 3187 1118 3261; x_wconf 87' lang='lat' dir='ltr'>principes</span> 
     </span>
     <span class='ocr_line' id='line_1_29' title="bbox 138 3260 1120 3345; baseline 0.009 -27"><span class='ocrx_word' id='word_1_227' title='bbox 138 3260 226 3322; x_wconf 77' lang='lat' dir='ltr'>iditum</span> <span class='ocrx_word' id='word_1_228' title='bbox 247 3266 278 3322; x_wconf 88' lang='lat' dir='ltr'>ad</span> <span class='ocrx_word' id='word_1_229' title='bbox 301 3277 475 3341; x_wconf 88' lang='lat' dir='ltr'>praeceptum</span> <span class='ocrx_word' id='word_1_230' title='bbox 499 3266 602 3323; x_wconf 81' lang='lat' dir='ltr'>bomini</span> <span class='ocrx_word' id='word_1_231' title='bbox 625 3277 731 3325; x_wconf 89' lang='lat' dir='ltr'>constat</span> <span class='ocrx_word' id='word_1_232' title='bbox 753 3285 813 3324; x_wconf 92' lang='lat' dir='ltr'>esse</span> <span class='ocrx_word' id='word_1_233' title='bbox 836 3278 984 3336; x_wconf 87' lang='lat' dir='ltr'>numerata,</span> <span class='ocrx_word' id='word_1_234' title='bbox 1008 3271 1043 3326; x_wconf 82' lang='lat' dir='ltr'>in</span> <span class='ocrx_word' id='word_1_235' title='bbox 1067 3288 1120 3345; x_wconf 88' lang='lat' dir='ltr'>qua</span> 
     </span>
     <span class='ocr_line' id='line_1_30' title="bbox 139 3344 1116 3429; baseline 0.011 -27"><span class='ocrx_word' id='word_1_236' title='bbox 139 3344 212 3411; x_wconf 75' lang='lat' dir='ltr'>bunos</span> <span class='ocrx_word' id='word_1_237' title='bbox 232 3352 370 3408; x_wconf 89' lang='lat' dir='ltr'>ordinatus</span> <span class='ocrx_word' id='word_1_238' title='bbox 392 3361 433 3408; x_wconf 92' lang='lat' dir='ltr'>est</span> <span class='ocrx_word' id='word_1_239' title='bbox 455 3351 565 3417; x_wconf 82' lang='lat' dir='ltr'>huben,</span> <span class='ocrx_word' id='word_1_240' title='bbox 594 3351 799 3409; x_wconf 83' lang='lat' dir='ltr'>deinlssachar</span> <span class='ocrx_word' id='word_1_241' title='bbox 827 3363 855 3410; x_wconf 93' lang='lat' dir='ltr'>et</span> <span class='ocrx_word' id='word_1_242' title='bbox 882 3355 928 3427; x_wconf 91' lang='lat' dir='ltr'>qui</span> <span class='ocrx_word' id='word_1_243' title='bbox 955 3366 1116 3429; x_wconf 82' lang='lat' dir='ltr'>sequuntur.</span> 
     </span>
     <span class='ocr_line' id='line_1_31' title="bbox 141 3424 1163 3514; baseline 0.023 -35"><span class='ocrx_word' id='word_1_244' title='bbox 141 3424 208 3506; x_wconf 87' lang='lat' dir='ltr'>loseph</span> <span class='ocrx_word' id='word_1_245' title='bbox 228 3447 316 3493; x_wconf 90' lang='lat' dir='ltr'>autem</span> <span class='ocrx_word' id='word_1_246' title='bbox 340 3437 458 3494; x_wconf 91' lang='lat' dir='ltr'>secundo</span> <span class='ocrx_word' id='word_1_247' title='bbox 482 3447 638 3494; x_wconf 88' lang='lat' dir='ltr'>numeratus</span> <span class='ocrx_word' id='word_1_248' title='bbox 661 3447 702 3494; x_wconf 86' lang='lat' dir='ltr'>est</span> <span class='ocrx_word' id='word_1_249' title='bbox 725 3439 931 3512; x_wconf 87' lang='lat' dir='ltr'>propterquod</span> <span class='ocrx_word' id='word_1_250' title='bbox 954 3440 1070 3514; x_wconf 82' lang='lat' dir='ltr'>Ephrem</span> <span class='ocrx_word' id='word_1_251' title='bbox 1094 3444 1163 3502; x_wconf 79' lang='lat' dir='ltr'>inao</span> 
     </span>
     <span class='ocr_line' id='line_1_32' title="bbox 141 3522 1119 3588; baseline 0.009 -14"><span class='ocrx_word' id='word_1_252' title='bbox 141 3525 177 3569; x_wconf 77' lang='lat' dir='ltr'>llo</span> <span class='ocrx_word' id='word_1_253' title='bbox 194 3537 307 3584; x_wconf 85' lang='lat' dir='ltr'>numero.</span> <span class='ocrx_word' id='word_1_254' title='bbox 331 3522 466 3579; x_wconf 86' lang='lat' dir='ltr'>llanasses</span> <span class='ocrx_word' id='word_1_255' title='bbox 488 3523 513 3577; x_wconf 90' lang='lat' dir='ltr'>in</span> <span class='ocrx_word' id='word_1_256' title='bbox 537 3523 621 3579; x_wconf 86' lang='lat' dir='ltr'>altero</span> <span class='ocrx_word' id='word_1_257' title='bbox 644 3524 679 3579; x_wconf 91' lang='lat' dir='ltr'>sit</span> <span class='ocrx_word' id='word_1_258' title='bbox 702 3523 820 3588; x_wconf 87' lang='lat' dir='ltr'>locatus;</span> <span class='ocrx_word' id='word_1_259' title='bbox 845 3533 873 3580; x_wconf 88' lang='lat' dir='ltr'>et</span> <span class='ocrx_word' id='word_1_260' title='bbox 895 3542 955 3581; x_wconf 90' lang='lat' dir='ltr'>cum</span> <span class='ocrx_word' id='word_1_261' title='bbox 972 3527 1033 3582; x_wconf 91' lang='lat' dir='ltr'>Levi</span> <span class='ocrx_word' id='word_1_262' title='bbox 1055 3545 1119 3583; x_wconf 91' lang='lat' dir='ltr'>rur-</span> 
     </span>
     <span class='ocr_line' id='line_1_33' title="bbox 142 3607 1119 3686; baseline 0.023 -40"><span class='ocrx_word' id='word_1_263' title='bbox 142 3611 173 3651; x_wconf 84' lang='lat' dir='ltr'>sos</span> <span class='ocrx_word' id='word_1_264' title='bbox 189 3616 317 3679; x_wconf 82' lang='lat' dir='ltr'>exemptus</span> <span class='ocrx_word' id='word_1_265' title='bbox 340 3615 390 3670; x_wconf 86' lang='lat' dir='ltr'>est,</span> <span class='ocrx_word' id='word_1_266' title='bbox 413 3607 580 3680; x_wconf 83' lang='lat' dir='ltr'>nequivimus</span> <span class='ocrx_word' id='word_1_267' title='bbox 603 3625 746 3664; x_wconf 88' lang='lat' dir='ltr'>numerum</span> <span class='ocrx_word' id='word_1_268' title='bbox 761 3620 887 3683; x_wconf 90' lang='lat' dir='ltr'>coaptare</span> <span class='ocrx_word' id='word_1_269' title='bbox 903 3611 1035 3683; x_wconf 88' lang='lat' dir='ltr'>lapidibus</span> <span class='ocrx_word' id='word_1_270' title='bbox 1052 3630 1119 3686; x_wconf 91' lang='lat' dir='ltr'>pro-</span> 
     </span>
     <span class='ocr_line' id='line_1_34' title="bbox 142 3688 1117 3767; baseline 0.021 -34"><span class='ocrx_word' id='word_1_271' title='bbox 142 3689 183 3747; x_wconf 84' lang='lat' dir='ltr'>pter</span> <span class='ocrx_word' id='word_1_272' title='bbox 197 3688 401 3747; x_wconf 88' lang='lat' dir='ltr'>immutationem</span> <span class='ocrx_word' id='word_1_273' title='bbox 424 3692 498 3755; x_wconf 86' lang='lat' dir='ltr'>Levi,</span> <span class='ocrx_word' id='word_1_274' title='bbox 529 3700 556 3747; x_wconf 89' lang='lat' dir='ltr'>et</span> <span class='ocrx_word' id='word_1_275' title='bbox 584 3703 697 3767; x_wconf 90' lang='lat' dir='ltr'>propter</span> <span class='ocrx_word' id='word_1_276' title='bbox 718 3695 894 3752; x_wconf 87' lang='lat' dir='ltr'>adiectionem</span> <span class='ocrx_word' id='word_1_277' title='bbox 918 3697 998 3753; x_wconf 91' lang='lat' dir='ltr'>unius</span> <span class='ocrx_word' id='word_1_278' title='bbox 1020 3697 1117 3764; x_wconf 83' lang='lat' dir='ltr'>tribus,</span> 
     </span>
     <span class='ocr_line' id='line_1_35' title="bbox 142 3773 699 3849; baseline 0.018 -25"><span class='ocrx_word' id='word_1_279' title='bbox 142 3777 190 3833; x_wconf 76' lang='lat' dir='ltr'>ttae</span> <span class='ocrx_word' id='word_1_280' title='bbox 206 3773 229 3827; x_wconf 89' lang='lat' dir='ltr'>iu</span> <span class='ocrx_word' id='word_1_281' title='bbox 248 3774 352 3830; x_wconf 89' lang='lat' dir='ltr'>duabus</span> <span class='ocrx_word' id='word_1_282' title='bbox 375 3775 505 3849; x_wconf 88' lang='lat' dir='ltr'>probatur</span> <span class='ocrx_word' id='word_1_283' title='bbox 526 3793 586 3834; x_wconf 86' lang='lat' dir='ltr'>esse</span> <span class='ocrx_word' id='word_1_284' title='bbox 608 3778 699 3834; x_wconf 88' lang='lat' dir='ltr'>divisa.</span> 
     </span>
    </p>

    <p class='ocr_par' dir='ltr' id='par_1_4' title="bbox 143 3855 1159 4028">
     <span class='ocr_line' id='line_1_36' title="bbox 144 3855 1159 3942; baseline 0.019 -34"><span class='ocrx_word' id='word_1_285' title='bbox 144 3930 147 3938; x_wconf 93' lang='lat'>.</span> <span class='ocrx_word' id='word_1_286' title='bbox 201 3855 257 3914; x_wconf 86' lang='lat' dir='ltr'>liein</span> <span class='ocrx_word' id='word_1_287' title='bbox 281 3868 399 3915; x_wconf 88' lang='lat' dir='ltr'>octavam</span> <span class='ocrx_word' id='word_1_288' title='bbox 421 3860 586 3927; x_wconf 87' lang='lat' dir='ltr'>divisionem,</span> <span class='ocrx_word' id='word_1_289' title='bbox 610 3863 643 3920; x_wconf 87' lang='lat' dir='ltr'>de</span> <span class='ocrx_word' id='word_1_290' title='bbox 665 3864 734 3920; x_wconf 90' lang='lat' dir='ltr'>libro</span> <span class='ocrx_word' id='word_1_291' title='bbox 756 3865 944 3932; x_wconf 86' lang='lat' dir='ltr'>Numerorum,</span> <span class='ocrx_word' id='word_1_292' title='bbox 974 3869 1159 3942; x_wconf 69' lang='lat' dir='ltr'>diligenterssa</span> 
     </span>
     <span class='ocr_line' id='line_1_37' title="bbox 143 3941 1117 4028; baseline 0.022 -39"><span class='ocrx_word' id='word_1_293' title='bbox 143 3941 281 4009; x_wconf 79' lang='lat' dir='ltr'>aspeximus,</span> <span class='ocrx_word' id='word_1_294' title='bbox 304 3943 351 3999; x_wconf 90' lang='lat' dir='ltr'>ubi</span> <span class='ocrx_word' id='word_1_295' title='bbox 366 3947 500 4019; x_wconf 86' lang='lat' dir='ltr'>praecepit</span> <span class='ocrx_word' id='word_1_296' title='bbox 516 3948 596 4009; x_wconf 84' lang='lat' dir='ltr'>licus,</span> <span class='ocrx_word' id='word_1_297' title='bbox 613 3958 640 4005; x_wconf 91' lang='lat' dir='ltr'>et</span> <span class='ocrx_word' id='word_1_298' title='bbox 656 3951 727 4005; x_wconf 89' lang='lat' dir='ltr'>misit</span> <span class='ocrx_word' id='word_1_299' title='bbox 743 3950 830 4008; x_wconf 88' lang='lat' dir='ltr'>lloses</span> <span class='ocrx_word' id='word_1_300' title='bbox 846 3954 980 4028; x_wconf 86' lang='lat' dir='ltr'>principes</span> <span class='ocrx_word' id='word_1_301' title='bbox 997 3955 1117 4010; x_wconf 89' lang='lat' dir='ltr'>tribuum</span> 
     </span>
    </p>
   </div>
   <div class='ocr_carea' id='block_1_3' title="bbox 206 4124 585 4193">
    <p class='ocr_par' dir='ltr' id='par_1_5' title="bbox 206 4124 585 4193">
     <span class='ocr_line' id='line_1_38' title="bbox 206 4124 585 4193; baseline 0.032 -23"><span class='ocrx_word' id='word_1_302' title='bbox 206 4124 224 4179; x_wconf 87' lang='lat' dir='ltr'>u</span> <span class='ocrx_word' id='word_1_303' title='bbox 240 4127 294 4177; x_wconf 63' lang='lat' dir='ltr'>een.</span> <span class='ocrx_word' id='word_1_304' title='bbox 313 4129 452 4192; x_wconf 81' lang='lat' dir='ltr'>vxrv,ao;</span> <span class='ocrx_word' id='word_1_305' title='bbox 478 4132 585 4193; x_wconf 68' lang='lat' dir='ltr'>verua</span> 
     </span>
    </p>
   </div>
   <div class='ocr_carea' id='block_1_4' title="bbox 0 0 1328 4820">
    <p class='ocr_par' dir='ltr' id='par_1_6' title="bbox 0 0 1328 4820">
     <span class='ocr_line' id='line_1_39' title="bbox 0 0 1328 4820; baseline 0 0"><span class='ocrx_word' id='word_1_306' title='bbox 0 0 1328 4820; x_wconf 95' lang='lat' dir='ltr'> </span> 
     </span>
    </p>
   </div>
  </div>
 </body>
</html>
