2586 4822
690 332 700 343 Ι

456 420 461 432 Ι

161 735 201 795 52
615 749 727 799 return

241 904 321 962 351).
354 905 451 960 ταῦτα
474 897 510 960 δέ
529 922 587 977 μοι
610 896 665 960 οὐκ
687 901 729 971 εἰς
751 896 931 978 στρδβησιν]
969 901 1109 958 Pharisaei
1132 901 1184 959 etsi

154 988 249 1046 Fatum
272 999 467 1064 agnoscerent,
498 1006 553 1047 non
585 990 701 1046 humana
725 998 813 1045 tamen
837 989 924 1044 emina
948 1005 978 1043 ex
1003 1004 1037 1042 ee
1060 986 1183 1060 pendere

153 1075 324 1143 statuebant:
355 1092 444 1149 neque
472 1075 587 1130 liberam
618 1075 734 1130 heminis
770 1074 933 1129 veluntatem
963 1081 1046 1144 atque
1076 1070 1181 1128 arbitrii

152 1169 314 1233 potestatem
344 1179 358 1215 e
388 1159 475 1215 rnmiie
505 1159 654 1222 tollebant,
683 1160 722 1214 nti
750 1159 872 1232 plnrihns
900 1158 1015 1230 explieat
1045 1158 1179 1230 Iosephus

153 1243 226 1318 Orig.
245 1251 289 1310 li,
309 1248 336 1308 2,
360 1255 388 1299 et
408 1236 503 1299 ἁλιδο.
522 1246 549 1306 2,
570 1247 616 1301 12.
664 1244 751 1311 Quare
774 1244 839 1300 nihil
860 1253 915 1299 erat
939 1260 988 1298 ern·
1010 1242 1177 1315 Epiphanius

152 1341 311 1403 sequentem
334 1330 460 1383 rirlversns
484 1338 639 1385 assertores
663 1330 707 1383 fati
730 1330 938 1401 disputationem
962 1336 1057 1382 cutura
1082 1327 1177 1383 Phari·

151 1432 229 1470 saees
253 1414 420 1489 potissimum
444 1412 591 1485 dirigeret,
617 1424 752 1488 quatenns
776 1432 805 1469 ea
827 1432 870 1468 res
886 1413 917 1467 ad
934 1414 1067 1468 humanas
1091 1413 1176 1468 aeuo-

151 1516 199 1559 ues
223 1515 368 1571 earumque
392 1497 475 1553 iihern
500 1498 613 1554 consiliu
638 1500 771 1572 pertinet,
796 1517 864 1571 quae
887 1498 1048 1553 Pharisaeos
1073 1514 1176 1569 nequa·

151 1601 229 1655 quem
253 1582 395 1639 sustulisse
419 1582 580 1638 Pharisaeus
605 1585 703 1639 asserit
725 1584 867 1656 losephns.

300 1838 343 1895 ΔΙ]
368 1838 533 1894 nnnnnstn'
557 1829 624 1896 hh'l}
648 1836 1032 1894 nnttnuunnrnsmnt'tt.

82 2034 85 2041 ,
237 1972 317 2031 3611.
349 1974 496 2033 Commune
520 1974 625 2031 hidaeis
650 1975 789 2035 omnihus,
818 1983 844 2028 et
868 1972 996 2046 imprimis
1022 1972 1169 2028 Pharisaeis

74 2049 78 2057 ’
149 2059 231 2115 inisse
248 2058 352 2115 Marcus
369 2058 534 2132 Evangelista
560 2069 677 2114 testatur
699 2077 722 2118 e.
736 2064 762 2121 t,
781 2062 797 2116 3
814 2067 841 2114 et
858 2063 885 2121 t,
911 2066 940 2112 nt
963 2067 989 2113 et
1006 2075 1104 2111 mamis
1120 2057 1170 2112 ire-

150 2153 266 2219 qnenter
295 2142 451 2206 abluerent,
481 2155 508 2199 et
532 2162 545 2198 a
571 2144 631 2199 [ere
655 2146 800 2200 redeuntes
824 2143 1038 2216 imputarentur.
1086 2143 1171 2211 Quare

149 2246 204 2285 nen
227 2229 332 2285 ridetur
354 2228 496 2301 peculiaris
521 2230 588 2284 haee
615 2238 688 2285 secta
712 2229 871 2285 ludaeorum
895 2227 1032 2291 extitisse;
1063 2228 1115 2282 uisi
1140 2228 1172 2282 ita

149 2313 284 2377 dicemus,
308 2313 462 2377 norinulios,
487 2314 532 2388 qni
556 2331 585 2369 se
612 2316 753 2370 sanctitate
777 2323 913 2387 praestare
932 2313 1047 2367 caeteris
1064 2312 1171 2371 velient,

149 2416 203 2454 uon
227 2398 307 2454 mede
330 2399 436 2470 «pireties
458 2416 472 2453 a
496 2400 555 2454 fere
581 2399 709 2463 redirent,
735 2416 826 2454 rernm
850 2400 928 2454 etiam
953 2398 1060 2451 tametsi
1076 2397 1171 2470 pedem

149 2483 228 2541 doure
252 2501 306 2539 non
330 2483 497 2546 extulissent,
522 2483 556 2539 de
581 2484 624 2539 dir
647 2485 754 2558 saepius
777 2483 865 2539 lavare
888 2482 1072 2539 consuevisse,
1121 2481 1173 2537 Cu·

149 2568 264 2625 iusmndi
280 2568 367 2624 Bmms
391 2569 435 2625 iile
458 2570 516 2632 suit,
541 2570 584 2624 eni
609 2586 638 2624 se
662 2569 793 2642 Iosephus
817 2570 842 2623 in
866 2566 1033 2640 diseiphnam
1054 2564 1169 2628 tradidit,

149 2662 180 2708 ut
207 2653 234 2707 in
264 2654 315 2709 vitu
345 2671 391 2709 sna
415 2655 545 2727 scriptum
570 2653 689 2727 reliquit.
735 2654 813 2708 ilnnc
842 2654 913 2708 enim
946 2651 1030 2707 refert
1059 2648 1171 2729 ψυχρῷ

148 2726 240 2794 ὕδατι
263 2732 317 2813 τὴν
338 2731 456 2813 ἡμέραν
478 2735 527 2793 καὶ
552 2733 609 2813 τὴν
632 2732 726 2794 νύκτα
748 2730 894 2804 πολλάκις
909 2727 1075 2808 λουόμενον
1097 2730 1172 2813 πρὸς

118 2888 121 2894 ,
150 2813 279 2901 ἁγνείαν.
310 2825 352 2879 Sic
377 2824 470 2878 Esseni
494 2823 565 2896 apud
590 2824 706 2880 eundem
730 2824 873 2897 losephum
899 2825 960 2886 ‘M
986 2838 1087 2894 cerpus
1111 2828 1169 2877 ante

150 2905 240 2965 citium
262 2906 407 2964 abluebant
429 2908 532 2981 frigida.
565 2909 634 2976 unte
659 2909 741 2982 igitur
758 2906 1007 2981 hemerobaptistae
1031 2905 1078 2968 ihi,
1104 2922 1169 2979 qnos

149 2992 315 3067 Epiphanius
337 2993 429 3055 refert,
453 2995 614 3057 meruerint,
639 3001 670 3048 ut
692 2993 844 3060 distinctam
868 2991 900 3048 ah
924 2992 981 3047 aliis
998 2991 1107 3047 Sectam
1131 2989 1170 3047 ei-

149 3077 272 3142 fieerent,
298 3095 352 3132 non
375 3078 439 3133 satis
462 3078 651 3133 discernimus.

110 3202 141 3254 36
235 3187 271 3250 οὐ
293 3187 355 3270 μὴν
377 3190 553 3270 ι’ξισοομένη
569 3199 635 3262 τοῖς
649 3190 887 3269 Σαδδουκαίοις]
911 3195 962 3263 tini
977 3194 1063 3266 prima
1080 3193 1166 3267 speeie

151 3277 295 3335 verborum
318 3281 431 3336 istorum
453 3298 551 3336 sensns
575 3283 703 3345 occurrit,
726 3282 749 3336 is
773 3290 823 3345 est,
847 3297 926 3353 quem
950 3296 1005 3334 ιιοιι
1021 3279 1104 3335 mode
1119 3294 1167 3335 nes

150 3365 209 3438 ipsi,
233 3365 281 3421 sed
304 3366 383 3420 etium
400 3364 544 3421 Ceruarins
568 3367 710 3439 expressit,
742 3365 989 3438 iieiiierehaptistes
1008 3381 1065 3420 uon
1081 3363 1167 3419 selum

150 3451 177 3506 in
206 3450 327 3524 neganda
354 3459 524 3506 mertuorum
552 3453 768 3514 resurreetione,
797 3468 889 3506 rernm
918 3450 943 3504 in
968 3448 1074 3523 relique
1097 3447 1168 3504 οιοιιί

150 3535 306 3608 dogmatum
334 3534 448 3591 falsitate
476 3536 642 3592 concordare
665 3553 726 3592 eum
749 3536 922 3592 Sadducaeis.
966 3523 1002 3588 od
1023 3526 1088 3608 μὴν
1108 3529 1167 3601 ἐξι·

150 3613 282 3694 σοομίνη
305 3613 409 3692 μόνον,
432 3620 528 3695 iuquit,
551 3623 616 3687 τοῖς
630 3616 856 3687 Σαδδουκαίοις
877 3616 909 3676 ἐν
923 3619 961 3696 τῇ
975 3620 1038 3674 rtur
1055 3619 1167 3693 respuis

150 3694 325 3774 διαστάσει,
348 3695 428 3760 ἀλλὰ
449 3705 487 3781 τῇ
508 3696 635 3786 ἀπιστία
657 3700 706 3761 καὶ
730 3709 794 3772 τοῖς
808 3695 919 3771 ἄλλοις.
949 3704 1003 3760 Sed
1020 3705 1088 3760 haee
1103 3720 1167 3760 seu-

150 3790 233 3846 tentia
256 3787 288 3845 ab
312 3789 358 3853 iis,
381 3806 452 3864 quae
474 3789 554 3863 paulo
576 3798 640 3846 ante
662 3790 805 3863 leguntur,
828 3800 885 3846 tum
907 3792 934 3846 in
955 3789 1093 3845 Breviario
1115 3788 1165 3844 Se-

148 3883 252 3932 starum
274 3873 356 3930 hnius
377 3873 453 3940 iibri,
477 3883 505 3932 et
526 3875 554 3931 iu
576 3875 760 3931 universarum
782 3875 1010 3948 hnaeephaiaeesi
1033 3882 1166 3947 repetun-

148 3968 194 4017 tur
215 3959 249 4016 ah
264 3959 422 4033 Epiphanio,
447 3960 621 4017 vehementer
641 3959 763 4016 dissidet.
794 3960 859 4015 Nam
882 3959 983 4034 ubique
1006 3967 1164 4016 constanter

148 4045 287 4111 asseritur,
312 4043 595 4119 hemerobaptistae
617 4043 720 4103 ludaeis
743 4045 852 4119 reliquis
875 4044 949 4101 nuth
972 4044 998 4098 in
1013 4053 1094 4118 parte
1108 4042 1166 4101 tis-
