2586 4822
521 778 692 830 reuertere.
1053 767 1112 829 167

46 933 153 995 sine
180 932 261 1007 culpa
289 932 419 1009 deceptus
449 935 544 1000 luerit,
574 935 708 992 adversari
737 952 792 991 uon
817 937 917 1001 ausim,
946 954 1000 992 nen
1023 937 1112 993 solum

52 1018 167 1094 qued
186 1028 336 1093 conceptae
351 1019 486 1093 opinionis
503 1030 580 1076 tenax
597 1021 678 1077 homo
694 1030 722 1076 et
737 1020 871 1093 impotens
887 1021 1014 1078 defensor
1029 1023 1112 1078 luisse
1174 1030 1176 1039 '

58 1104 161 1165 nubi
183 1104 314 1169 rideatur,
336 1120 398 1161 cum
421 1105 480 1162 eius
501 1104 599 1161 librum
618 1116 716 1161 contro
736 1104 894 1162 ditationem
915 1105 1112 1163 eeboleetienrn

52 1194 165 1261 lego,
188 1189 237 1246 sed
260 1189 340 1246 etiem
362 1188 434 1263 qued
458 1191 485 1246 in
507 1191 565 1247 eius
588 1191 695 1264 scriptis
719 1191 784 1246 tales
807 1191 1044 1264 deprehendantur
1067 1209 1112 1248 er-

55 1290 180 1338 rores,
204 1273 313 1348 quibus,
337 1283 383 1331 aut
406 1275 601 1349 negligentiae,
631 1275 704 1348 rptrod
725 1275 816 1348 plures
839 1276 945 1332 codices
968 1277 1112 1333 consulere

58 1359 320 1436 praetermiserim
344 1370 390 1416 aut
413 1360 588 1424 credulitatis,
612 1361 685 1434 qnod
708 1361 882 1417 auctoritates
906 1378 1112 1436 quascunqueo

65 1444 232 1501 Graeculis
260 1461 370 1500 suarum
394 1445 509 1517 partium
532 1455 656 1519 acceptos
680 1455 781 1501 temere
803 1445 970 1509 adhibuerit:
1000 1456 1046 1502 eut
1069 1447 1113 1502 in·
1195 1484 1199 1491 .

66 1529 202 1595 seillac,
232 1530 306 1603 quod
328 1531 430 1586 Graeca
458 1531 484 1586 in
507 1531 630 1586 latinum
653 1541 757 1587 vertere
781 1531 838 1603 ipse
860 1532 1017 1595 nesciverit,
1048 1541 1112 1587 eta

69 1615 211 1670 factiosis
232 1614 372 1671 versiones
394 1614 446 1670 sibi
468 1615 676 1688 comparaverit,
706 1616 873 1672 convincitur
896 1634 973 1679 reus,
999 1625 1028 1672 ut
1050 1632 1112 1672 cum

77 1695 145 1754 lib.
158 1700 190 1755 Ill
212 1716 271 1772 cnp.
290 1703 318 1759 3.
341 1700 432 1774 urredi
454 1700 623 1756 Alexandrini
646 1701 807 1756 seutentiam
830 1700 863 1755 de
885 1700 960 1756 libris
977 1700 1112 1758 Theodori

83 1800 135 1838 ex
157 1784 279 1842 collotb
309 1785 404 1858 synodi
428 1785 447 1837 V
470 1786 605 1850 referens,
637 1803 706 1858 «puae
729 1786 830 1841 Graece
853 1786 888 1842 ite
911 1795 1003 1841 sonat:
1036 1786 1113 1853 Quor

90 1869 203 1937 quidem
225 1871 337 1926 labores
361 1871 445 1926 uellet
469 1872 573 1942 aliquis
596 1872 753 1942 irrerepere,
778 1871 865 1941 erepit
882 1879 973 1925 autern
988 1870 1112 1925 bertera-

93 1962 150 2015 τοι,
168 1956 192 2009 se'
214 1957 317 2010 inesset
340 1956 380 2010 cis
402 1956 558 2026 deprecatum
581 1957 732 2010 rectitudo:
756 1957 813 2027 ipse
836 1972 939 2010 uersam
962 1955 1043 2011 relert
1060 1956 1112 2011 lroc

103 2047 188 2105 pecto:
211 2039 247 2095 Et
269 2040 319 2095 bes
342 2041 451 2112 quidem
473 2042 586 2096 deberes
608 2043 702 2095 uelles
726 2049 766 2095 est
781 2057 867 2095 aeres
883 2041 1040 2112 increpare,
1063 2041 1113 2095 scd

107 2121 191 2180 dentre
213 2127 323 2181 decreto
345 2125 487 2180 deonerare
509 2127 631 2180 studium
653 2135 789 2181 rectorem
805 2128 970 2196 deputatum,
994 2127 1067 2197 qued
1081 2126 1113 2181 ire

110 2206 211 2265 eirene.-
242 2219 269 2267 et
292 2227 352 2266 cum
375 2209 471 2265 libxt
495 2213 593 2283 cap.2.
637 2211 783 2266 rltlrnunsie
806 2210 903 2266 librum
927 2210 1034 2274 tribuit,
1064 2209 1112 2285 qui

114 2285 247 2367 Serapionis
277 2295 413 2350 Tlrmuees
443 2295 562 2369 episcopi
591 2305 662 2361 erat,
692 2305 719 2351 et
748 2296 859 2368 iusuper
887 2295 1024 2350 exordium
1053 2295 1111 2351 cius

113 2379 247 2436 exscribens
271 2381 329 2435 eius
353 2379 439 2435 verbis
463 2397 561 2435 nemen
585 2381 644 2435 lesu
668 2381 771 2444 intexit,
796 2382 867 2435 uncle
890 2381 987 2452 impius
1007 2396 1111 2452 suppo-

111 2455 150 2514 ste
175 2465 277 2522 auctori
299 2464 444 2520 dtlrounsio
474 2482 552 2521 erret·
576 2465 723 2538 effingitur.
768 2464 824 2519 Pro
847 2466 1007 2536 defensioue
1028 2465 1111 2518 trient

108 2548 278 2614 tepidorum
307 2566 360 2605 nou
391 2549 474 2605 semel
503 2550 611 2623 scripsit
634 2549 784 2605 Facundus.
830 2549 901 2605 Libri
931 2567 944 2603 a
968 2546 1171 2606 Sirmondottrt

104 2625 159 2686 editi
180 2636 345 2709 posteriores
368 2635 426 2689 cius
449 2652 530 2690 curae
552 2643 625 2698 suut,
649 2634 697 2689 sed
713 2634 775 2689 licet
791 2635 815 2689 in
833 2651 926 2689 cerum
944 2633 1112 2689 l‘ruelatiene

101 2707 165 2774 litat
186 2738 214 2777 se
237 2718 270 2775 ab
294 2720 332 2774 eis
356 2719 509 2783 abstulisse,
534 2737 603 2792 quae
626 2719 690 2775 olias
709 2737 764 2791 pre
780 2720 962 2773 rnerrdositnte
978 2719 1110 2782 codicum,

96 2794 132 2849 tel
152 2821 206 2876 pre
228 2807 343 2861 incuria
366 2806 567 2860 translatorum
590 2806 679 2860 miuus
696 2820 757 2859 rere
773 2804 911 2869 retulerat,
936 2802 1007 2858 baud
1024 2811 1112 2858 turrren

91 2886 200 2946 lenitus
222 2890 255 2946 ab
280 2890 354 2945 lrisce
377 2890 488 2945 maculis
512 2907 558 2945 eos
583 2889 714 2963 purgarit,
739 2906 788 2945 uec
804 2890 868 2945 satis
884 2889 1027 2961 diligenter
1043 2904 1112 2961 opus

87 2960 158 3026 illud
181 2993 259 3032 suum
282 2975 418 3048 expolivit.
451 2977 488 3029 Ac
511 2974 544 3029 de
567 2976 608 3030 lris
632 2974 738 3047 quidem
762 2976 827 3029 satis
851 2973 951 3030 dictum
975 2982 1025 3029 est.

179 3061 229 3115 lam
252 3077 316 3116 rere
340 3058 501 3115 Praelatioui
526 3059 604 3114 linem
628 3060 705 3124 lacie,
729 3069 756 3114 et
778 3060 805 3114 iu
828 3076 871 3114 me
894 3059 1004 3131 recipio,
1028 3056 1110 3130 quod,

86 3129 136 3189 ubi
164 3146 229 3202 eires
252 3154 408 3218 suppetant,
431 3143 550 3200 libellum
575 3145 647 3200 burte
670 3145 760 3217 plures
776 3143 820 3199 alii
834 3153 985 3218 sequentur
1001 3142 1110 3206 similes,

87 3223 191 3284 §etiem
218 3229 413 3287 anecdotorum
442 3247 496 3284 uon
525 3229 764 3294 contemnendam,
793 3238 823 3285 ut
846 3228 981 3284 communi
1004 3224 1142 3289 utilitati,

90 3313 232 3379 servietur,
257 3314 425 3370 exhibentes.
458 3314 513 3370 lloc
532 3314 612 3369 studii
629 3331 714 3387 genus
731 3330 899 3386 nequequam
917 3313 1038 3386 prolecto
1053 3313 1112 3367 leve

92 3398 149 3456 0⁵¹.
170 3400 215 3455 scd
237 3400 315 3455 urulti
337 3399 443 3456 consilii
466 3410 493 3456 et
515 3400 590 3464 ortis,
614 3398 713 3454 loboris
735 3398 870 3454 interdum
894 3399 972 3454 etiam
995 3396 1112 3470 improbi

97 3482 177 3549 alque
198 3484 320 3548 molesti,
344 3484 393 3540 scd
415 3485 589 3540 nihilominus
612 3485 638 3539 iu
663 3502 695 3540 eo
719 3501 761 3540 me
784 3501 924 3547 exercere,
950 3492 976 3539 et
999 3482 1062 3555 quid
1085 3481 1113 3537 in

101 3575 135 3616 0⁰
155 3571 250 3640 possim
274 3570 390 3644 experiri
412 3580 454 3626 est
476 3570 596 3634 animus,
625 3586 686 3625 cum
709 3569 743 3625 sit
766 3570 879 3625 inaximo
902 3582 1012 3642 queque
1035 3566 1112 3633 usui3

106 3650 169 3708 unte
195 3655 221 3709 iu
243 3655 308 3710 illud
332 3672 440 3728 operam
464 3672 540 3709 suam
563 3654 626 3709 clare
650 3654 752 3727 gloriae
775 3654 825 3710 sibi
848 3656 984 3711 duxerunt
1006 3652 1114 3707 litteru-

108 3729 189 3794 tissimi
211 3739 344 3804 homiues,
369 3757 438 3813 qnos
456 3740 536 3803 iuter,
561 3757 594 3794 ne
611 3749 718 3795 exteros
734 3756 892 3804 memorem,
916 3749 962 3794 out
979 3738 1032 3793 lato
1048 3737 1113 3793 irru-

109 3827 169 3886 ctos,
195 3833 333 3898 praestant
356 3841 428 3879 nune
450 3824 478 3879 iu
501 3833 593 3880 nostra
616 3824 707 3889 ltalia,
737 3823 884 3881 clarissima
906 3824 986 3879 buius
1011 3819 1111 3877 saeculi

109 3905 202 3973 lumina,
224 3910 272 3964 viri
295 3909 399 3982 optimi,

215 3993 304 4050 u'etta
325 3995 384 4048 dice
407 4010 530 4066 ureqeom
551 3996 666 4049 memori
689 4011 758 4068 quos
782 3996 881 4049 enimet
904 4008 982 4052 neco,

106 4076 242 4135 ludovicus
265 4079 398 4136 Antonius
421 4079 592 4146 lluratorius,
616 4080 749 4137 lebannes
773 4079 888 4139 anius,
918 4086 945 4131 et
967 4074 1111 4148 episcopus
