<?xml version="1.0" encoding="UTF-8"?>
<!DOCTYPE html PUBLIC "-//W3C//DTD XHTML 1.0 Transitional//EN"
    "http://www.w3.org/TR/xhtml1/DTD/xhtml1-transitional.dtd">
<html xmlns="http://www.w3.org/1999/xhtml" xml:lang="en" lang="en">
 <head>
  <title>
</title>
<meta http-equiv="Content-Type" content="text/html;charset=utf-8" />
  <meta name='ocr-system' content='tesseract 3.04.00' />
  <meta name='ocr-capabilities' content='ocr_page ocr_carea ocr_par ocr_line ocrx_word'/>
</head>
<body>
  <div class='ocr_page' id='page_1' title='image "./opera02dindgoog_0688.png"; bbox 0 0 2586 4822; ppageno 0'>
   <div class='ocr_carea' id='block_1_1' title="bbox 119 762 683 827">
    <p class='ocr_par' dir='ltr' id='par_1_1' title="bbox 119 762 683 827">
     <span class='ocr_line' id='line_1_1' title="bbox 119 762 683 827; baseline -0.002 0"><span class='ocrx_word' id='word_1_1' title='bbox 119 762 180 827; x_wconf 80' lang='lat' dir='ltr'>ttto</span> <span class='ocrx_word' id='word_1_2' title='bbox 569 774 683 826; x_wconf 78' lang='lat' dir='ltr'>ceretu</span> 
     </span>
    </p>
   </div>
   <div class='ocr_carea' id='block_1_2' title="bbox 107 928 1138 2451">
    <p class='ocr_par' dir='ltr' id='par_1_2' title="bbox 107 928 1138 1259">
     <span class='ocr_line' id='line_1_2' title="bbox 107 928 1138 1006; baseline -0.003 -15"><span class='ocrx_word' id='word_1_3' title='bbox 107 932 197 1005; x_wconf 75' lang='lat' dir='ltr'>¹Quod</span> <span class='ocrx_word' id='word_1_4' title='bbox 218 930 389 1006; x_wconf 77' lang='lat' dir='ltr'>nugacissimi</span> <span class='ocrx_word' id='word_1_5' title='bbox 411 947 443 988; x_wconf 92' lang='lat' dir='ltr'>ae</span> <span class='ocrx_word' id='word_1_6' title='bbox 465 929 598 987; x_wconf 77' lang='lat' dir='ltr'>vanissimi</span> <span class='ocrx_word' id='word_1_7' title='bbox 620 928 738 987; x_wconf 88' lang='lat' dir='ltr'>hominia</span> <span class='ocrx_word' id='word_1_8' title='bbox 759 937 944 987; x_wconf 84' lang='lat' dir='ltr'>commentum</span> <span class='ocrx_word' id='word_1_9' title='bbox 959 929 1060 989; x_wconf 79' lang='lat' dir='ltr'>rstettu</span> <span class='ocrx_word' id='word_1_10' title='bbox 1074 929 1138 988; x_wconf 81' lang='lat' dir='ltr'>Eie-</span> 
     </span>
     <span class='ocr_line' id='line_1_3' title="bbox 116 1013 1137 1095; baseline -0.006 -16"><span class='ocrx_word' id='word_1_11' title='bbox 116 1035 248 1093; x_wconf 75' lang='lat' dir='ltr'>renpmus</span> <span class='ocrx_word' id='word_1_12' title='bbox 269 1017 383 1090; x_wconf 79' lang='lat' dir='ltr'>dpoi.2</span> <span class='ocrx_word' id='word_1_13' title='bbox 407 1016 434 1072; x_wconf 92' lang='lat' dir='ltr'>in</span> <span class='ocrx_word' id='word_1_14' title='bbox 457 1017 582 1095; x_wconf 83' lang='lat' dir='ltr'>eundem.</span> <span class='ocrx_word' id='word_1_15' title='bbox 624 1013 762 1087; x_wconf 78' lang='lat' dir='ltr'><strong>Nusquam</strong></span> <span class='ocrx_word' id='word_1_16' title='bbox 788 1015 859 1073; x_wconf 88' lang='lat' dir='ltr'>enim</span> <span class='ocrx_word' id='word_1_17' title='bbox 880 1025 930 1072; x_wconf 88' lang='lat' dir='ltr'>aut</span> <span class='ocrx_word' id='word_1_18' title='bbox 950 1015 986 1073; x_wconf 89' lang='lat' dir='ltr'>de</span> <span class='ocrx_word' id='word_1_19' title='bbox 1008 1015 1137 1073; x_wconf 71' lang='lat' dir='ltr'>librom</span> 
     </span>
     <span class='ocr_line' id='line_1_4' title="bbox 107 1100 1136 1174; baseline 0.002 -13"><span class='ocrx_word' id='word_1_20' title='bbox 107 1120 232 1172; x_wconf 57' lang='lat' dir='ltr'>,numero</span> <span class='ocrx_word' id='word_1_21' title='bbox 260 1101 400 1159; x_wconf 78' lang='lat' dir='ltr'>affirmarit</span> <span class='ocrx_word' id='word_1_22' title='bbox 421 1100 603 1174; x_wconf 81' lang='lat' dir='ltr'>Epiphanius,</span> <span class='ocrx_word' id='word_1_23' title='bbox 632 1108 680 1155; x_wconf 80' lang='lat' dir='ltr'>eut</span> <span class='ocrx_word' id='word_1_24' title='bbox 702 1100 814 1158; x_wconf 86' lang='lat' dir='ltr'>totidem</span> <span class='ocrx_word' id='word_1_25' title='bbox 837 1117 852 1157; x_wconf 89' lang='lat' dir='ltr'>a</span> <span class='ocrx_word' id='word_1_26' title='bbox 872 1117 906 1157; x_wconf 87' lang='lat' dir='ltr'>se</span> <span class='ocrx_word' id='word_1_27' title='bbox 926 1100 1017 1159; x_wconf 82' lang='lat' dir='ltr'>lectos</span> <span class='ocrx_word' id='word_1_28' title='bbox 1039 1100 1136 1163; x_wconf 52' lang='lat' dir='ltr'>mnus</span> 
     </span>
     <span class='ocr_line' id='line_1_5' title="bbox 116 1183 1126 1259; baseline -0.001 -14"><span class='ocrx_word' id='word_1_29' title='bbox 116 1189 207 1245; x_wconf 85' lang='lat' dir='ltr'>mavit.</span> <span class='ocrx_word' id='word_1_30' title='bbox 230 1186 309 1243; x_wconf 77' lang='lat' dir='ltr'>Addit</span> <span class='ocrx_word' id='word_1_31' title='bbox 331 1185 441 1242; x_wconf 81' lang='lat' dir='ltr'>Hieron.</span> <span class='ocrx_word' id='word_1_32' title='bbox 465 1185 498 1241; x_wconf 87' lang='lat' dir='ltr'>de</span> <span class='ocrx_word' id='word_1_33' title='bbox 520 1185 645 1258; x_wconf 78' lang='lat' dir='ltr'>Origenis</span> <span class='ocrx_word' id='word_1_34' title='bbox 667 1185 775 1259; x_wconf 88' lang='lat' dir='ltr'>scriptis</span> <span class='ocrx_word' id='word_1_35' title='bbox 797 1183 906 1242; x_wconf 85' lang='lat' dir='ltr'>Eusebii</span> <span class='ocrx_word' id='word_1_36' title='bbox 930 1187 1126 1245; x_wconf 73' lang='lat' dir='ltr'>testimonium.</span> 
     </span>
    </p>

    <p class='ocr_par' dir='ltr' id='par_1_3' title="bbox 110 1261 1136 1594">
     <span class='ocr_line' id='line_1_6' title="bbox 204 1261 1134 1346; baseline -0.004 -15"><span class='ocrx_word' id='word_1_37' title='bbox 204 1274 263 1331; x_wconf 80' lang='lat'>599</span> <span class='ocrx_word' id='word_1_38' title='bbox 281 1271 307 1327; x_wconf 90' lang='lat' dir='ltr'>d.</span> <span class='ocrx_word' id='word_1_39' title='bbox 337 1264 387 1325; x_wconf 77' lang='grc' dir='ltr'>καὶ</span> <span class='ocrx_word' id='word_1_40' title='bbox 417 1265 544 1346; x_wconf 74' lang='grc' dir='ltr'><strong><em>διαιρεῖν</em></strong></span> <span class='ocrx_word' id='word_1_41' title='bbox 570 1265 613 1337; x_wconf 75' lang='grc' dir='ltr'>εἷς</span> <span class='ocrx_word' id='word_1_42' title='bbox 641 1262 761 1337; x_wconf 74' lang='lat' dir='ltr'>d&#39;nidexn</span> <span class='ocrx_word' id='word_1_43' title='bbox 782 1261 888 1345; x_wconf 71' lang='grc' dir='ltr'><strong><em>ὁδούς]</em></strong></span> <span class='ocrx_word' id='word_1_44' title='bbox 934 1269 1005 1327; x_wconf 79' lang='lat' dir='ltr'>Cum</span> <span class='ocrx_word' id='word_1_45' title='bbox 1026 1270 1134 1329; x_wconf 76' lang='lat' dir='ltr'>rubfflm</span> 
     </span>
     <span class='ocr_line' id='line_1_7' title="bbox 117 1355 1136 1429; baseline -0.004 -13"><span class='ocrx_word' id='word_1_46' title='bbox 117 1374 191 1415; x_wconf 89' lang='lat' dir='ltr'>mare</span> <span class='ocrx_word' id='word_1_47' title='bbox 221 1357 385 1415; x_wconf 85' lang='lat' dir='ltr'>traiecerunt</span> <span class='ocrx_word' id='word_1_48' title='bbox 414 1355 519 1421; x_wconf 86' lang='lat' dir='ltr'>ludaei,</span> <span class='ocrx_word' id='word_1_49' title='bbox 548 1355 661 1412; x_wconf 84' lang='lat' dir='ltr'>totidem</span> <span class='ocrx_word' id='word_1_50' title='bbox 690 1355 836 1429; x_wconf 82' lang='lat' dir='ltr'>impressae</span> <span class='ocrx_word' id='word_1_51' title='bbox 861 1356 935 1419; x_wconf 75' lang='lat' dir='ltr'>nias.</span> <span class='ocrx_word' id='word_1_52' title='bbox 964 1364 1036 1429; x_wconf 83' lang='lat' dir='ltr'>quot</span> <span class='ocrx_word' id='word_1_53' title='bbox 1063 1365 1136 1413; x_wconf 81' lang='lat' dir='ltr'>erent</span> 
     </span>
     <span class='ocr_line' id='line_1_8' title="bbox 110 1430 1135 1515; baseline 0.003 -17"><span class='ocrx_word' id='word_1_54' title='bbox 110 1430 224 1507; x_wconf 63' lang='lat' dir='ltr'>&#39;Tribus</span> <span class='ocrx_word' id='word_1_55' title='bbox 248 1440 433 1497; x_wconf 78' lang='lat' dir='ltr'>Hebraeorum</span> <span class='ocrx_word' id='word_1_56' title='bbox 456 1439 564 1497; x_wconf 87' lang='lat' dir='ltr'>traditio</span> <span class='ocrx_word' id='word_1_57' title='bbox 588 1448 638 1506; x_wconf 87' lang='lat' dir='ltr'>est,</span> <span class='ocrx_word' id='word_1_58' title='bbox 662 1456 742 1515; x_wconf 90' lang='lat' dir='ltr'>quam</span> <span class='ocrx_word' id='word_1_59' title='bbox 761 1440 892 1513; x_wconf 82' lang='lat' dir='ltr'>Origenes</span> <span class='ocrx_word' id='word_1_60' title='bbox 914 1451 1061 1507; x_wconf 78' lang='lat' dir='ltr'>moment,</span> <span class='ocrx_word' id='word_1_61' title='bbox 1081 1440 1135 1501; x_wconf 78' lang='lat' dir='ltr'>lio-</span> 
     </span>
     <span class='ocr_line' id='line_1_9' title="bbox 110 1523 862 1594; baseline -0.005 -9"><span class='ocrx_word' id='word_1_62' title='bbox 110 1526 208 1594; x_wconf 59' lang='lat' dir='ltr'>,mito</span> <span class='ocrx_word' id='word_1_63' title='bbox 231 1526 257 1581; x_wconf 93' lang='lat' dir='ltr'>in</span> <span class='ocrx_word' id='word_1_64' title='bbox 279 1523 401 1583; x_wconf 82' lang='lat' dir='ltr'>Exodum</span> <span class='ocrx_word' id='word_1_65' title='bbox 423 1534 452 1581; x_wconf 91' lang='lat' dir='ltr'>et</span> <span class='ocrx_word' id='word_1_66' title='bbox 473 1523 611 1583; x_wconf 85' lang='lat' dir='ltr'>Kimchius</span> <span class='ocrx_word' id='word_1_67' title='bbox 633 1525 662 1582; x_wconf 90' lang='lat' dir='ltr'>in</span> <span class='ocrx_word' id='word_1_68' title='bbox 683 1525 782 1583; x_wconf 80' lang='lat' dir='ltr'>Psalm.</span> <span class='ocrx_word' id='word_1_69' title='bbox 796 1527 862 1583; x_wconf 84' lang='grc'><strong>136.</strong></span> 
     </span>
    </p>

    <p class='ocr_par' dir='ltr' id='par_1_4' title="bbox 111 1599 1134 1772">
     <span class='ocr_line' id='line_1_10' title="bbox 203 1599 1134 1688; baseline 0.001 -20"><span class='ocrx_word' id='word_1_70' title='bbox 203 1611 260 1669; x_wconf 81' lang='lat' dir='ltr'>ddi</span> <span class='ocrx_word' id='word_1_71' title='bbox 280 1627 304 1666; x_wconf 85' lang='lat' dir='ltr'>a.</span> <span class='ocrx_word' id='word_1_72' title='bbox 335 1600 377 1677; x_wconf 78' lang='grc' dir='ltr'>ὡς</span> <span class='ocrx_word' id='word_1_73' title='bbox 397 1604 448 1667; x_wconf 81' lang='grc' dir='ltr'>καὶ</span> <span class='ocrx_word' id='word_1_74' title='bbox 469 1599 635 1666; x_wconf 73' lang='grc' dir='ltr'><strong><em>ὁκαλλίιον</em></strong></span> <span class='ocrx_word' id='word_1_75' title='bbox 647 1605 831 1688; x_wconf 78' lang='grc' dir='ltr'><strong><em>μακαρίτης]</em></strong></span> <span class='ocrx_word' id='word_1_76' title='bbox 859 1609 923 1666; x_wconf 81' lang='lat' dir='ltr'>Gor.</span> <span class='ocrx_word' id='word_1_77' title='bbox 938 1600 1049 1680; x_wconf 74' lang='grc' dir='ltr'><strong><em>ὡςκαὶ</em></strong></span> <span class='ocrx_word' id='word_1_78' title='bbox 1062 1602 1134 1669; x_wconf 67' lang='lat' dir='ltr'>adi-</span> 
     </span>
     <span class='ocr_line' id='line_1_11' title="bbox 111 1686 420 1772; baseline -0.003 -21"><span class='ocrx_word' id='word_1_79' title='bbox 111 1693 181 1757; x_wconf 75' lang='grc' dir='ltr'><strong><em>λιον</em></strong></span> <span class='ocrx_word' id='word_1_80' title='bbox 201 1686 217 1751; x_wconf 79' lang='grc' dir='ltr'><strong><em>ὃ</em></strong></span> <span class='ocrx_word' id='word_1_81' title='bbox 239 1689 420 1772; x_wconf 80' lang='grc' dir='ltr'><strong><em>μακαρίτης.</em></strong></span> 
     </span>
    </p>

    <p class='ocr_par' dir='ltr' id='par_1_5' title="bbox 114 1772 1129 1941">
     <span class='ocr_line' id='line_1_12' title="bbox 202 1772 1129 1858; baseline -0.002 -20"><span class='ocrx_word' id='word_1_82' title='bbox 202 1773 283 1838; x_wconf 62' lang='grc' dir='ltr'><strong><em>ἔστιν</em></strong></span> <span class='ocrx_word' id='word_1_83' title='bbox 304 1774 379 1837; x_wconf 75' lang='grc' dir='ltr'>ἰδεῖν</span> <span class='ocrx_word' id='word_1_84' title='bbox 400 1773 438 1836; x_wconf 81' lang='grc' dir='ltr'>τὰ</span> <span class='ocrx_word' id='word_1_85' title='bbox 460 1773 606 1854; x_wconf 68' lang='grc' dir='ltr'><strong><em>ἐπίχειρα]</em></strong></span> <span class='ocrx_word' id='word_1_86' title='bbox 638 1778 720 1836; x_wconf 84' lang='lat' dir='ltr'>Eorte</span> <span class='ocrx_word' id='word_1_87' title='bbox 741 1772 781 1836; x_wconf 80' lang='grc' dir='ltr'>τὰ</span> <span class='ocrx_word' id='word_1_88' title='bbox 802 1772 848 1836; x_wconf 77' lang='lat' dir='ltr'>tut</span> <span class='ocrx_word' id='word_1_89' title='bbox 858 1780 962 1858; x_wconf 73' lang='grc' dir='ltr'><strong><em>χεῖρα,</em></strong></span> <span class='ocrx_word' id='word_1_90' title='bbox 986 1780 1129 1855; x_wconf 71' lang='lat' dir='ltr'>haecque</span> 
     </span>
     <span class='ocr_line' id='line_1_13' title="bbox 114 1864 847 1941; baseline -0.004 -19"><span class='ocrx_word' id='word_1_91' title='bbox 114 1882 182 1941; x_wconf 89' lang='lat' dir='ltr'>prae</span> <span class='ocrx_word' id='word_1_92' title='bbox 203 1864 328 1922; x_wconf 89' lang='lat' dir='ltr'>manibus</span> <span class='ocrx_word' id='word_1_93' title='bbox 350 1864 481 1923; x_wconf 86' lang='lat' dir='ltr'>habemus</span> <span class='ocrx_word' id='word_1_94' title='bbox 503 1882 535 1921; x_wconf 88' lang='lat' dir='ltr'>ae</span> <span class='ocrx_word' id='word_1_95' title='bbox 557 1865 589 1920; x_wconf 89' lang='lat' dir='ltr'>de</span> <span class='ocrx_word' id='word_1_96' title='bbox 612 1864 712 1938; x_wconf 74' lang='lat' dir='ltr'>quihus</span> <span class='ocrx_word' id='word_1_97' title='bbox 733 1865 847 1938; x_wconf 78' lang='lat' dir='ltr'>agimus.</span> 
     </span>
    </p>

    <p class='ocr_par' dir='ltr' id='par_1_6' title="bbox 110 1940 1132 2362">
     <span class='ocr_line' id='line_1_14' title="bbox 203 1940 1129 2025; baseline 0 -17"><span class='ocrx_word' id='word_1_98' title='bbox 203 1952 263 2008; x_wconf 87' lang='grc'>602</span> <span class='ocrx_word' id='word_1_99' title='bbox 279 1968 304 2006; x_wconf 93' lang='lat' dir='ltr'>a.</span> <span class='ocrx_word' id='word_1_100' title='bbox 334 1944 384 2005; x_wconf 78' lang='lat' dir='ltr'>uei</span> <span class='ocrx_word' id='word_1_101' title='bbox 407 1940 556 2023; x_wconf 74' lang='grc' dir='ltr'><strong><em>Σολομὼν</em></strong></span> <span class='ocrx_word' id='word_1_102' title='bbox 576 1944 608 2006; x_wconf 78' lang='grc' dir='ltr'>ἓν</span> <span class='ocrx_word' id='word_1_103' title='bbox 628 1946 818 2025; x_wconf 80' lang='grc' dir='ltr'><strong><em>παροιμίαις]</em></strong></span> <span class='ocrx_word' id='word_1_104' title='bbox 863 1950 988 2024; x_wconf 77' lang='lat' dir='ltr'>Longius</span> <span class='ocrx_word' id='word_1_105' title='bbox 1011 1950 1129 2008; x_wconf 76' lang='lat' dir='ltr'>arcessita</span> 
     </span>
     <span class='ocr_line' id='line_1_15' title="bbox 110 2026 1132 2108; baseline 0.001 -16"><span class='ocrx_word' id='word_1_106' title='bbox 110 2026 184 2101; x_wconf 76' lang='lat' dir='ltr'>jhaee</span> <span class='ocrx_word' id='word_1_107' title='bbox 205 2034 258 2091; x_wconf 83' lang='lat' dir='ltr'>lori</span> <span class='ocrx_word' id='word_1_108' title='bbox 281 2034 362 2091; x_wconf 88' lang='lat' dir='ltr'>huius</span> <span class='ocrx_word' id='word_1_109' title='bbox 384 2034 572 2108; x_wconf 74' lang='lat' dir='ltr'>interpretatio</span> <span class='ocrx_word' id='word_1_110' title='bbox 602 2042 629 2090; x_wconf 89' lang='lat' dir='ltr'>et</span> <span class='ocrx_word' id='word_1_111' title='bbox 651 2033 684 2090; x_wconf 93' lang='lat' dir='ltr'>ad</span> <span class='ocrx_word' id='word_1_112' title='bbox 707 2034 834 2091; x_wconf 82' lang='lat' dir='ltr'>Graecam</span> <span class='ocrx_word' id='word_1_113' title='bbox 857 2034 1009 2092; x_wconf 85' lang='lat' dir='ltr'>editionem</span> <span class='ocrx_word' id='word_1_114' title='bbox 1028 2052 1132 2093; x_wconf 76' lang='lat' dir='ltr'>aeeon-</span> 
     </span>
     <span class='ocr_line' id='line_1_16' title="bbox 115 2117 1129 2194; baseline 0.003 -18"><span class='ocrx_word' id='word_1_115' title='bbox 115 2117 233 2177; x_wconf 83' lang='lat' dir='ltr'>mndata.</span> <span class='ocrx_word' id='word_1_116' title='bbox 278 2118 343 2175; x_wconf 79' lang='lat' dir='ltr'>Nam</span> <span class='ocrx_word' id='word_1_117' title='bbox 366 2117 487 2175; x_wconf 82' lang='lat' dir='ltr'>Hebraea</span> <span class='ocrx_word' id='word_1_118' title='bbox 516 2117 617 2175; x_wconf 87' lang='lat' dir='ltr'>nullam</span> <span class='ocrx_word' id='word_1_119' title='bbox 644 2119 796 2177; x_wconf 87' lang='lat' dir='ltr'>sententiae</span> <span class='ocrx_word' id='word_1_120' title='bbox 817 2118 888 2176; x_wconf 86' lang='lat' dir='ltr'>iilius</span> <span class='ocrx_word' id='word_1_121' title='bbox 912 2120 1129 2194; x_wconf 74' lang='lat' dir='ltr'>significationen</span> 
     </span>
     <span class='ocr_line' id='line_1_17' title="bbox 114 2201 1129 2280; baseline 0.007 -22"><span class='ocrx_word' id='word_1_122' title='bbox 114 2203 282 2277; x_wconf 85' lang='lat' dir='ltr'>praeierunt.</span> <span class='ocrx_word' id='word_1_123' title='bbox 326 2201 457 2260; x_wconf 79' lang='lat' dir='ltr'>Hortatur</span> <span class='ocrx_word' id='word_1_124' title='bbox 485 2203 593 2278; x_wconf 84' lang='lat' dir='ltr'>sapiens</span> <span class='ocrx_word' id='word_1_125' title='bbox 622 2214 653 2261; x_wconf 91' lang='lat' dir='ltr'>ut</span> <span class='ocrx_word' id='word_1_126' title='bbox 680 2205 797 2261; x_wconf 78' lang='lat' dir='ltr'>rusticae</span> <span class='ocrx_word' id='word_1_127' title='bbox 824 2204 865 2261; x_wconf 87' lang='lat' dir='ltr'>rei</span> <span class='ocrx_word' id='word_1_128' title='bbox 897 2214 928 2262; x_wconf 86' lang='lat' dir='ltr'>et</span> <span class='ocrx_word' id='word_1_129' title='bbox 956 2205 1129 2280; x_wconf 77' lang='lat' dir='ltr'>agrientune</span> 
     </span>
     <span class='ocr_line' id='line_1_18' title="bbox 115 2286 487 2362; baseline 0.005 -18"><span class='ocrx_word' id='word_1_130' title='bbox 115 2286 231 2362; x_wconf 78' lang='lat' dir='ltr'>diligens</span> <span class='ocrx_word' id='word_1_131' title='bbox 254 2287 387 2344; x_wconf 84' lang='lat' dir='ltr'>habeatur</span> <span class='ocrx_word' id='word_1_132' title='bbox 408 2289 487 2346; x_wconf 87' lang='lat' dir='ltr'>ratio.</span> 
     </span>
    </p>

    <p class='ocr_par' dir='ltr' id='par_1_7' title="bbox 201 2365 1125 2451">
     <span class='ocr_line' id='line_1_19' title="bbox 201 2365 1125 2451; baseline -0.002 -20"><span class='ocrx_word' id='word_1_133' title='bbox 201 2367 278 2450; x_wconf 79' lang='lat' dir='ltr'>pant</span> <span class='ocrx_word' id='word_1_134' title='bbox 299 2366 358 2451; x_wconf 80' lang='grc' dir='ltr'>γὰρ</span> <span class='ocrx_word' id='word_1_135' title='bbox 381 2365 409 2429; x_wconf 82' lang='lat' dir='ltr'>oi</span> <span class='ocrx_word' id='word_1_136' title='bbox 432 2365 624 2451; x_wconf 78' lang='grc' dir='ltr'><strong><em>φυσιολόγοι]</em></strong></span> <span class='ocrx_word' id='word_1_137' title='bbox 651 2369 776 2447; x_wconf 51' lang='lat' dir='ltr'>proniori</span> <span class='ocrx_word' id='word_1_138' title='bbox 797 2374 919 2431; x_wconf 83' lang='lat' dir='ltr'>meminit</span> <span class='ocrx_word' id='word_1_139' title='bbox 941 2375 969 2431; x_wconf 91' lang='lat' dir='ltr'>in</span> <span class='ocrx_word' id='word_1_140' title='bbox 994 2379 1125 2435; x_wconf 79' lang='lat' dir='ltr'>tnennm</span> 
     </span>
    </p>
   </div>
   <div class='ocr_carea' id='block_1_3' title="bbox 284 2592 970 2651">
    <p class='ocr_par' dir='ltr' id='par_1_8' title="bbox 284 2592 970 2651">
     <span class='ocr_line' id='line_1_20' title="bbox 284 2592 970 2651; baseline 0.006 -4"><span class='ocrx_word' id='word_1_141' title='bbox 284 2593 327 2648; x_wconf 79' lang='grc' dir='ltr'>ΑΙ)</span> <span class='ocrx_word' id='word_1_142' title='bbox 351 2592 518 2651; x_wconf 75' lang='lat' dir='ltr'>HAERESIN</span> <span class='ocrx_word' id='word_1_143' title='bbox 539 2594 603 2650; x_wconf 84' lang='lat' dir='ltr'>LXV</span> <span class='ocrx_word' id='word_1_144' title='bbox 626 2594 725 2651; x_wconf 75' lang='lat' dir='ltr'>eruet</span> <span class='ocrx_word' id='word_1_145' title='bbox 747 2592 970 2651; x_wconf 72' lang='lat' dir='ltr'>SAMOSAEENI.</span> 
     </span>
    </p>
   </div>
   <div class='ocr_carea' id='block_1_4' title="bbox 45 2704 1132 4145">
    <p class='ocr_par' dir='ltr' id='par_1_9' title="bbox 112 2704 1128 3295">
     <span class='ocr_line' id='line_1_21' title="bbox 202 2704 1125 2790; baseline 0 -19"><span class='ocrx_word' id='word_1_146' title='bbox 202 2714 261 2771; x_wconf 83' lang='grc'>607</span> <span class='ocrx_word' id='word_1_147' title='bbox 279 2711 307 2769; x_wconf 89' lang='lat' dir='ltr'>b.</span> <span class='ocrx_word' id='word_1_148' title='bbox 338 2706 370 2769; x_wconf 72' lang='grc' dir='ltr'>ἓν</span> <span class='ocrx_word' id='word_1_149' title='bbox 390 2704 518 2790; x_wconf 70' lang='grc' dir='ltr'><strong><em>ἡμίριιις</em></strong></span> <span class='ocrx_word' id='word_1_150' title='bbox 538 2704 754 2787; x_wconf 78' lang='grc' dir='ltr'><strong><em>Λύρηλιιινοῦ]</em></strong></span> <span class='ocrx_word' id='word_1_151' title='bbox 784 2713 840 2769; x_wconf 89' lang='lat' dir='ltr'>lmo</span> <span class='ocrx_word' id='word_1_152' title='bbox 862 2730 927 2771; x_wconf 87' lang='lat' dir='ltr'>vcro</span> <span class='ocrx_word' id='word_1_153' title='bbox 947 2714 1003 2771; x_wconf 80' lang='lat' dir='ltr'>sula</span> <span class='ocrx_word' id='word_1_154' title='bbox 1021 2715 1125 2775; x_wconf 79' lang='lat' dir='ltr'>Gaddieeo</span> 
     </span>
     <span class='ocr_line' id='line_1_22' title="bbox 115 2796 1125 2876; baseline 0.006 -22"><span class='ocrx_word' id='word_1_155' title='bbox 115 2806 179 2872; x_wconf 88' lang='lat' dir='ltr'>post</span> <span class='ocrx_word' id='word_1_156' title='bbox 201 2797 364 2854; x_wconf 82' lang='lat' dir='ltr'>Demetrinni</span> <span class='ocrx_word' id='word_1_157' title='bbox 386 2797 501 2855; x_wconf 81' lang='lat' dir='ltr'>obitum.</span> <span class='ocrx_word' id='word_1_158' title='bbox 531 2796 665 2855; x_wconf 79' lang='lat' dir='ltr'>Eusebius</span> <span class='ocrx_word' id='word_1_159' title='bbox 687 2798 733 2857; x_wconf 82' lang='grc' dir='ltr'>Ι.7</span> <span class='ocrx_word' id='word_1_160' title='bbox 757 2797 858 2855; x_wconf 82' lang='lat' dir='ltr'>Hister.</span> <span class='ocrx_word' id='word_1_161' title='bbox 881 2815 913 2856; x_wconf 60' lang='grc' dir='ltr'>οἈ</span> <span class='ocrx_word' id='word_1_162' title='bbox 924 2800 975 2859; x_wconf 86' lang='grc'>22.</span> <span class='ocrx_word' id='word_1_163' title='bbox 1009 2799 1125 2876; x_wconf 69' lang='lat' dir='ltr'>innunt</span> 
     </span>
     <span class='ocr_line' id='line_1_23' title="bbox 113 2881 1126 2958; baseline 0.006 -19"><span class='ocrx_word' id='word_1_164' title='bbox 113 2881 266 2957; x_wconf 82' lang='lat' dir='ltr'>Epiphanio</span> <span class='ocrx_word' id='word_1_165' title='bbox 289 2882 362 2958; x_wconf 89' lang='lat' dir='ltr'>qood</span> <span class='ocrx_word' id='word_1_166' title='bbox 383 2881 435 2939; x_wconf 89' lang='lat' dir='ltr'>suh</span> <span class='ocrx_word' id='word_1_167' title='bbox 450 2881 596 2939; x_wconf 74' lang='lat' dir='ltr'>Aureliane</span> <span class='ocrx_word' id='word_1_168' title='bbox 619 2882 760 2940; x_wconf 85' lang='lat' dir='ltr'>damnatus</span> <span class='ocrx_word' id='word_1_169' title='bbox 783 2892 812 2941; x_wconf 89' lang='lat' dir='ltr'>et</span> <span class='ocrx_word' id='word_1_170' title='bbox 827 2882 997 2958; x_wconf 79' lang='lat' dir='ltr'>Episcopatu</span> <span class='ocrx_word' id='word_1_171' title='bbox 1019 2887 1126 2945; x_wconf 66' lang='lat' dir='ltr'>deiecto!</span> 
     </span>
     <span class='ocr_line' id='line_1_24' title="bbox 115 2967 1127 3046; baseline 0.005 -21"><span class='ocrx_word' id='word_1_172' title='bbox 115 2976 166 3033; x_wconf 82' lang='lat' dir='ltr'>cst,</span> <span class='ocrx_word' id='word_1_173' title='bbox 190 2967 313 3043; x_wconf 87' lang='lat' dir='ltr'>adeoque</span> <span class='ocrx_word' id='word_1_174' title='bbox 335 2967 472 3024; x_wconf 78' lang='lat' dir='ltr'>Aureliani</span> <span class='ocrx_word' id='word_1_175' title='bbox 493 2968 614 3032; x_wconf 86' lang='lat' dir='ltr'>decreto,</span> <span class='ocrx_word' id='word_1_176' title='bbox 637 2967 711 3042; x_wconf 92' lang='lat' dir='ltr'>quod</span> <span class='ocrx_word' id='word_1_177' title='bbox 726 2968 868 3026; x_wconf 86' lang='lat' dir='ltr'>Christiani</span> <span class='ocrx_word' id='word_1_178' title='bbox 883 2969 1032 3029; x_wconf 78' lang='lat' dir='ltr'>Antistitea</span> <span class='ocrx_word' id='word_1_179' title='bbox 1053 2972 1127 3046; x_wconf 77' lang='lat' dir='ltr'>tmpe-</span> 
     </span>
     <span class='ocr_line' id='line_1_25' title="bbox 114 3051 982 3128; baseline 0.005 -20"><span class='ocrx_word' id='word_1_180' title='bbox 114 3059 232 3109; x_wconf 86' lang='lat' dir='ltr'>trarunt.</span> <span class='ocrx_word' id='word_1_181' title='bbox 263 3051 317 3109; x_wconf 86' lang='lat' dir='ltr'>Sed</span> <span class='ocrx_word' id='word_1_182' title='bbox 337 3052 530 3126; x_wconf 88' lang='lat' dir='ltr'>Episcopatum</span> <span class='ocrx_word' id='word_1_183' title='bbox 553 3052 656 3126; x_wconf 88' lang='lat' dir='ltr'>aliquot</span> <span class='ocrx_word' id='word_1_184' title='bbox 676 3053 754 3110; x_wconf 89' lang='lat' dir='ltr'>annis</span> <span class='ocrx_word' id='word_1_185' title='bbox 776 3061 841 3111; x_wconf 87' lang='lat' dir='ltr'>ante</span> <span class='ocrx_word' id='word_1_186' title='bbox 861 3063 982 3128; x_wconf 83' lang='lat' dir='ltr'>ceperat.</span> 
     </span>
     <span class='ocr_line' id='line_1_26' title="bbox 112 3129 1128 3215; baseline 0.004 -22"><span class='ocrx_word' id='word_1_187' title='bbox 112 3193 116 3199; x_wconf 83' lang='grc'><strong>,</strong></span> <span class='ocrx_word' id='word_1_188' title='bbox 201 3137 261 3195; x_wconf 88' lang='grc'>608</span> <span class='ocrx_word' id='word_1_189' title='bbox 276 3154 302 3193; x_wconf 83' lang='lat' dir='ltr'>a.</span> <span class='ocrx_word' id='word_1_190' title='bbox 332 3130 388 3210; x_wconf 78' lang='grc' dir='ltr'>τὴν</span> <span class='ocrx_word' id='word_1_191' title='bbox 410 3133 525 3213; x_wconf 73' lang='grc' dir='ltr'><strong><em>αἵρεσιν</em></strong></span> <span class='ocrx_word' id='word_1_192' title='bbox 545 3138 601 3195; x_wconf 80' lang='grc' dir='ltr'>τοῦ</span> <span class='ocrx_word' id='word_1_193' title='bbox 616 3129 818 3215; x_wconf 70' lang='grc' dir='ltr'><strong><em>Ἀρτέμωνος]</em></strong></span> <span class='ocrx_word' id='word_1_194' title='bbox 857 3137 979 3196; x_wconf 75' lang='lat' dir='ltr'>Meminit</span> <span class='ocrx_word' id='word_1_195' title='bbox 1002 3139 1128 3199; x_wconf 72' lang='lat' dir='ltr'>Eumne</span> 
     </span>
     <span class='ocr_line' id='line_1_27' title="bbox 112 3219 1058 3295; baseline 0.007 -18"><span class='ocrx_word' id='word_1_196' title='bbox 112 3219 144 3285; x_wconf 73' lang='grc'>,5,</span> <span class='ocrx_word' id='word_1_197' title='bbox 161 3219 212 3285; x_wconf 80' lang='grc'>27,</span> <span class='ocrx_word' id='word_1_198' title='bbox 235 3220 346 3294; x_wconf 85' lang='lat' dir='ltr'>Niceph.</span> <span class='ocrx_word' id='word_1_199' title='bbox 364 3224 393 3286; x_wconf 84' lang='lat'>4,</span> <span class='ocrx_word' id='word_1_200' title='bbox 411 3222 461 3280; x_wconf 90' lang='grc'>20.</span> <span class='ocrx_word' id='word_1_201' title='bbox 492 3221 555 3278; x_wconf 89' lang='lat' dir='ltr'>Vide</span> <span class='ocrx_word' id='word_1_202' title='bbox 577 3223 645 3295; x_wconf 76' lang='lat' dir='ltr'>Aug.</span> <span class='ocrx_word' id='word_1_203' title='bbox 668 3221 697 3279; x_wconf 93' lang='lat' dir='ltr'>in</span> <span class='ocrx_word' id='word_1_204' title='bbox 719 3222 829 3280; x_wconf 84' lang='lat' dir='ltr'>Haeresi</span> <span class='ocrx_word' id='word_1_205' title='bbox 851 3223 1058 3284; x_wconf 68' lang='lat' dir='ltr'>cantianorum.</span> 
     </span>
    </p>

    <p class='ocr_par' dir='ltr' id='par_1_10' title="bbox 63 3292 1129 3555">
     <span class='ocr_line' id='line_1_28' title="bbox 199 3292 1129 3385; baseline 0.008 -24"><span class='ocrx_word' id='word_1_206' title='bbox 199 3292 302 3381; x_wconf 80' lang='grc' dir='ltr'><strong><em>ὥσπερ</em></strong></span> <span class='ocrx_word' id='word_1_207' title='bbox 325 3296 428 3377; x_wconf 69' lang='grc' dir='ltr'><strong><em>ἀμέλει</em></strong></span> <span class='ocrx_word' id='word_1_208' title='bbox 451 3297 501 3362; x_wconf 72' lang='grc' dir='ltr'>καὶ</span> <span class='ocrx_word' id='word_1_209' title='bbox 523 3297 736 3380; x_wconf 77' lang='grc' dir='ltr'><strong><em>ὁΣαβέλλιος]</em></strong></span> <span class='ocrx_word' id='word_1_210' title='bbox 766 3307 859 3366; x_wconf 86' lang='lat' dir='ltr'>Novati</span> <span class='ocrx_word' id='word_1_211' title='bbox 874 3325 977 3367; x_wconf 88' lang='lat' dir='ltr'>nomen</span> <span class='ocrx_word' id='word_1_212' title='bbox 993 3326 1129 3385; x_wconf 79' lang='lat' dir='ltr'>perperam</span> 
     </span>
     <span class='ocr_line' id='line_1_29' title="bbox 112 3384 1129 3463; baseline 0.011 -21"><span class='ocrx_word' id='word_1_213' title='bbox 112 3384 232 3459; x_wconf 84' lang='lat' dir='ltr'>irrepsit.</span> <span class='ocrx_word' id='word_1_214' title='bbox 262 3386 327 3443; x_wconf 83' lang='lat' dir='ltr'>Nam</span> <span class='ocrx_word' id='word_1_215' title='bbox 343 3387 489 3453; x_wconf 83' lang='lat' dir='ltr'>Novatiani,</span> <span class='ocrx_word' id='word_1_216' title='bbox 514 3391 586 3463; x_wconf 91' lang='lat' dir='ltr'>quod</span> <span class='ocrx_word' id='word_1_217' title='bbox 603 3391 760 3449; x_wconf 85' lang='lat' dir='ltr'>Trinitatem</span> <span class='ocrx_word' id='word_1_218' title='bbox 783 3394 888 3457; x_wconf 84' lang='lat' dir='ltr'>attinet,</span> <span class='ocrx_word' id='word_1_219' title='bbox 912 3394 981 3451; x_wconf 79' lang='lat' dir='ltr'>nteit</span> <span class='ocrx_word' id='word_1_220' title='bbox 1004 3395 1129 3455; x_wconf 76' lang='lat' dir='ltr'>aCatia·</span> 
     </span>
     <span class='ocr_line' id='line_1_30' title="bbox 63 3469 1043 3555; baseline 0.008 -26"><span class='ocrx_word' id='word_1_221' title='bbox 63 3514 80 3555; x_wconf 67' lang='lat'>.&#39;</span> <span class='ocrx_word' id='word_1_222' title='bbox 111 3469 172 3529; x_wconf 88' lang='lat' dir='ltr'>licis</span> <span class='ocrx_word' id='word_1_223' title='bbox 193 3472 390 3539; x_wconf 84' lang='lat' dir='ltr'>dissenserunt,</span> <span class='ocrx_word' id='word_1_224' title='bbox 414 3482 444 3531; x_wconf 91' lang='lat' dir='ltr'>ot</span> <span class='ocrx_word' id='word_1_225' title='bbox 466 3475 492 3531; x_wconf 91' lang='lat' dir='ltr'>in</span> <span class='ocrx_word' id='word_1_226' title='bbox 514 3475 663 3533; x_wconf 76' lang='lat' dir='ltr'>Annalibus</span> <span class='ocrx_word' id='word_1_227' title='bbox 685 3477 778 3535; x_wconf 91' lang='lat' dir='ltr'>docuit</span> <span class='ocrx_word' id='word_1_228' title='bbox 798 3477 896 3534; x_wconf 86' lang='lat' dir='ltr'>Barnn.</span> <span class='ocrx_word' id='word_1_229' title='bbox 917 3482 950 3534; x_wconf 78' lang='lat' dir='ltr'>A.</span> <span class='ocrx_word' id='word_1_230' title='bbox 968 3481 1043 3539; x_wconf 79' lang='lat'><strong>265.</strong></span> 
     </span>
    </p>

    <p class='ocr_par' dir='ltr' id='par_1_11' title="bbox 45 3549 1130 3968">
     <span class='ocr_line' id='line_1_31' title="bbox 199 3549 1130 3641; baseline 0.01 -27"><span class='ocrx_word' id='word_1_231' title='bbox 199 3558 259 3616; x_wconf 84' lang='grc'>608</span> <span class='ocrx_word' id='word_1_232' title='bbox 276 3556 303 3613; x_wconf 90' lang='lat' dir='ltr'>d.</span> <span class='ocrx_word' id='word_1_233' title='bbox 333 3549 458 3634; x_wconf 75' lang='grc' dir='ltr'><strong><em>τάληθῆ</em></strong></span> <span class='ocrx_word' id='word_1_234' title='bbox 480 3553 523 3629; x_wconf 70' lang='grc' dir='ltr'>δι’,</span> <span class='ocrx_word' id='word_1_235' title='bbox 546 3549 593 3616; x_wconf 85' lang='grc' dir='ltr'>ὅτι</span> <span class='ocrx_word' id='word_1_236' title='bbox 615 3551 685 3618; x_wconf 72' lang='lat' dir='ltr'>adn</span> <span class='ocrx_word' id='word_1_237' title='bbox 708 3555 885 3639; x_wconf 77' lang='grc' dir='ltr'><strong><em>περιτομήν]</em></strong></span> <span class='ocrx_word' id='word_1_238' title='bbox 916 3562 1033 3622; x_wconf 78' lang='lat' dir='ltr'>Frustra</span> <span class='ocrx_word' id='word_1_239' title='bbox 1056 3566 1130 3641; x_wconf 59' lang='lat' dir='ltr'>initu</span> 
     </span>
     <span class='ocr_line' id='line_1_32' title="bbox 111 3640 1130 3721; baseline 0.012 -24"><span class='ocrx_word' id='word_1_240' title='bbox 111 3640 138 3721; x_wconf 73' lang='lat' dir='ltr'>in</span> <span class='ocrx_word' id='word_1_241' title='bbox 167 3642 226 3698; x_wconf 90' lang='lat' dir='ltr'>eius</span> <span class='ocrx_word' id='word_1_242' title='bbox 248 3642 358 3701; x_wconf 85' lang='lat' dir='ltr'>Eaercsi</span> <span class='ocrx_word' id='word_1_243' title='bbox 381 3644 541 3702; x_wconf 85' lang='lat' dir='ltr'>Philastrius</span> <span class='ocrx_word' id='word_1_244' title='bbox 570 3647 795 3705; x_wconf 83' lang='lat' dir='ltr'>circuncisionem</span> <span class='ocrx_word' id='word_1_245' title='bbox 817 3646 892 3705; x_wconf 81' lang='lat' dir='ltr'>iilum</span> <span class='ocrx_word' id='word_1_246' title='bbox 915 3646 1048 3707; x_wconf 82' lang='lat' dir='ltr'>docuisse</span> <span class='ocrx_word' id='word_1_247' title='bbox 1069 3666 1130 3708; x_wconf 84' lang='lat' dir='ltr'>coe·</span> 
     </span>
     <span class='ocr_line' id='line_1_33' title="bbox 111 3723 1129 3805; baseline 0.013 -25"><span class='ocrx_word' id='word_1_248' title='bbox 111 3723 209 3791; x_wconf 85' lang='lat' dir='ltr'>firmat,</span> <span class='ocrx_word' id='word_1_249' title='bbox 233 3726 307 3801; x_wconf 86' lang='lat' dir='ltr'>quod</span> <span class='ocrx_word' id='word_1_250' title='bbox 330 3745 419 3805; x_wconf 86' lang='lat' dir='ltr'>neque</span> <span class='ocrx_word' id='word_1_251' title='bbox 441 3730 618 3803; x_wconf 81' lang='lat' dir='ltr'>Augustinus,</span> <span class='ocrx_word' id='word_1_252' title='bbox 643 3749 732 3805; x_wconf 88' lang='lat' dir='ltr'>neque</span> <span class='ocrx_word' id='word_1_253' title='bbox 754 3732 886 3805; x_wconf 77' lang='lat' dir='ltr'>Synodiea</span> <span class='ocrx_word' id='word_1_254' title='bbox 909 3732 956 3788; x_wconf 86' lang='lat' dir='ltr'>ilia</span> <span class='ocrx_word' id='word_1_255' title='bbox 970 3732 1129 3795; x_wconf 69' lang='grc' dir='ltr'>Δοιιοοὴιοί</span> 
     </span>
     <span class='ocr_line' id='line_1_34' title="bbox 45 3807 1130 3895; baseline 0.009 -29"><span class='ocrx_word' id='word_1_256' title='bbox 45 3842 53 3856; x_wconf 92' lang='lat'><strong>·</strong></span> <span class='ocrx_word' id='word_1_257' title='bbox 112 3807 234 3876; x_wconf 72' lang='lat' dir='ltr'>Conciti,</span> <span class='ocrx_word' id='word_1_258' title='bbox 256 3812 329 3887; x_wconf 88' lang='lat' dir='ltr'>quod</span> <span class='ocrx_word' id='word_1_259' title='bbox 351 3814 480 3871; x_wconf 81' lang='lat' dir='ltr'>adversm</span> <span class='ocrx_word' id='word_1_260' title='bbox 503 3815 618 3873; x_wconf 87' lang='lat' dir='ltr'>eundern</span> <span class='ocrx_word' id='word_1_261' title='bbox 641 3816 807 3875; x_wconf 85' lang='lat' dir='ltr'>celebratum</span> <span class='ocrx_word' id='word_1_262' title='bbox 830 3827 881 3882; x_wconf 81' lang='lat' dir='ltr'>est,</span> <span class='ocrx_word' id='word_1_263' title='bbox 904 3834 958 3874; x_wconf 88' lang='lat' dir='ltr'>nee</span> <span class='ocrx_word' id='word_1_264' title='bbox 973 3819 1044 3878; x_wconf 83' lang='lat' dir='ltr'>aiios</span> <span class='ocrx_word' id='word_1_265' title='bbox 1059 3820 1130 3895; x_wconf 82' lang='lat' dir='ltr'>qnis-</span> 
     </span>
     <span class='ocr_line' id='line_1_35' title="bbox 110 3895 341 3968; baseline 0.017 -18"><span class='ocrx_word' id='word_1_266' title='bbox 110 3910 192 3968; x_wconf 82' lang='lat' dir='ltr'>quam</span> <span class='ocrx_word' id='word_1_267' title='bbox 214 3895 341 3968; x_wconf 84' lang='lat' dir='ltr'>prodidit</span> 
     </span>
    </p>

    <p class='ocr_par' dir='ltr' id='par_1_12' title="bbox 109 3969 1132 4145">
     <span class='ocr_line' id='line_1_36' title="bbox 197 3969 1131 4058; baseline 0.006 -19"><span class='ocrx_word' id='word_1_268' title='bbox 197 3981 257 4039; x_wconf 82' lang='lat' dir='ltr'>oto</span> <span class='ocrx_word' id='word_1_269' title='bbox 273 3997 297 4038; x_wconf 88' lang='lat' dir='ltr'>c.</span> <span class='ocrx_word' id='word_1_270' title='bbox 328 3972 369 4050; x_wconf 79' lang='grc' dir='ltr'>ὥς</span> <span class='ocrx_word' id='word_1_271' title='bbox 391 3969 428 4039; x_wconf 62' lang='grc' dir='ltr'>δι’</span> <span class='ocrx_word' id='word_1_272' title='bbox 447 3975 475 4040; x_wconf 79' lang='grc' dir='ltr'>οἱ</span> <span class='ocrx_word' id='word_1_273' title='bbox 497 3974 584 4041; x_wconf 73' lang='grc' dir='ltr'><strong><em>ἄλλοι</em></strong></span> <span class='ocrx_word' id='word_1_274' title='bbox 605 3977 740 4058; x_wconf 58' lang='lat' dir='ltr'>exedrae]</span> <span class='ocrx_word' id='word_1_275' title='bbox 772 3985 914 4043; x_wconf 73' lang='lat' dir='ltr'>Paululum</span> <span class='ocrx_word' id='word_1_276' title='bbox 940 3986 1047 4047; x_wconf 77' lang='lat' dir='ltr'>diversa</span> <span class='ocrx_word' id='word_1_277' title='bbox 1070 3996 1131 4047; x_wconf 88' lang='lat' dir='ltr'>sunt</span> 
     </span>
     <span class='ocr_line' id='line_1_37' title="bbox 109 4065 1132 4145; baseline 0.012 -24"><span class='ocrx_word' id='word_1_278' title='bbox 109 4072 232 4138; x_wconf 59' lang='lat' dir='ltr'>potuum</span> <span class='ocrx_word' id='word_1_279' title='bbox 252 4065 435 4144; x_wconf 78' lang='lat' dir='ltr'>interpretum</span> <span class='ocrx_word' id='word_1_280' title='bbox 456 4068 546 4137; x_wconf 84' lang='lat' dir='ltr'>rerba.</span> <span class='ocrx_word' id='word_1_281' title='bbox 569 4086 638 4145; x_wconf 84' lang='lat' dir='ltr'>quae</span> <span class='ocrx_word' id='word_1_282' title='bbox 660 4071 688 4127; x_wconf 90' lang='lat' dir='ltr'>in</span> <span class='ocrx_word' id='word_1_283' title='bbox 711 4072 789 4131; x_wconf 81' lang='lat' dir='ltr'>variis</span> <span class='ocrx_word' id='word_1_284' title='bbox 804 4070 952 4131; x_wconf 82' lang='lat' dir='ltr'>Bibliorum</span> <span class='ocrx_word' id='word_1_285' title='bbox 968 4073 1132 4135; x_wconf 73' lang='lat' dir='ltr'>lectionibus</span> 
     </span>
    </p>
   </div>
   <div class='ocr_carea' id='block_1_5' title="bbox 0 0 1298 4822">
    <p class='ocr_par' dir='ltr' id='par_1_13' title="bbox 0 0 1298 4822">
     <span class='ocr_line' id='line_1_38' title="bbox 0 0 1298 4822; baseline 0 0"><span class='ocrx_word' id='word_1_286' title='bbox 0 0 1298 4822; x_wconf 95' lang='lat' dir='ltr'> </span> 
     </span>
    </p>
   </div>
  </div>
 </body>
</html>
