2586 4822
271 850 319 905 W.
352 852 417 903 m
433 855 509 903 τιιυ
524 854 720 905 ιιιιιιιυιιι
736 854 810 905 τοι
825 854 992 906 πνεῖται.
1100 843 1140 906 43

134 1001 319 1069 καταλιπὼν
342 1003 399 1071 ἐπὶ
420 1002 462 1070 τά
485 997 622 1127 οὐράνια
644 1002 712 1091 ὅρη,
741 1007 794 1071 καὶ
823 1004 861 1070 τὸ
890 1007 1140 1092 πεπλανημένον

137 1098 296 1185 πρόβατον
332 1096 487 1218 εὗρηκάις
505 1105 560 1168 καὶ
594 1100 697 1184 ωἰιοις
730 1103 990 1189 φιλανθρωπίας
1017 1104 1142 1189 βαστά-

141 1218 189 1275 σας
214 1200 270 1264 καὶ
293 1199 339 1276 εἰς
366 1198 422 1265 τὸν
452 1195 604 1283 οὐράνιον
633 1195 789 1281 λιιιένα)
771 1201 961 1286 ανενεγκών,
997 1205 1043 1287 τῷ
1066 1202 1113 1268 ίδί
1101 1211 1140 1289 ίιυ

140 1296 294 1383 γεννήτορι
327 1298 529 1385 δωροφορῶν
557 1303 752 1385 φθέγγεται,
797 1287 907 1381 εὗρον,
945 1299 1065 1418 τάτερ,
1102 1302 1140 1366 τό

91 1393 297 1478 βορόβατον
318 1393 357 1460 τὸ
379 1394 603 1512 πλανώμενον,
635 1390 763 1479 ὅπερ(
747 1419 764 1459 ο
791 1390 995 1461 άπατειὺν”
977 1421 1055 1482 οφις
1085 1398 1140 1463 δο-
1125 1420 1165 1468 -5

143 1488 305 1574 λστρόποις
326 1491 583 1577 τεχνάσμασιν
566 1488 716 1576 όπάτηοε
737 1492 793 1558 καὶ
814 1519 926 1571 κακιας
949 1489 1044 1572 οδοὺς
1061 1491 1141 1562 ὑπέ-

145 1587 227 1668 δειξε,
261 1590 356 1676 πηλιό
386 1591 420 1656 δὲ
450 1615 508 1679 της
535 1545 722 1668 πόλεθελας
753 1617 812 1676 τιγν
844 1590 1056 1677 καθαρότητα
1083 1597 1142 1679 τῆς

146 1689 332 1770 θεογνωσίας
365 1686 509 1770 ι’μόλυνε.
570 1688 778 1772 θεασάμενος
816 1678 872 1754 οἶν
907 1686 986 1754 αὐτὸ
1023 1690 1056 1756 ἒν
1093 1696 1139 1775 τιό

146 1786 276 1871 βορβόρῳ
304 1788 362 1849 τοῦ
389 1782 465 1869 βιου
498 1785 694 1871 πνιγόμενον
727 1790 766 1874 τῇ
799 1789 857 1871 τῆς
884 1786 1044 1869 θεότητός
1075 1814 1138 1872 μου

150 1879 220 1968 δεξιᾷ
242 1888 366 1965 ταχέως
396 1877 580 1969 ἀνήρπασα,
605 1887 745 1961 καὶτοῖς
773 1886 839 1949 τῶν
868 1885 1043 1970 οἰκτιρμῶν
1074 1911 1138 1968 μου
1151 1906 1179 1957 ιο

151 1978 327 2063 σπλάγχνοις
371 1980 404 2047 ἒν
448 1991 519 2058 τοῖς
562 1984 620 2045 τοῦ
658 1976 820 2065 Ἰορδάνου
864 1980 1020 2065 ῥεύμασιν
1057 1979 1140 2050 5755-

152 2074 244 2155 πλυνα,
278 2078 332 2143 καὶ
360 2086 500 2162 μυρίσας
526 2082 566 2165 τῇ
590 2073 710 2165 εὐωδίᾳ
731 2082 790 2144 τοῦ
824 2074 918 2162 ἁγίου
946 2105 1010 2163 μου
1040 2082 1140 2149 πνεό-

152 2192 238 2284 ματος,
261 2175 318 2242 διὰ
340 2179 397 2261 τῆς
419 2171 688 2254 ἀναστάσεως
652 2203 707 2241 νυν
726 2183 943 2291 παραγέγονά,
968 2176 1121 2258 (Ἰξίον’
1083 2207 1140 2293 της

153 2269 368 2359 ῦῇςθεότητος
391 2275 620 2356 προσκομίζων
643 2298 698 2341 σοι
720 2276 834 2354 ξένιον,
857 2276 896 2340 τό
912 2277 1039 2359 λογικόν
1055 2279 1140 2363 πρό-

91 2370 94 2397 ²
136 2314 238 2477 Ββόαον.
274 2370 416 2458 σήμερον
439 2366 456 2435 5
480 2371 684 2455 διάβολος
652 2398 709 2486 τηγ
725 2373 807 2438 οικεί
808 2399 847 2437 αν
863 2398 961 2457 ιγτταν
977 2369 1138 2458 όδόρεται,
1151 2398 1178 2447 15

155 2454 216 2544 ὄριῦν
234 2467 272 2532 τὸ
294 2464 450 2554 ἡμέτερον
473 2472 569 2553 σῶμα
592 2463 696 2541 εἰς’
660 2493 818 2553 οιρανους
834 2466 1051 2554 άναγόιιενον
1081 2473 1140 2558 ση-

153 2579 225 2642 μιρον
245 2560 264 2649 ἡ
288 2562 411 2649 άμαρτί
413 2592 433 2631 α
398 2565 571 2631 ίδιά
533 2592 590 2653 της
618 2560 814 2654 ἀναλήψεως
835 2570 892 2630 τοῦ
913 2572 1061 2649 Χριστοῦ
1080 2564 1139 2652 Ἰη-

154 2660 194 2722 σοῦ
213 2656 253 2739 ὦς
274 2662 400 2741 καπνὸς
423 2626 606 2742 διαλόετάι,
642 2662 781 2747 σήμερον
805 2659 821 2727 5
845 2663 1000 2748 διάβολος
1021 2672 1139 2748 θρηνεῖ

153 2752 236 2839 λέγων,
265 2767 299 2825 τί
321 2783 401 2846 ποιι
405 2784 453 2826 σω
477 2757 494 2825 5
517 2758 698 2842 άθλιος,·
690 2759 817 2838 πάντας
839 2756 954 2876 5055'
936 2756 993 2826 55'
1019 2762 1139 2842 αἰῶνος

150 2846 183 2930 ὦς
199 2856 284 2940 ἱέραξ
305 2855 323 2922 5
326 2857 466 2946 ξυπετὴς
487 2854 643 2941 ἁρπάσας
675 2852 751 2941 παρ’
777 2857 856 2942 ιμυῦ
879 2858 997 2944 ε’ρηιιόν
1019 2886 1059 2942 με
1081 2887 1139 2926 κα·
1147 2883 1178 2935 ιο

150 2956 274 3040 τίστησε,
314 2960 367 3022 καλ
399 2953 610 3037 πανταχόθεν
643 2981 685 3039 με
719 2954 973 3039 555505055559
1006 2957 1137 3035 ελςν
1079 2963 1137 3048 γῖγν

144 3054 325 3136 κατίρραξεν.
364 3048 513 3140 ἠιτάτησέ
533 3077 576 3136 με
597 3047 615 3116 5
637 3055 694 3139 τῆς
706 3052 891 3136 Μαρίαςί
859 3052 938 3131 υιός.
975 3049 1032 3120 οόκ
1046 3053 1138 3142 ᾔδειν

143 3141 281 3229 ὅτιθεὸς
304 3145 508 3236 άνθρωπίνω
531 3149 707 3234 κρύπτεται
732 3150 870 3233 σιάιιατι.
918 3149 1118 3235 ε’βλεπον’
1079 3180 1138 3219 αι-

108 3243 189 3317 ατόν
217 3251 310 3332 σῶμα
342 3243 557 3332 ἀνθρώπινον
591 3252 831 3332 περικείμενον,
870 3252 924 3313 καλ
955 3247 1138 3334 ἄνθρωπον

136 3336 226 3408 αι’τὸν
248 3351 385 3429 νομίσας
407 3345 509 3427 ψιλὸν
537 3339 609 3410 κατ’
642 3339 741 3410 αὐτοῦ
771 3346 847 3423 τοὺς
866 3340 1042 3426 Ἰουδαίους
1074 3349 1177 3421 ἒκί-ισ

132 3464 220 3526 νησα,
241 3443 295 3508 καὶ
317 3439 402 3527 άπερ
426 3438 466 3510 δι’
492 3443 632 3526 ἐμαυτοῦ
647 3442 690 3530 μη
708 3441 854 3524 ἐτόλμων
873 3444 1136 3528 διαπράξασθαι,

131 3540 230 3605 ταῦτα
261 3539 316 3606 διά
345 3534 510 3607 Ἰουδαίων
543 3541 717 3626 ἕνήργησα·
760 3546 880 3622 μυρίας
918 3551 1139 3629 συκοφαντίας

128 3634 280 3722 ἕῳεῦρσν,
311 3640 379 3704 πᾶν
408 3632 496 3717 εἶδος
523 3634 647 3723 ὕβρεων
676 3636 723 3714 εἰς
745 3631 844 3703 αἰτόν
868 3637 1047 3720 ἐπενόησα·
1081 3667 1139 3707 κα-

126 3731 222 3819 λάμῳ
243 3733 296 3800 καὶ
318 3734 453 3821 σπόγγῳ
476 3734 551 3816 ὄξος
579 3730 677 3801 αὐτὸν
701 3733 851 3813 ἐπότισα,
890 3729 1053 3816 ἀκάνθαις
1080 3739 1137 3823 την

124 3829 270 3919 κεφαλήν
285 3828 385 3898 αότοῧ
402 3833 623 3921 ἐστεφάνωσα,
640 3834 849 3919 ῥαπίσμασιν
865 3827 962 3900 αιἰτὸν
976 3831 1135 3921 ἠτίμωσα,
1147 3864 1177 3914 35

123 3932 256 4016 σταυρῷ
279 3930 335 4009 διὰ
355 3928 441 4017 ἥλων
465 3929 682 4017 προσηλωσα·
720 3929 857 4016 θανάτῳ
889 3933 982 4010 τέλος
1010 3928 1138 4016 ὑποβα-

122 4028 191 4094 λών
215 4023 259 4106 ὦς
281 4027 414 4115 νικήσας
434 4028 517 4112 μετὰ
536 4022 699 4093 Ἰουδαίων
722 4023 888 4112 ἡόρταζον.
931 4028 1137 4113 θεασάμενος

91 4127 159 4202 οδὲ
182 4119 281 4192 αἰτόν
298 4122 404 4213 ὅτιτῇ
420 4134 510 4214 τρίτη
526 4121 630 4214 ἡμέρᾳ
645 4125 813 4212 ἐγείρεται,
836 4125 949 4205 καθὼς
964 4136 1134 4211 προεῖπεν,
