2586 4822
495 830 785 882 lNllleVERSIONES.
1111 818 1152 880 25

127 986 180 1050 iis,
210 1002 279 1059 quos
308 987 447 1043 recensuit
474 986 654 1060 Epiphanius,
685 987 889 1059 antiquissimus
911 986 1078 1061 Pythagoras
1106 988 1152 1045 din

124 1080 194 1145 post
217 1069 527 1135 Nabuchodonosorum,
551 1081 614 1127 ante
629 1072 733 1127 Xerxen
756 1071 858 1137 lloruit,
883 1088 981 1145 nempe
997 1072 1151 1148 Olympiade

129 1157 185 1221 60,
210 1166 240 1212 ut
261 1156 395 1230 Diogenes
419 1166 543 1220 testatur,
568 1156 636 1230 Cyro
660 1156 748 1212 adhuc
771 1157 928 1231 superstite.
1173 1154 1178 1165 '

391 1360 434 1415 nli
458 1359 625 1416 ulunusm
648 1360 668 1413 V
691 1359 892 1416 srutuouult.

221 1479 257 1536 12
273 1478 300 1534 h.
329 1472 556 1553 μεταγγισμούς
577 1496 608 1534 τε
627 1479 750 1552 ψυχῶν]
785 1478 868 1535 Stoici
891 1479 1005 1534 animam
1022 1479 1153 1552 putabant

129 1580 193 1621 esse
217 1580 393 1636 corpoream:
424 1563 547 1619 videlicet
568 1564 689 1636 πνεῦμα
711 1557 873 1641 ἔνθερμον,
896 1573 926 1619 ut
949 1564 986 1619 ait
1008 1563 1151 1638 lliogeues,

128 1648 248 1721 ideoque
269 1648 381 1704 interire
411 1659 473 1721 post
496 1658 627 1704 mortem:
659 1650 764 1705 tametsi
787 1649 939 1722 aliquandiu
963 1657 1026 1722 post
1048 1648 1152 1706 obitum

127 1742 263 1790 maneret.
310 1726 563 1806 Μετεμψύχωσιν
590 1752 653 1789 vero
677 1734 829 1790 defendisse
852 1733 959 1789 Stoicos
983 1750 1114 1807 nusquam
1137 1752 1153 1792 a

125 1835 171 1875 me
195 1818 295 1875 lectum
318 1827 369 1874 est.
400 1817 433 1874 Et
448 1818 686 1875 hallucinationem
702 1820 771 1875 hanc
787 1835 847 1873 esse
863 1817 1031 1882 crediderim,
1055 1835 1153 1892 queni-

126 1903 275 1960 admodum
298 1913 326 1959 et
348 1903 421 1977 quod
443 1904 581 1977 sequitur,
606 1904 785 1960 immortalem
807 1902 937 1959 aStol'cis
960 1904 1075 1959 animam
1091 1921 1152 1961 esse

126 1990 316 2045 constitutam.
347 1988 424 2058 Quod
447 1987 543 2045 laisum
567 1997 618 2045 est.
651 1989 713 2045 Vide
735 1989 772 2045 sis
788 1987 946 2062 Diogenem,
971 1998 998 2044 et
1013 1987 1152 2046 Plutarch.

128 2073 160 2130 de
184 2072 294 2129 Placitis
316 2073 387 2129 Phil.

219 2157 299 2216 121).
331 2150 360 2213 oa‘
380 2152 437 2231 μὲν
457 2150 515 2235 γὰρ
539 2149 633 2215 αὐτὸν
655 2150 789 2232 ἔφασαν]
829 2158 901 2213 Zeno
924 2158 1031 2214 Stoicae
1061 2167 1191 2220 sectanti

127 2244 257 2300 conditor
279 2243 418 2309 lluaseao,
447 2244 502 2299 sire
526 2243 640 2299 Demeae
663 2243 692 2298 F.
718 2243 857 2307 Citiensis,
888 2261 919 2298 ex
948 2243 1048 2316 oppido
1072 2245 1153 2318 Cypri

125 2328 243 2393 insulae,
267 2336 298 2383 ut
321 2328 441 2383 laertius
465 2337 493 2382 et
515 2328 610 2386 Suidas
633 2336 757 2384 narrant:
784 2329 816 2384 dc
841 2328 970 2385 Cleanthe
993 2328 1073 2401 Tyrio
1100 2331 1153 2385 Ze-

123 2415 209 2487 nonis
231 2422 308 2487 patre
332 2412 397 2468 nihil
414 2414 543 2485 comperi.
575 2415 734 2486 Quanquam
750 2415 806 2470 scio
823 2404 945 2469 ἄνωθεν
960 2414 1045 2469 luisse
1060 2413 1153 2471 Phoe·

120 2500 233 2556 uiecm:
263 2498 336 2570 quod
359 2497 475 2553 Citiense
499 2498 627 2571 oppidum
652 2516 664 2553 a
688 2498 872 2555 Phoenicibus
895 2497 999 2555 colonis
1021 2499 1153 2571 lrequen·

121 2592 214 2641 tatum
244 2583 334 2638 luerit.
379 2582 531 2651 Quinetiam
560 2584 644 2639 civem
672 2583 746 2639 illum
774 2584 929 2640 vendicasse
953 2582 1004 2639 sibi
1027 2575 1100 2649 τοὺς
1121 2579 1152 2640 ἓν

111 2663 243 2724 Σιδῶνι
258 2663 374 2734 Κιτιεῖς
394 2668 494 2723 author
509 2676 550 2722 est
565 2668 697 2724 Laertius.
729 2667 800 2741 Ergo
817 2668 913 2724 Citium
929 2667 1001 2723 aliud
1016 2669 1043 2723 in
1059 2668 1152 2724 Phoe-

112 2755 186 2810 nice
210 2752 350 2826 oppidum.
381 2751 502 2825 Denique
525 2753 661 2808 Zenonem
684 2752 835 2808 Poenulum
858 2751 893 2808 ob
916 2753 942 2807 id
964 2752 1082 2825 appellat
1106 2753 1152 2811 Ci-

110 2854 190 2895 cero
214 2839 234 2894 l.
252 2841 270 2895 4
294 2839 327 2894 de
349 2837 395 2894 lin.
418 2837 522 2893 Postea
544 2845 607 2892 tuuc
629 2838 679 2894 itte
694 2837 836 2893 Poenulus
852 2838 923 2907 (scie
939 2838 1013 2892 enim
1029 2836 1151 2894 Citiaeos

108 2925 244 2981 clientes
266 2930 327 2978 tuos
350 2940 365 2977 e
386 2922 542 2978 Phoenicio
559 2921 729 2995 prosector).
1019 2983 1022 2987 ,

214 3003 247 3065 ἓν
263 2999 367 3087 Ῥώμῃ
390 3001 424 3064 dt
443 3000 636 3080 βεβιωκέναι]
674 3010 695 3063 Α
719 3023 773 3079 quo
797 3007 863 3062 haec
885 3005 1009 3062 didicerit
1031 3006 1151 3081 Epipha-

113 3093 199 3159 nius,
223 3093 334 3150 beasset
356 3110 415 3158 nos,
439 3093 461 3148 si
484 3092 582 3149 docere
604 3091 744 3149 voluisset.
787 3071 953 3147 Crediderim
972 3082 1095 3166 Ῥώμην
1115 3091 1149 3148 ah

117 3192 162 3234 en
183 3196 236 3253 pro
258 3178 331 3235 ltalia
354 3178 438 3242 sumi,
463 3186 490 3233 et
505 3177 624 3234 Eleatem
640 3178 777 3234 Zenonem
801 3192 862 3233 cum
879 3176 989 3232 Citiensi
1012 3176 1149 3233 conlundi.

119 3257 194 3319 llam
217 3262 331 3326 duhitat,
356 3262 445 3318 duone
468 3263 568 3318 luerint
591 3262 671 3318 ambo
695 3263 749 3326 isti,
772 3279 805 3316 an
830 3279 900 3317 unus
924 3261 1077 3317 Stoicorum
1101 3278 1152 3335 pa-

131 3352 181 3404 ter.
226 3348 288 3404 Fuit
316 3356 405 3403 autem
429 3347 567 3403 Zenouum
596 3347 666 3403 alter
689 3347 796 3403 Eleates
826 3364 857 3401 en
879 3345 963 3402 ltalia.
1000 3345 1053 3402 Sed
1077 3347 1150 3419 quod

135 3433 223 3491 annos
246 3433 310 3489 dicit
333 3431 425 3488 eadem
448 3430 576 3487 hahuisse
600 3432 735 3506 dogmata,
759 3432 824 3487 satis
847 3448 878 3487 ex
895 3430 1014 3504 Diogene
1037 3431 1150 3504 aliisque

140 3517 271 3576 relellitur.

350 3668 393 3724 hl)
416 3666 584 3724 llhEllESlN
607 3666 637 3722 tl
661 3667 932 3725 claromonten.

220 3791 255 3847 lt
271 3805 296 3843 a.
326 3788 364 3864 τῇ
385 3775 672 3860 μετενσωματώσει]
710 3785 837 3842 Socrates
866 3786 937 3859 apud
960 3785 1099 3842 Platonem
1122 3787 1149 3842 in

129 3874 274 3933 Phaedone
296 3872 330 3928 de
353 3872 406 3927 hoe
427 3872 553 3945 dogmate
575 3870 703 3944 disputat.
735 3870 788 3927 Sed
812 3880 839 3926 et
863 3871 1072 3944 Chrysostomns
1092 3869 1151 3926 llo-

128 3959 199 4017 milia
226 3962 238 4016 l
270 3959 297 4014 in
321 3956 394 4013 loan.
417 3956 537 4013 Platonis
566 3955 691 4030 dogmata
719 3956 753 4012 de
775 3957 861 4012 anima
884 3957 1066 4029 redarguens:
1097 3955 1151 4010 νῦν

121 4038 264 4121 μὲνγὰρ
289 4032 386 4116 αὐτὴν
414 4042 470 4116 τῆς
489 4041 545 4098 τοῦ
567 4039 646 4097 θεοῦ
669 4036 763 4118 φησὶν
785 4032 891 4107 οὐσίας
913 4031 996 4096 εἶναι.
1041 4040 1094 4094 νῦν
1115 4031 1150 4094 δὲ

124 4120 229 4198 οὕτως
257 4119 398 4203 ἀμέτρως
419 4124 468 4183 καὶ
491 4117 612 4198 ἀσεβῶς
632 4117 749 4203 ἐπάρας
769 4116 841 4198 μεθ’
865 4115 970 4199 ἑτέρας
992 4117 1149 4199 καθυβρί-
