2586 4822
117 799 122 813 ‘
161 796 222 861 tlt
465 808 579 861 emanti
596 807 880 861 intutotensrones

56 946 61 959 ’
158 967 248 1029 noue,
277 965 404 1040 quoniam
425 964 510 1021 ¹solidi
539 965 655 1039 pretium
685 965 724 1025 at
748 964 889 1022 drachmas
919 979 980 1020 esse
1008 962 1123 1020 credidit
1150 973 1186 1024 et

157 1052 272 1109 duarum
293 1051 352 1108 auri
375 1050 532 1125 siliquarum
549 1051 690 1107 drachmas
705 1050 783 1115 duas,
805 1051 860 1106 siue
876 1048 1065 1107 milliarensem
1083 1065 1181 1107 unm.

157 1137 238 1211 Atqui
261 1136 374 1210 siliquae
396 1136 423 1193 in
446 1135 533 1192 solido
554 1144 633 1193 erant
656 1137 711 1199 24,
735 1136 761 1193 in
785 1135 940 1193 didrachmo
965 1136 1016 1192 36.
1060 1134 1182 1190 Proinde

158 1224 216 1279 auri
238 1222 380 1296 proportio
402 1221 436 1277 ad
457 1230 617 1293 argenteum
639 1220 720 1277 luerit
742 1230 773 1276 ut
799 1222 834 1279 18
858 1219 892 1277 ad
916 1223 940 1283 1,
975 1217 1048 1292 quod
1069 1218 1183 1277 abundo

158 1307 186 1364 in
208 1306 342 1381 superiori
365 1307 452 1379 capite
474 1306 620 1362 reditatum
642 1316 694 1363 est.
725 1306 803 1374 Quod
826 1305 849 1362 si
872 1322 903 1361 ex
921 1304 1029 1361 duobus
1044 1303 1183 1362 eiusmodi

158 1392 293 1466 argenteis
314 1390 476 1449 didrachmis
499 1389 640 1447 constabat
661 1391 747 1452 tollis.
771 1390 869 1447 obolos
891 1388 1014 1463 capiebat
1037 1391 1086 1452 24.
1109 1398 1185 1463 quot

158 1476 261 1534 scilicet
284 1477 310 1532 in
333 1475 419 1532 solido
442 1485 506 1533 scrut
527 1476 650 1549 siliquae.
687 1476 776 1545 Quare
798 1493 859 1531 cum
882 1474 985 1532 eolides
1010 1473 1102 1531 talenti
1125 1491 1185 1531 no-

158 1563 230 1617 mine
252 1561 290 1618 sit
311 1560 431 1625 adactus,
456 1562 493 1617 uti
517 1570 611 1634 prostes
633 1561 748 1626 dicetur,
773 1561 862 1634 potuit
878 1569 905 1616 et
919 1559 991 1616 idem
1006 1559 1061 1615 lolii
1077 1576 1180 1617 aoruca

158 1645 278 1710 attribui,
300 1646 428 1721 quoniam
452 1646 562 1703 totidem
585 1646 612 1703 iu
635 1662 668 1702 eo
690 1656 869 1702 censerentur
890 1644 973 1707 oboli,
997 1654 1065 1719 quot
1086 1644 1115 1701 in
1129 1661 1185 1702 so·

158 1731 213 1788 lido
234 1731 357 1806 siliquae.
388 1735 476 1805 htqrre
498 1731 569 1788 hand
591 1730 649 1788 scio
672 1749 705 1788 an
728 1748 782 1787 non
806 1730 921 1804 idipsum
944 1738 1034 1786 vetera
1049 1728 1092 1787 ilia
1107 1728 1184 1786 Hat-

159 1817 232 1875 tbaei
252 1815 375 1880 Scholia,
397 1833 467 1889 quae
490 1834 521 1874 er
544 1817 660 1873 Budensi
683 1817 776 1873 codice
801 1825 879 1872 antes
900 1814 1082 1878 laudavimus,
1112 1832 1176 1888 per-

158 1901 273 1958 suadere
296 1902 410 1974 possint,
434 1919 504 1976 quac
527 1911 655 1958 staterem
678 1911 836 1975 argenteum
854 1899 1084 1957 tatrsdrachmum
1100 1917 1182 1956 osn-

157 1987 251 2063 τῆρας
278 2003 376 2042 nomen
406 1986 465 2043 ideo
488 1988 614 2043 sortitum
638 2005 698 2043 esse
721 1987 829 2049 dicunt,
857 1985 931 2059 quod
953 1984 1073 2041 bilariam
1094 1984 1181 2041 diuisa

158 2071 237 2127 uncia
260 2080 288 2128 et
311 2071 337 2126 in
361 2071 428 2127 duas
449 2071 540 2127 lances
563 2071 687 2146 imposita
710 2071 897 2145 aequilibrium
919 2070 1012 2127 laeiat:
1046 2057 1123 2126 ὅθεν
1140 2068 1183 2148 τῇ

159 2150 322 2234 λσορροτιίᾳ
344 2157 400 2212 rod·
421 2147 556 2224 κανόνος,
579 2150 658 2213 κατὰ
681 2148 736 2229 τὴν
757 2158 812 2212 τοῦ
835 2149 925 2231 ζυγοῦ
940 2147 1076 2228 ἰσότητα,
1099 2171 1178 2211 oro·

157 2232 215 2316 τῆρ
236 2231 401 2313 ἐπεκλήθη.
428 2239 494 2296 Nam
516 2250 544 2296 et
566 2241 598 2297 ad
621 2234 773 2299 ταλάντου
795 2257 888 2298 vocem
904 2257 936 2296 ac
950 2240 1088 2297 notionem
1105 2238 1181 2297 istud

158 2325 261 2390 alludit,
285 2335 313 2382 et
335 2317 498 2395 τάλαντον,
521 2326 633 2399 perinde
655 2343 687 2383 ac
708 2328 864 2400 στατῆρα,
888 2325 1017 2381 budusin
1038 2341 1100 2381 esse
1123 2325 1183 2381 sci-

158 2427 229 2469 mus.
273 2410 313 2465 Oh
341 2411 368 2466 id
397 2427 463 2484 ergo
485 2402 647 2468 soldurios
668 2411 753 2475 loliis,
784 2411 808 2467 si
828 2410 939 2486 quidam
962 2409 1183 2466 tetradrachmus

158 2505 231 2560 erat,
255 2495 385 2569 appellari
407 2496 505 2569 potuit.
550 2496 646 2553 Suidas
669 2513 794 2570 quoque,
826 2496 934 2553 umetd
954 2504 1083 2568 corrupta
1106 2492 1184 2551 iuius

158 2580 238 2638 uerba
260 2592 335 2644 aunt,
361 2581 491 2639 nonnulla
513 2581 609 2639 wdem
633 2582 783 2655 spectantia
805 2580 899 2637 scribit
921 2581 948 2636 iu
970 2596 1036 2636 voce
1056 2568 1183 2650 ὀβολός.

157 2661 193 2725 τὸ
215 2660 249 2723 δι’
271 2656 422 2724 τάλαντον
442 2668 499 2723 τοῦ
521 2658 669 2742 ἀργυρίου
691 2668 753 2724 τῶν
775 2667 838 2734 νῦν,
861 2659 997 2740 τέσσαρα
1019 2659 1069 2720 καλ
1091 2658 1183 2737 νομί-

157 2769 276 2824 σματος
298 2745 325 2824 η’
355 2746 406 2806 καὶ
429 2741 464 2817 ς’.
509 2751 561 2808 Sed
589 2752 691 2809 lubrica
721 2760 764 2809 est
791 2750 953 2825 plerumque
975 2749 1074 2807 Suidae
1100 2748 1182 2814 tides,

158 2835 231 2908 quod
264 2836 399 2893 interdum
430 2836 511 2892 tacito
540 2838 649 2894 nomine
672 2838 818 2894 authorum
841 2835 913 2893 nuda
935 2834 1016 2893 verba
1038 2832 1182 2893 dosunt

158 2920 229 2977 Sane
252 2919 322 2975 idem
345 2918 390 2976 ille
405 2919 580 2985 Scholiastes,
604 2931 635 2978 nt
656 2931 735 2978 antea
757 2921 910 2986 docuimus,
933 2929 1061 2977 staterem
1077 2936 1181 2992 argeri-

159 3014 232 3061 teum
262 3003 396 3077 significat
420 3014 529 3061 centum
552 3005 678 3063 denarios
700 3006 845 3080 colligere,
866 3022 991 3081 ,quorum
1014 3003 1114 3078 singuli
1138 3005 1182 3062 bl)

158 3088 299 3146 cononem
320 3105 405 3153 asses,
429 3099 512 3163 prout
532 3090 615 3148 altera
636 3090 718 3153 lectio
740 3091 868 3165 concipit.
899 3090 956 3147 lioo
978 3089 1059 3147 modo
1079 3105 1128 3145 sex
1151 3087 1180 3145 iu
1215 3158 1218 3164 ι

157 3182 258 3231 statere
281 3184 345 3231 sunt
367 3174 467 3231 assium
489 3174 579 3239 millia,
602 3184 671 3250 quot
691 3176 719 3233 in
741 3176 855 3234 'salento
877 3176 1031 3233 drachmae.
1071 3174 1184 3231 Scimus

158 3267 249 3315 autem
272 3258 364 3315 talenti
386 3277 486 3317 nomen
510 3277 563 3317 non
586 3261 675 3318 solum
698 3261 801 3335 exiguis
822 3262 952 3323 summis,
981 3276 1073 3316 serum
1097 3259 1181 3315 etiam

158 3342 308 3399 minoribus
329 3345 447 3401 nummis
466 3362 497 3402 es
513 3363 563 3402 usis
580 3346 758 3420 quorumdam
775 3345 938 3419 populorum
955 3344 1069 3402 inditum
1084 3343 1184 3401 lesisse.

106 3427 257 3485 tttlleetus
279 3427 484 3502 Neapolitanum
506 3430 636 3488 talentum
659 3448 705 3488 sex
722 3431 862 3489 denarium
877 3431 954 3487 lacit:
978 3430 1183 3503 Syracusanum

159 3512 239 3569 trium
269 3513 424 3571 slenaridm:
455 3515 622 3589 Rheginum,
651 3517 800 3573 victoriati.
845 3514 1042 3572 retrusione
1066 3530 1127 3588 cap.
1143 3515 1183 3572 b:

159 3591 194 3654 τδ
214 3591 319 3670 μέντοι
335 3593 492 3658 Σικελικὸν
512 3592 663 3657 τάλαντον
684 3593 843 3675 δλάχτστον
864 3593 965 3673 ἴσχυε·
989 3594 1023 3657 sd
1046 3593 1104 3672 μὲν
1118 3589 1182 3674 dp·

153 3684 254 3757 χαῖον,
277 3675 319 3749 ὡς
330 3675 542 3759 Ἀριστοτέλης
555 3679 640 3760 λέγει,
663 3680 815 3760 τέσσαρας
830 3681 880 3741 καὶ
896 3678 989 3743 εἴκοσι
1006 3678 1181 3757 νούμμους·

54 3786 61 3809 ’
158 3762 193 3826 ad
222 3762 255 3823 δὲ
282 3757 412 3844 ὕστερον
439 3765 633 3826 δυοκαίδεκα.
677 3770 819 3828 Talentum
849 3788 914 3827 eece
943 3773 980 3828 24
1005 3782 1181 3827 nummorum

158 3854 261 3919 extitit,
284 3854 331 3929 qui
353 3854 453 3926 singuli
475 3854 549 3911 velut
570 3854 658 3911 minse
681 3856 774 3913 talenti
796 3856 909 3913 minoris
930 3864 1034 3912 essent.
1078 3851 1205 3917 Scaihit'

158 3939 229 3995 enim
253 3939 349 3997 Suidas
370 3941 443 4013 apud
466 3940 576 3996 eosdem
591 3938 707 4005 Siculos,
731 3935 767 3998 τδ
780 3935 838 4015 μὲν
852 3933 982 4017 ἀρχαῖον
995 3939 1080 3997 luisse
1095 3938 1186 4012 penit

157 4018 216 4091 ad,
238 4019 302 4080 roal
325 4018 361 4082 dd
382 4013 433 4094 nl.
464 4023 623 4098 Quanquam
646 4041 697 4097 pro
718 4027 814 4098 μνῶν,
836 4025 957 4100 Scaliger
972 4017 1186 4098 rodppmrre·

156 4108 260 4167 scribit.
304 4112 338 4167 tt
359 4109 473 4166 totidem
496 4106 570 4167 oboli
591 4109 620 4164 in
642 4111 841 4169 tetradrachmo
864 4111 984 4169 ineram.
1027 4108 1089 4167 Pari
1112 4124 1184 4183 ergo
