2586 4822
535 826 642 876 VERSlO
662 828 803 886 th'lQUh.

453 1029 495 1085 llll
520 1030 638 1086 LhPlllE
663 1032 892 1090 ChRBUNCllLO.

247 1146 435 1203 Carbunculus
464 1147 546 1204 habet
574 1150 692 1222 speeiem
716 1149 874 1222 rubricae')
898 1151 976 1207 nimis
1000 1152 1180 1209 acutissimae.

156 1232 287 1288 Nascitur
309 1241 399 1288 autem
421 1232 492 1305 apud
517 1232 705 1307 Carthaginem
729 1234 835 1309 Libyae,
859 1252 928 1311 quae
951 1235 1038 1292 hiriea
1060 1248 1180 1293 vocatur.

158 1318 209 1373 alii
234 1334 298 1373 vero
322 1316 415 1373 dicunt
438 1317 511 1373 hunc
529 1317 644 1392 lapidem
660 1319 699 1375 sic
715 1320 840 1377 inveniri:
864 1338 919 1376 non
936 1320 1020 1376 videri
1035 1338 1084 1395 per
1100 1322 1179 1386 diem,

108 1413 145 1462 w
158 1403 209 1457 sed
232 1418 283 1474 per
303 1410 428 1457 noctem:
452 1402 548 1475 procul
570 1410 660 1459 autem
682 1405 709 1459 iu
732 1404 842 1461 modum
863 1405 968 1479 lapidis.
992 1404 1033 1460 vel
1055 1404 1207 1464 carbonisa

160 1487 233 1561 ignis
256 1486 418 1543 naturaliter
438 1487 568 1542 scintillas
591 1489 724 1552 emittere,
748 1499 775 1545 et
798 1490 864 1546 hora
880 1489 988 1561 quidem
1005 1490 1084 1546 sicuti
1100 1490 1183 1548 carbo

159 1573 233 1646 ignis
256 1572 375 1633 accendi.
399 1572 466 1627 hora
490 1588 552 1627 vero
576 1572 709 1638 desinere,
737 1574 773 1629 ita
796 1582 826 1629 ut
848 1574 1020 1647 splendorem
1044 1574 1111 1638 eius,
1136 1575 1183 1647 qui

160 1657 237 1712 hune
259 1655 376 1730 lapidem
398 1665 542 1729 quaerunt,
566 1657 672 1712 eminus
694 1658 841 1723 intuentes,
866 1656 900 1714 ob
919 1659 972 1714 hoc
986 1660 1085 1732 ipsum,
1109 1657 1184 1732 quod

160 1759 213 1815 per
235 1741 374 1797 intervalla
396 1750 549 1814 comparet,
577 1750 604 1798 et
627 1759 722 1798 rursus
745 1744 941 1816 exstinguitur,
965 1760 1026 1798 eum
1050 1760 1111 1800 esse
1134 1759 1185 1799 co-

159 1835 313 1900 gnoscant,
342 1836 544 1899 pergentesque
566 1827 599 1882 ad
622 1827 681 1882 eius
704 1827 852 1900 fulgorem,
882 1828 917 1882 ita
940 1827 1085 1900 reperiant.
1130 1826 1185 1885 Set
1199 1833 1225 1884 to

159 1912 210 1984 qui
233 1927 296 1966 eum
319 1919 418 1983 portat,
442 1927 504 1966 eum
527 1910 611 1967 latere
634 1928 689 1967 non
712 1921 817 1984 potest:
841 1929 902 1968 nam
918 1911 1086 1987 quibuslibet
1100 1913 1186 1968 vesti-

161 1997 264 2052 mentis
288 1995 403 2059 oceulat,
427 1994 557 2069 splendor
572 2006 646 2051 extra
662 1997 820 2052 vestimenta
836 1997 968 2053 collucet:
993 1999 1064 2053 nude
1081 2007 1107 2054 et
1123 2013 1186 2054 ear-

162 2080 302 2136 bunculus
332 2079 482 2154 appellatus
505 2088 557 2144 est,
581 2079 616 2136 ob
640 2081 709 2136 hanc
731 2081 834 2137 scilicet
856 2098 988 2137 caussam.
1035 2082 1185 2154 Parumper

162 2174 257 2221 autem
280 2173 307 2220 et
330 2165 473 2220 ceraunius
496 2165 532 2220 ita
554 2164 622 2238 lapis
645 2174 770 2231 vocatus,
794 2166 858 2221 huic
880 2166 985 2222 videtur
1007 2183 1068 2221 esse
1090 2165 1185 2223 consi-

166 2247 252 2305 milis:
278 2248 371 2304 dieunt
393 2257 484 2304 autem
501 2250 657 2305 ceraunium
673 2250 790 2322 quidam,
815 2259 842 2306 et
858 2251 988 2306 vinarium
996 2252 1028 2320 ¹),
1052 2250 1126 2322 quod
1141 2251 1186 2306 iu·
1200 2258 1227 2308 lb

166 2343 224 2390 star
245 2334 299 2389 vini
313 2333 373 2389 llari
388 2333 488 2389 eoloris
504 2334 624 2389 exsistat.
656 2334 704 2389 Est
718 2335 892 2391 nihilominus
909 2344 936 2391 et
951 2335 1185 2407 calchedonius¹)‚

167 2435 249 2491 quem
271 2419 309 2475 sic
331 2418 477 2492 appellant,
501 2427 529 2474 et
551 2418 609 2491 ipse
632 2419 722 2490 specie
746 2419 882 2491 proximus
897 2417 1031 2492 lapidibus
1047 2419 1114 2482 istis,
1138 2418 1186 2492 qui

171 2502 198 2557 in
217 2502 311 2559 iisdem
333 2503 387 2559 loci
409 2502 531 2577 partibus
546 2503 690 2559 invenitur.
722 2502 776 2558 Nee
791 2504 898 2568 mirum,
922 2502 995 2576 quod
1011 2503 1098 2558 divina
1111 2503 1188 2559 Scri·

175 2594 247 2658 ptura
270 2589 296 2642 in
312 2587 414 2643 Phison
437 2604 498 2643 euin
522 2587 632 2642 llumine
656 2605 716 2642 esse
739 2588 905 2660 pronuntiat,
930 2603 990 2643 cum
1014 2588 1100 2660 possit
1116 2587 1187 2643 etin

179 2670 256 2726 hlrira
278 2672 400 2746 reperiri.
431 2672 502 2728 Fluit
523 2672 594 2727 enim
611 2672 711 2727 Phison
735 2672 761 2726 iu
785 2689 858 2727 mare
881 2672 953 2727 iusta
976 2672 1114 2745 regionem
1137 2675 1229 2728 ειη-Ὦ

183 2756 279 2811 stralcm
306 2766 333 2813 et
356 2756 549 2813 occidentalem
573 2757 718 2812 Oceanum.
763 2755 862 2811 Circuit
885 2756 1008 2811 Oceanus
1030 2757 1186 2811 universum

187 2837 266 2895 orbem
287 2850 430 2907 terrarum,
454 2842 502 2897 sed
525 2842 551 2897 in
575 2840 769 2897 occidentalem
793 2841 850 2896 eius
874 2850 977 2913 partem
994 2841 1133 2910 Phison¹t,
1157 2848 1186 2895 ut

190 2921 299 2991 diuinus,
323 2926 427 2990 induit,
451 2935 479 2982 et
502 2926 601 2981 idcirco
624 2926 691 2999 lapis
715 2925 766 2980 iste
789 2926 816 2980 iu
838 2924 937 2998 Libyae
960 2934 1051 2998 partes
1074 2924 1187 2981 advehi·

158 3009 239 3073 tttur3
258 3010 317 3066 dicit
339 3019 429 3067 autem
452 3010 590 3084 Scriptura
614 3010 716 3066 divina:
743 3009 860 3066 Florius
883 3011 1024 3082 egreditur
1039 3026 1074 3065 en
1090 3011 1188 3065 endem

195 3092 224 3144 ud
240 3095 408 3167 irrigandum
426 3096 603 3167 paradisum,
627 3097 675 3167 poi
696 3097 761 3151 iude
784 3097 919 3151 dicriditur
941 3096 970 3149 in
993 3102 1114 3167 quotuor
1130 3094 1226 3150 toi-aa

195 3174 233 3229 lle.
268 3179 372 3236 Nomen
393 3181 444 3236 uni
466 3179 586 3235 Phison:
608 3180 661 3234 iste
684 3187 738 3244 est,
762 3181 931 3252 pulicircoit
953 3197 1059 3235 omnem
1080 3187 1186 3234 terrore
1268 3184 1271 3193 '

262 3404 287 3448 *l
310 3398 400 3445 latinis
425 3398 519 3446 rubrica
544 3403 581 3446 est
605 3396 734 3459 peculiaris
752 3397 869 3459 quaedam
889 3405 952 3445 terra
971 3397 1035 3444 rubri
1054 3395 1143 3444 coloris
1161 3393 1192 3443 ad

197 3452 308 3516 tingendum
326 3472 390 3526 apta.
425 3465 534 3527 Epitorne
553 3466 653 3514 Gesneri
679 3466 780 3513 hahebat
798 3460 885 3518 Albos
903 3455 1010 3527 ἄνθραξ
1025 3447 1104 3516 οὗτος
1121 3451 1193 3516 elder

198 3517 330 3597 ξνφοίναον
346 3526 409 3598 ἔχει.
449 3534 569 3581 Cerneres
588 3541 667 3581 autem
687 3533 852 3595 reponendum
871 3532 965 3581 censuit
984 3531 1137 3596 φοινικοῦν,
1157 3530 1192 3579 rel

198 3586 351 3673 Plyppirrxor.
392 3600 501 3662 Epitome
519 3602 636 3649 Anastasii
656 3600 725 3661 legit:
741 3591 860 3666 Ἅνθραξ
874 3591 1124 3664 ὄξυφοίνιστοςμίν
1134 3591 1193 3646 ἔστι

199 3666 228 3716 tp
242 3660 302 3714 arder.
341 3669 498 3718 Carbunculus
516 3676 550 3718 ert
568 3671 645 3719 colore
663 3670 786 3719 Plroenr'reo
805 3670 937 3718 uehementi.

265 3759 283 3804 rt
300 3753 408 3816 Epitome
427 3752 528 3801 Gesneri
546 3743 675 3800 οἰνωπόν.

264 3846 282 3896 pt
299 3837 375 3887 Etiam
388 3837 496 3901 Epitome
506 3838 607 3887 Gesncri
621 3838 691 3886 babet
700 3831 889 3902 χώηδόνιος,
910 3849 981 3899 quam
996 3834 1124 3883 lectionem
1139 3830 1195 3880 bine

199 3902 249 3953 Patet
263 3904 341 3955 iniuria
359 3921 373 3955 o
393 3907 499 3956 Gesnero
518 3906 641 3955 sollicitari
660 3906 770 3968 apposita
786 3919 844 3954 voce
860 3896 1049 3969 καρχηδόνιος·

264 3990 282 4047 a)
300 3991 357 4040 llira
376 3991 460 4040 iterum
479 3997 654 4040 commentatur
672 3989 702 4038 de
721 3991 807 4038 Phison
827 3991 924 4039 humine
943 3987 1103 4050 Epiphanius,
1123 3992 1148 4032 ut
1166 3997 1196 4034 ea

199 4053 299 4168 malim,
318 4058 440 4122 quomodo
459 4067 508 4107 turn
527 4058 591 4121 apud
610 4058 776 4119 Carthaginem
794 4058 955 4108 carbunculus
975 4054 1120 4118 reperiatur,
1145 4059 1197 4102 tum

199 4128 219 4161 tl
258 4137 312 4175 ison.
