2586 4822
486 842 778 895 sutusorsmroses.
1072 829 1137 899 2³1

114 998 285 1073 Episcopum
313 995 399 1055 luisse
425 997 506 1055 docet
535 999 715 1072 Epiphanius,
749 1014 831 1073 quem
857 999 939 1057 etiam
963 1000 1141 1059 Alexandriae

114 1083 284 1141 collocatum
312 1098 381 1139 esse·
400 1081 435 1139 alr
456 1083 561 1139 Arianis
589 1083 694 1141 scribit.
737 1084 836 1141 Verum
862 1083 955 1141 nullus
977 1101 1010 1143 oe
1031 1085 1141 1143 nomine

116 1167 326 1226 Alexandrinam
349 1167 495 1225 Ecclesiam
519 1169 617 1226 tenuit.
647 1169 680 1225 Et
701 1169 810 1244 quidem
832 1163 1022 1243 κατέστησαν
1036 1170 1143 1244 simpli·

113 1254 190 1311 citer
211 1252 281 1308 idem
304 1270 366 1309 esse
389 1262 481 1326 potest
502 1262 585 1328 atque
606 1255 702 1310 ordini
722 1271 774 1310 suo
797 1271 832 1310 oc
854 1255 985 1325 dipeitoti
1010 1256 1140 1311 restitue-
1192 1304 1200 1317 ,

112 1347 196 1395 wat.
240 1338 280 1393 lta
301 1337 385 1393 lulius
408 1338 480 1412 Papa
509 1331 581 1394 οὐδὲ
607 1331 755 1415 η’ρνσῦντο
783 1333 837 1396 τὸν
858 1333 980 1396 Πτστὸν
999 1332 1059 1397 ὑπὸ
1081 1336 1141 1397 Σε-

115 1417 252 1479 κούνδου
274 1417 430 1496 ἐσχηκέναι
452 1417 508 1498 τὴν
523 1416 721 1481 κατάστασιν.
749 1424 803 1480 Sed
818 1424 893 1498 quud
906 1426 978 1482 inter
992 1425 1140 1499 Episcopus

111 1509 156 1565 an
176 1507 328 1582 Eprhanio
351 1509 494 1573 reseratur,
517 1510 639 1566 excusari
661 1527 718 1565 non
739 1518 840 1583 potest.

209 1596 308 1651 734³.
340 1585 382 1659 ὡς
403 1578 457 1650 οὖν
478 1583 560 1650 οὕτω
587 1595 786 1670 τταρτκιντῖτσ]
832 1594 944 1669 llultqm
973 1595 1000 1651 in
1029 1594 1142 1653 historia

115 1678 221 1735 Aleletii
242 1678 348 1751 lapsum
371 1697 431 1736 esse
453 1676 536 1752 suipra
559 1679 681 1735 vidimus.
712 1680 823 1752 Largius
846 1680 873 1735 in
888 1680 1001 1736 Arianae
1017 1679 1141 1737 llaerosis

114 1764 304 1836 descriptione
327 1765 446 1838 peccavit
468 1765 507 1820 vir
522 1764 622 1837 alioqui
637 1764 868 1837 diligentissimus.
898 1764 963 1821 Nam
979 1781 1049 1839 quae
1063 1764 1143 1822 dein·

116 1866 186 1923 ceps
210 1850 329 1922 espouit,
353 1867 384 1905 ea
407 1859 470 1923 post
484 1849 630 1906 Nicaenum
647 1849 795 1906 Concilium
812 1849 979 1914 ecciderunt,
1001 1866 1075 1907 annu
1089 1867 1142 1907 un·

116 1935 242 1998 decimo,
272 1934 325 1991 hoe
348 1943 391 1990 est
413 1934 512 2011 Christi
536 1937 607 1992 336.
651 1937 686 1990 At
707 1934 873 2008 Epiphanius
895 1937 987 1990 Arium
1008 1945 1071 1991 ante
1093 1935 1142 1990 Ni-

114 2035 235 2076 esenum
252 2018 401 2075 Concilium
424 2020 572 2076 excessisse
595 2029 682 2093 putat.
712 2019 742 2075 ln
764 2036 819 2094 quo
835 2020 1005 2093 Scriptorum
1020 2020 1141 2077 omnium

118 2121 257 2161 consensu
288 2104 427 2160 refellitur.
472 2104 556 2159 Nimis
585 2104 651 2160 illud
678 2113 772 2161 nutum
802 2114 859 2168 cst,
893 2106 1025 2161 virentem
1052 2105 1143 2161 adhuc
1233 2124 1237 2129 ·

115 2190 213 2247 Arium
236 2189 375 2263 aSynodu
398 2189 552 2245 damnatum
575 2199 603 2245 et
625 2199 688 2262 pust
709 2190 812 2263 aliquot
833 2207 918 2246 annos
935 2189 1044 2247 Eusehii
1059 2206 1142 2263 opera

115 2276 278 2333 restitutum
308 2273 542 2348 Constantinopoli
571 2284 708 2331 mortuum
737 2292 808 2331 esse.
853 2275 889 2331 lle
918 2292 973 2350 quo
1004 2275 1140 2339 Socrates,

117 2359 262 2422 huldinus.
293 2359 495 2424 Tlteudoretus,
525 2360 695 2416 Sozomenus
717 2369 744 2417 et
766 2369 829 2416 ante
851 2377 946 2415 omnus
968 2360 1140 2417 Athanasius.

117 2444 159 2503 lh
181 2442 281 2518 quihus
302 2444 480 2518 corrigendus
496 2441 671 2517 Epiphanius,
694 2445 740 2518 qui
764 2462 795 2501 ex
817 2444 965 2501 falsissimis
980 2445 1142 2519 quibusdam

115 2530 204 2592 actis,
228 2537 275 2586 aut
298 2529 417 2586 historiis
440 2530 490 2585 ista
512 2530 665 2603 descripsit.
710 2529 781 2585 Sane
803 2546 864 2585 oure
885 2529 1003 2602 primum
1024 2529 1142 2586 Aleman-

117 2614 215 2671 drinos
243 2614 305 2675 illos
334 2613 466 2670 tumultus
494 2623 521 2670 et
542 2613 599 2669 Arii
625 2614 824 2671 damnationem
852 2614 971 2687 optimus
993 2613 1194 2688 lmpcraturlh'l

115 2699 235 2772 accepit,
259 2699 351 2755 literas
374 2700 407 2756 ad
422 2696 601 2755 Alexandrum
624 2707 651 2755 et
672 2698 766 2755 Arium
788 2698 906 2755 acriores
929 2697 1011 2762 dedit,
1035 2707 1063 2755 et
1085 2696 1143 2755 llu-

118 2784 191 2840 sium
215 2783 419 2840 Cordubensern
443 2783 627 2839 Alexandriam
650 2783 732 2847 misit,
758 2784 804 2857 qui
827 2784 960 2841 orientem
981 2782 1053 2840 illam
1074 2799 1144 2859 pru-

118 2868 217 2927 cellam
245 2879 431 2943 componeret.
477 2869 556 2938 Quod
578 2868 623 2924 ubi
646 2869 755 2924 minime
777 2869 925 2942 prooessit,
954 2876 1011 2924 tum
1034 2868 1142 2925 demum

115 2954 264 3011 Nicacnam
281 2953 419 3027 Synodum
443 2952 543 3026 coegit,
566 2970 597 3009 ac
620 2963 758 3027 postremo
781 2970 862 3018 anno,
886 2953 925 3009 uti
941 2952 1066 3018 diximus,
1089 2971 1144 3009 un-

116 3038 226 3097 decimo
255 3056 270 3094 a
300 3049 408 3113 peraeta
438 3037 547 3113 synodo
570 3039 662 3095 Arium
686 3037 945 3113 Constantinopolim
974 3055 1023 3113 per
1051 3037 1142 3095 literas
1215 3046 1219 3055 “

74 3112 83 3126 ’
117 3123 251 3182 evocarit.
282 3123 353 3181 llaec
377 3123 545 3199 temporibus
568 3122 684 3181 discreta
707 3120 829 3179 confudit
850 3139 881 3180 ac
904 3121 1062 3198 permiscuit
1077 3120 1144 3198 Epi-

118 3209 249 3285 phanins.
742 3268 745 3273 Ι

210 3296 268 3353 sut
287 3294 313 3350 b.
344 3285 423 3365 ὁμσῦ
446 3287 479 3349 di
502 3285 582 3373 ζήλῳ
605 3286 762 3369 ἐπαρθείς]
808 3292 884 3350 Edita
913 3302 954 3349 est
981 3293 1047 3349 haec
1071 3291 1145 3348 Con-

115 3378 233 3438 stamini
255 3378 288 3435 ad
310 3380 402 3435 Arium
425 3388 452 3434 ot
474 3380 587 3434 Ariams
609 3377 728 3452 Epistola
751 3396 764 3434 a
787 3378 917 3435 Eerlerieo
939 3376 1050 3434 llorello
1072 3394 1143 3434 anno

123 3468 216 3524 1595.
258 3463 295 3519 Ex
318 3480 370 3537 qua
393 3462 577 3520 emendandus
599 3464 643 3520 hic
666 3462 808 3537 Epiphanii
831 3463 918 3520 locus.
964 3462 1028 3535 Leg.
1052 3462 1143 3537 itaque

119 3551 196 3607 hunc
219 3550 245 3604 in
268 3549 378 3604 modum
402 3549 459 3605 eius
482 3548 597 3604 initium.
629 3542 863 3616 Κωνσταντῖνας
878 3541 1037 3619 Σεβαστὸς
1057 3540 1143 3621 μέγα·

115 3651 196 3701 στας
211 3625 317 3712 Ἀρείῳ
340 3629 390 3689 καὶ
406 3626 582 3710 Ἀρεναναῖς,
603 3643 731 3708 quaeest
746 3634 896 3707 inscriptio.
920 3630 1021 3687 lleinde
1037 3624 1143 3697 Κακός

115 3711 270 3797 ἱρμηνεῦς
291 3710 473 3796 αὐτόχρημα
496 3727 548 3774 etc.

208 3808 270 3863 dds
286 3822 311 3861 c.
340 3795 395 3880 ἄγε
417 3798 456 3879 δὴ
478 3794 694 3879 dotemque]
741 3803 818 3860 Curr.
847 3819 879 3859 ex
906 3801 1000 3858 eadem
1023 3800 1143 3875 Epistola

104 3882 203 3967 ’Λρες
217 3880 325 3965 Ἄραε.

212 3977 271 4034 735
287 3991 312 4030 a.
344 3963 480 4039 dnudodc
509 3965 604 4029 αὐτοῦ
627 3965 666 4028 τὰ
689 3966 772 4047 τέλη]
804 3965 873 4045 τέλη
895 3970 939 4027 hic
961 3989 1011 4045 pro
1033 3970 1142 4026 intesti-

111 4063 167 4119 as's
189 4070 347 4117 sumuntur.

210 4149 270 4205 735
285 4144 312 4202 d.
342 4138 376 4202 dr
401 4143 445 4223 τῷ
474 4132 558 4222 αὐτῷ
584 4135 642 4201 έτα
669 4136 810 4213 παύεται]
855 4140 979 4214 Quinque
1001 4136 1141 4197 mensibus
