2586 4822
89 394 95 405 Ι

401 822 477 873 tert
496 823 714 873 uutttnuttn'u
1000 828 1067 877 uu

601 938 614 961 θ

69 990 147 1033 mm
173 974 287 1031 «lucem
316 976 363 1048 qtri
385 976 412 1031 in
434 975 566 1032 aubrrrlrio
589 976 765 1034 Chalcedonis
786 979 820 1035 acl
842 978 976 1048 (lunanum
998 997 1066 1039 cun·

69 1058 157 1135 regati
173 1058 299 1117 loannem
315 1058 469 1133 «inpositum
484 1061 670 1125 declararunt:
693 1064 741 1119 secl
757 1063 865 1127 trustra.
887 1063 989 1137 pupulo
1003 1082 1065 1123 carna

69 1144 92 1203 tl
121 1144 234 1201 inuitum
260 1145 430 1201 restituente.
476 1146 541 1202 Cum
564 1144 653 1202 autleni
678 1158 790 1220 propter
812 1156 986 1220 “argenteam
1009 1160 1067 1205 ota-

69 1231 142 1287 nn⁸⁹
164 1229 255 1285 tlenuo
276 1247 389 1285 accensa
412 1241 484 1287 esset
500 1232 648 1302 inclignatio
663 1232 850 1305 imperatricis.
874 1234 899 1289 in
916 1233 999 1289 ultera
1016 1252 1067 1306 po-

69 1324 108 1373 lu
131 1315 236 1388 synodo
259 1314 396 1370 decretum
420 1316 505 1371 sancti
528 1317 649 1372 rusilium
673 1327 723 1379 ent.
750 1335 783 1373 eo
804 1318 892 1373 nolunt
915 1328 1064 1391 plraetenun.

69 1399 125 1457 uutl
152 1400 294 1455 ‹lanmaun¹
322 1401 347 1455 iu
376 1401 494 1472 surculo.
523 1401 626 1474 alisque
648 1402 843 1457 rrrrrneronioris
865 1420 945 1476 qurum
968 1402 1011 1459 illu
1033 1405 1066 1459 acl

69 1500 186 1543 mucram
209 1485 295 1541 luerat
317 1485 413 1557 synroili
434 1487 578 1548 sententia,
600 1486 691 1541 serlum
715 1504 790 1541 stram
813 1489 970 1559 recepisset.

138 1572 187 1625 56.
217 1568 256 1625 nu
279 1580 428 1625 entncunnn
452 1572 477 1625 iu
500 1572 587 1634 Actis,
612 1581 687 1627 tanto
709 1572 767 1627 iure
790 1571 975 1645 reprobandis.
998 1572 1066 1629 dici-

69 1670 94 1711 ιι·
114 1654 283 1727 Epiphanius
306 1654 464 1711 ailltortotns
487 1658 513 1711 iu
536 1657 595 1711 nani
617 1675 692 1720 suos,
715 1655 825 1713 oculusne
847 1657 973 1729 precibus
996 1667 1066 1713 tcm-

69 1748 183 1797 ulalem
206 1740 364 1803 triduanam,
388 1749 469 1812 atque
492 1742 652 1814 exspirasse.
697 1741 778 1796 Cuius
800 1741 933 1797 demortui
956 1759 1064 1815 corpus.

69 1840 274 1881 rcumcnnmue
303 1834 391 1888 essct,
420 1825 560 1898 explorare
590 1826 682 1881 volens
712 1826 877 1890 navarchus,
907 1826 961 1881 ictu
990 1826 1066 1901 perlis

69 1918 123 1967 uno
152 1919 229 1965 actuo
256 1910 460 1983 exstinctumque
489 1910 522 1965 aul
551 1911 660 1966 cosulem
689 1912 772 1983 pedes
800 1911 905 1984 positus
931 1911 1064 1968 revixerit.

69 2010 172 2069 umque
195 1994 377 2050 Constantiam
399 1995 549 2068 appulisset
572 1997 653 2058 nans.
678 1994 805 2051 tenebrae
827 1995 935 2070 quidem
957 1996 1007 2053 tuti
1022 1996 1067 2051 in·

69 2078 194 2136 abuerint
216 2079 329 2146 civitati;
354 2088 409 2135 tres
433 2090 521 2136 taruco
544 2081 616 2137 caeci
639 2078 742 2137 oleviam
766 2080 913 2154 progressi,
936 2098 997 2137 cum
1019 2097 1065 2139 re-

69 2164 129 2239 nuis
158 2180 220 2221 sese
242 2181 323 2219 mann
346 2164 517 2230 tenentibus,
546 2166 631 2220 risum
654 2165 822 2238 receperint:
853 2182 952 2239 corpus
975 2174 1065 2223 antem

69 2248 188 2306 inclitum
214 2249 294 2305 mello
323 2251 473 2321 prostiterit
495 2250 521 2305 in
545 2249 658 2306 ecclesia
680 2250 775 2307 diebus
797 2250 920 2323 multisk
937 2268 970 2307 eo
992 2251 1065 2324 quud

69 2333 187 2407 minus
216 2343 243 2389 ct
264 2334 409 2389 Petronius
438 2336 557 2399 diaconi,
586 2335 692 2390 haeresi
716 2335 897 2391 Valentiniana
925 2335 993 2391 clam
1021 2336 1065 2393 iu·

69 2418 127 2481 cti,
158 2418 232 2474 uelas
260 2436 321 2475 ease
349 2419 471 2475 elicerent
499 2421 569 2474 intra
596 2420 729 2475 civitatem
757 2421 783 2475 in
814 2419 926 2477 eeclesia
957 2420 1065 2493 sepeliri

69 2512 202 2569 nortuum3
231 2504 292 2575 qnia
320 2514 411 2559 autem
433 2504 549 2576 sepelire
571 2520 632 2559 eum
656 2505 830 2560 nihilominus
853 2504 1005 2561 volentibus
1027 2504 1064 2561 illi

69 2605 78 2645 ι
97 2587 285 2662 opponebant,
309 2589 342 2644 acl
364 2589 507 2644 vulnerandi
530 2589 635 2644 diaconi
657 2588 764 2653 Sabini,
789 2588 966 2661 Epiphaniam
989 2589 1066 2645 iuvo-

69 2674 144 2737 mtis,
165 2690 277 2746 preccs;
304 2674 442 2746 Longinus
465 2674 573 2746 qrrirlem
596 2673 744 2729 conciderit
767 2674 825 2746 ipso
846 2672 907 2729 luco
930 2684 1064 2737 mortuns,

69 2758 194 2817 umatus
222 2775 301 2823 uero,
331 2758 418 2835 elartua
446 2758 507 2813 inlu
530 2757 692 2831 paralyticus
715 2776 745 2813 nc
768 2766 874 2822 mutus,
903 2767 999 2831 quarto
1022 2758 1065 2815 die

69 2842 157 2901 uerit.
200 2842 268 2898 'lum
295 2861 358 2899 vcro
386 2844 484 2898 missos
508 2841 767 2916 Constantinopolim
795 2842 899 2916 legatos
927 2860 989 2907 sen,
1019 2844 1065 2916 qui

69 2928 153 2985 mclii
175 2927 345 3002 imperatoris
367 2927 532 2983 voluntalem
555 2929 742 3000 exquirereot;
772 2927 902 2986 lricvero
915 2946 972 2983 eos
994 2927 1065 2985 cleti-

69 3012 149 3077 κτίῑ,
171 3012 258 3069 donee
280 3030 369 3075 enum,
394 3020 424 3069 ut
446 3011 606 3086 annonabat,
630 3021 733 3086 patrem
756 3011 869 3069 luxisset
885 3012 981 3068 liebus
996 3030 1065 3084 qnia-

69 3097 185 3172 noginto:
208 3098 295 3169 iisque
317 3098 430 3170 expletis
453 3098 562 3154 eosdem
586 3096 720 3154 remiserit
734 3114 795 3153 cum
811 3098 927 3172 quodam
942 3097 1063 3159 llaximo,

69 3180 194 3241 mutum
222 3182 273 3238 sibi
295 3182 453 3239 daemonem
476 3182 693 3239 circumferente.
736 3182 979 3246 tenoemteo,
1002 3193 1064 3239 aute

69 3284 156 3325 aarum
178 3284 278 3340 corpus
300 3278 436 3340 prostrato
458 3285 489 3324 ac
510 3266 634 3332 liberato,
657 3269 755 3323 lectam
775 3267 941 3341 imperialem
960 3268 1065 3341 episto-

69 3370 117 3417 ιιι,
148 3370 227 3408 uersu
254 3352 374 3409 seeundo
404 3353 443 3409 sie
471 3353 671 3409 continentem:
702 3352 789 3408 “llum
817 3353 863 3425 qui
893 3352 956 3408 uixit
982 3369 1063 3425 supra

69 3447 158 3495 utras
179 3436 265 3510 leges,
287 3437 414 3493 nolumus
434 3438 522 3493 iacere
537 3437 730 3494 convenienter
745 3438 845 3493 uostris
860 3436 999 3509 tegtuuss·
1021 3446 1064 3492 at-

69 3538 103 3581 ttu
130 3522 168 3579 ita
196 3522 304 3578 clemnm
330 3523 470 3596 depositus
492 3523 574 3580 luerit
595 3532 705 3579 sanctus
728 3522 754 3578 in
777 3523 855 3580 tlreca
878 3522 909 3577 acl
932 3522 958 3578 iu
982 3519 1065 3576 labri-

69 3614 124 3671 nu.
154 3606 236 3681 “ipso
261 3605 322 3663 loc'o
344 3607 391 3663 ubi
413 3625 495 3680 supra
517 3608 716 3664 Faustinianum
740 3608 873 3663 ceciderat
895 3606 1064 3667 lolirieator.''

69 3691 307 3767 liquamensibus
329 3693 414 3747 trihus
436 3700 635 3766 automatum,
663 3693 733 3749 intua
756 3694 825 3748 lianc
848 3690 978 3754 lalrulam.
1001 3700 1064 3763 post

69 3777 136 3835 muti
157 3787 284 3833 mortem.
315 3776 385 3833 llaec
407 3788 507 3840 antem,
531 3787 560 3834 ut
582 3777 693 3834 indicaui
716 3795 743 3832 n.
762 3781 789 3839 5.
813 3776 923 3849 lingitur
944 3775 1063 3831 scribere

69 3862 193 3937 piphanii
221 3879 365 3918 successor
386 3862 502 3919 Sabinus
529 3861 563 3917 aul
584 3862 723 3935 Polybium
753 3872 847 3918 octauo
875 3862 917 3917 ilie
941 3861 1064 3916 duarenus

69 3962 99 4005 ro
120 3947 263 4021 sepultura
284 3948 466 4004 contentionis
492 3947 643 4020 digressum
665 3946 698 4002 ab
720 3947 821 4009 tonna,
851 3954 963 4019 etpost
985 3945 1064 3999 unius

69 4032 110 4090 tui
132 4049 237 4090 moram
260 4033 287 4087 in
303 4032 448 4097 Tlreltuicle,
470 4042 577 4105 ruptum
599 4031 633 4087 ali
656 4031 830 4095 Heracleotae,
853 4034 936 4088 totins
951 4030 1064 4101 Aegypti

69 4118 184 4183 maille,
208 4117 402 4175 llltinocoruris
425 4127 489 4175 tune
511 4117 658 4180 inclinante,
681 4126 711 4172 ut
734 4125 807 4173 esset
829 4133 886 4172 enus
910 4114 983 4170 urbis
1005 4132 1065 4187 epr-
