2586 4822
479 841 769 893 suranorensroues.
1076 827 1136 890 107

119 997 252 1055 Veritatis
276 1013 384 1070 proauo
411 997 539 1053 uersibus
567 1000 608 1052 ιἰα
635 998 666 1053 in
688 1006 713 1052 te
736 998 914 1053 exclamauit.
959 997 1025 1054 Cum
1047 1008 1136 1054 autern

112 1083 240 1156 corrupti
262 1080 385 1156 plerique
408 1098 502 1137 versus
526 1091 634 1145 essent,
658 1100 712 1137 nou
735 1082 804 1138 male
826 1081 895 1138 idem
918 1082 963 1138 ille
986 1082 1138 1138 eruditissi-

112 1184 179 1224 mus
193 1167 285 1223 Billius
305 1169 408 1240 pedum
430 1167 569 1222 rationem
591 1185 648 1222 nom
670 1168 771 1222 baberi
794 1167 867 1224 dixit.
898 1168 983 1224 Porro
1006 1167 1138 1224 virulenta

114 1253 161 1308 illa
186 1252 314 1325 Scaligeri
343 1252 519 1324 reprehensio
549 1269 602 1307 non
626 1253 653 1307 in
678 1251 853 1309 bolonienses
877 1252 1010 1317 editores,
1040 1253 1087 1308 sed
1110 1254 1136 1307 in

116 1338 277 1394 Curnonium
301 1345 329 1392 et
344 1337 478 1393 Galasimn
494 1337 623 1410 Scaligeri
645 1346 804 1411 symmystas
827 1338 906 1402 eadit,
930 1353 1045 1411 quorum
1062 1347 1138 1393 nter-

112 1440 171 1497 que
195 1417 291 1498 κῆρυξ
313 1414 463 1494 ἔμμετρος
484 1422 558 1496 legit.

204 1509 264 1565 246
281 1507 306 1562 d.
337 1502 371 1564 τὸ
393 1499 451 1584 γὰρ
475 1511 624 1580 στοιχεῖον
644 1500 679 1563 τὸ
701 1507 735 1581 q]
772 1507 903 1580 lusignis,
934 1506 986 1562 hoe
1008 1517 1050 1562 est
1072 1502 1137 1562 ἐπί-

111 1609 217 1666 σημος
239 1608 378 1657 uumerus,
402 1602 442 1648 est
468 1595 495 1656 6,
519 1593 574 1648 sire
598 1607 624 1657 ς.
655 1592 700 1647 Sic
722 1593 794 1665 apud
816 1591 925 1647 llieron.
943 1591 1080 1647 Commen.
1104 1592 1137 1647 ad

114 1679 162 1734 Ps.
182 1680 219 1734 77
243 1695 323 1752 quem
347 1678 435 1733 locuni
452 1678 553 1733 Fronto
570 1678 693 1733 [iudaeus
716 1678 748 1732 ad
771 1679 840 1733 lren.
865 1676 964 1741 attulit,
995 1677 1137 1749 Scriptum

113 1772 172 1827 est,
202 1763 304 1835 inquit,
333 1763 364 1817 in
386 1762 531 1818 Mottlroeo
560 1762 736 1818 elleborine
764 1764 855 1834 quod*
869 1761 1006 1818 Dominus
1042 1769 1138 1817 noster

113 1848 190 1904 baro
217 1854 298 1902 sento
327 1849 477 1920 urueifirus
505 1849 550 1901 sit.
596 1848 716 1902 Rursum
745 1850 879 1919 scriptum
907 1855 947 1902 est
975 1849 1006 1903 iu
1027 1847 1136 1911 Murco,

114 1936 185 2007 quio
213 1933 285 1987 bora
313 1933 396 1986 tertio
427 1933 576 2005 crucifixus
598 1934 643 1987 sit.
690 1933 752 1987 Hoc
772 1933 885 1988 uidetur
907 1949 966 1987 osae
988 1934 1136 1998 diuersum,

113 2021 167 2074 aed
187 2034 244 2073 uon
267 2025 307 2072 est
328 2018 478 2074 diuersum.
524 2016 615 2072 Error
639 2019 807 2089 scripturum
828 2018 899 2088 suit:
929 2026 954 2072 et
984 2020 1014 2074 iu
1036 2018 1137 2075 Marco
1176 2073 1178 2077 ,

113 2103 188 2158 liora
211 2110 293 2158 serto
314 2103 378 2173 suit.
414 2101 470 2158 Sed
491 2104 571 2157 multi
593 2102 741 2175 epi-sernum
767 2101 907 2157 Graecum
929 2118 947 2167 ς
967 2111 1138 2176 putauerunt

115 2205 177 2244 esse
205 2206 236 2263 y,
266 2189 338 2242 siout
367 2196 392 2242 et
419 2189 460 2242 ibi
490 2205 571 2242 error
597 2187 653 2258 suit
680 2189 863 2260 scriptorum,
899 2197 929 2243 ut
954 2206 1009 2260 pro
1041 2189 1137 2262 Asupb

114 2273 236 2329 Esaiam
263 2274 426 2328 seriberent.
471 2272 524 2327 lam
555 2273 577 2327 si
607 2271 697 2328 literas
728 2290 821 2328 omnes
848 2273 942 2329 ordine
964 2291 1135 2346 percenseas,

116 2376 164 2414 eae
192 2357 226 2414 ed
253 2376 272 2431 η
297 2375 383 2432 usqne
408 2360 446 2414 30
471 2357 632 2421 ronlieiuut,
663 2358 772 2413 excluso
795 2358 918 2414 videlieet
941 2373 973 2423 ς,
1004 2377 1072 2431 qnae
1096 2368 1136 2415 est
1148 2363 1177 2414 ’14

115 2443 216 2500 senarii
239 2451 312 2498 nota.
349 2461 368 2516 η
390 2459 473 2515 porro
496 2443 522 2496 in
546 2442 686 2498 literarum
709 2444 779 2498 serie
802 2451 925 2498 octavum
947 2443 1037 2498 locum
1061 2444 1135 2500 obti-

116 2539 172 2591 net,
197 2529 220 2583 si
243 2545 261 2593 ς
282 2527 421 2591 adieceris,
446 2527 556 2600 dempto
579 2544 611 2582 eo
634 2528 788 2600 septimum.
820 2526 872 2582 Sed
888 2537 918 2582 ut
934 2528 966 2582 ad
982 2528 1135 2600 Episernnnr

116 2615 236 2676 redeam,
259 2613 368 2686 proprie
390 2607 540 2685 ἐπίσημον
561 2612 665 2685 insigne
682 2622 732 2677 est,
756 2613 811 2667 sire
826 2621 890 2666 nota
906 2613 1005 2667 senarii
1020 2616 1135 2677 numeri,

115 2700 168 2754 boe
192 2707 234 2754 est
257 2697 342 2770 ligura
365 2699 422 2770 ipsa
446 2712 478 2763 ς,
512 2698 545 2751 de
568 2714 622 2771 quo
646 2697 705 2752 vide
727 2713 796 2772 quae
818 2697 939 2770 Scaliger
961 2697 1086 2753 observat
1109 2700 1136 2754 iu

115 2782 217 2839 Euseb.
241 2800 267 2855 p.
281 2786 349 2839 105.
380 2785 414 2838 dt
436 2783 562 2837 lrenaeus
581 2776 729 2853 ἐπίσημον
747 2798 889 2837 numerum
905 2782 1023 2855 appellat
1038 2783 1135 2855 ipsum,
1236 2826 1256 2849 ,

116 2868 346 2943 quodepisemorr
369 2876 446 2923 retus
461 2867 599 2939 lnterpres
623 2866 745 2922 reddidit.
777 2867 831 2922 Nos
845 2867 983 2937 irmionem
998 2868 1137 2923 nominare
1226 2917 1231 2925 .
1259 2860 1274 2913 ι’

115 2970 273 3027 possumus.
296 2953 361 3008 Nam
376 2954 486 3023 insigne
502 2962 591 3007 notam
608 2968 638 3006 ac
651 2950 763 3024 figuram
775 2951 922 3024 signifieat:
940 2952 1011 3007 unde
1024 2953 1136 3024 insignis

116 3055 249 3095 numerus
272 3038 319 3110 qui
342 3037 449 3110 insigni,
474 3037 526 3090 hoe
549 3044 590 3090 est
613 3037 744 3108 episemo,
767 3037 821 3092 sive
844 3045 907 3091 nota
930 3037 1042 3109 exprimi
1057 3038 1136 3093 solet.

204 3124 265 3181 248
281 3139 304 3177 a.
335 3116 471 3178 τουτέστι
494 3115 529 3176 τὸ
556 3112 730 3194 ὑστέρημα]
768 3121 838 3177 llaee
869 3139 899 3177 es
929 3121 998 3176 lleda
1026 3121 1072 3177 lib.
1103 3124 1136 3179 de

115 3207 225 3281 loquela
248 3224 296 3281 per
317 3216 424 3280 gestum
447 3205 591 3279 intelliges.
624 3205 673 3261 Ubi
696 3206 805 3262 Veteres
829 3206 907 3262 docet
930 3206 962 3261 ad
987 3209 1025 3264 99
1049 3225 1136 3280 usque

114 3294 243 3349 sinistrae
259 3309 354 3347 manns
370 3291 459 3364 digitis
475 3308 641 3354 numerasse,
665 3301 773 3347 centum
791 3308 852 3347 vero
869 3291 1044 3365 reliquosque
1059 3293 1138 3348 dein-

117 3395 185 3452 ceps
208 3378 380 3433 centenarios
403 3377 495 3432 (lextra
518 3385 700 3449 computasse.

204 3464 263 3521 249
281 3480 305 3516 a.
336 3458 385 3517 uui
408 3456 469 3517 ἐπεὶ
493 3452 728 3534 ἀντεπεζεύχθη]
759 3461 817 3529 Quo
840 3461 972 3517 sincerior
995 3463 1037 3519 bic
1059 3462 1136 3519 loeus

114 3548 225 3610 existat,
249 3546 340 3603 scribo
363 3539 440 3623 πρὸς
460 3537 516 3620 τὴν
537 3548 599 3602 τῶν
620 3536 708 3601 ὅλων.

204 3634 265 3690 249
281 3631 309 3688 b.
340 3625 396 3711 ede
418 3626 450 3688 dr*
472 3625 590 3707 ἡμέρας
612 3625 684 3686 δέκα
701 3621 757 3686 δύο
774 3622 874 3707 ὡρῶν]
899 3631 968 3686 Hora
985 3630 1056 3705 apud
1072 3631 1136 3705 Epi-

115 3718 250 3792 phauium
273 3717 339 3773 duas
362 3716 578 3791 Aequinoctiales
602 3715 737 3779 eontinet,
768 3727 796 3773 ut
820 3715 920 3772 etalio
943 3717 1004 3773 loro
1027 3717 1139 3772 euiden-

113 3804 170 3860 tius
194 3802 302 3858 indieat.
348 3803 402 3858 lam
424 3803 496 3876 quod
520 3803 601 3857 borae
627 3805 664 3856 30
687 3796 800 3876 μοίρας
822 3801 931 3866 tribuit,
961 3802 999 3856 sie
1022 3801 1136 3874 intelligi

112 3896 218 3962 potest.
249 3887 296 3943 Sol
318 3887 412 3942 diebus
435 3886 557 3960 singulis,
582 3887 633 3941 lroe
656 3894 698 3941 est
715 3888 750 3943 12
768 3886 852 3950 lroris,
875 3886 914 3941 rel
933 3888 981 3949 24,
1005 3885 1135 3942 circulum

110 3971 255 4034 describit,
279 3972 374 4044 quiin
403 3974 437 4030 12
461 3982 551 4045 partes
574 3971 730 4027 tricenariae
753 3972 861 4034 divisus,
885 3970 1013 4044 gradibus
1030 3979 1135 4027 constat

112 4059 188 4117 360.
235 4056 415 4125 Quamobrem
444 4057 557 4131 singulis
587 4056 662 4112 horis
685 4056 932 4129 Aequinoctialibus
961 4058 995 4113 15
1024 4055 1133 4129 gradus,

108 4140 222 4199 duabus
244 4141 330 4206 boris,
353 4143 408 4198 sive
435 4145 470 4200 12
494 4142 546 4199 diei
568 4151 654 4215 parte,
680 4143 717 4198 30
741 4143 839 4214 gradus
863 4141 980 4197 conticit.
