2586 4822
153 739 194 801 86
610 752 723 802 eertvn
833 788 837 796 ,

150 909 279 972 sostomi,
311 906 354 962 ubi
378 907 450 963 inter
471 916 577 964 caetera
600 907 707 964 Eucliae
730 907 868 964 cuiusdam
892 908 976 965 lilium
1000 910 1089 968 refert
1111 927 1125 968 a
1149 911 1178 968 B.

152 992 346 1066 Chrysesteme
368 1009 468 1066 aquae,
493 993 536 1048 eui
558 993 664 1066 signum
689 994 776 1050 erucis
800 994 991 1067 impresserat,
1015 998 1177 1069 aspersione

150 1078 371 1152 desperatissimo
395 1078 428 1132 ab
453 1077 549 1134 morbo
571 1076 724 1134 liberatum.

240 1166 297 1223 138
313 1181 338 1221 a.
369 1141 405 1218 οὗ
426 1154 445 1236 r‘p
467 1165 569 1237 γεῦσις
589 1147 627 1236 ἦν
648 1165 704 1218 τοῦ
726 1155 857 1236 Μάννα]
895 1163 948 1232 Qui
977 1174 1035 1221 mm
1059 1165 1176 1223 absunda

110 1248 375 1322 &interpretatione
404 1248 493 1303 lucum
516 1248 580 1305 huic
601 1247 661 1303 lece
684 1247 818 1304 faciebant
840 1248 988 1312 Haeretici,
1019 1250 1055 1306 ad
1077 1268 1110 1307 ea
1131 1268 1176 1307 re·

150 1333 309 1406 spiciebant,
334 1349 403 1406 quae
426 1332 561 1390 Ened.'lll
586 1343 613 1388 et
628 1331 706 1388 Num.
725 1337 757 1391 ll
784 1334 817 1388 de
836 1333 930 1389 Henna
954 1334 1101 1408 leguntur:
1124 1353 1174 1393 cu-

150 1419 193 1474 ius
215 1428 311 1491 gaustus
334 1417 417 1473 luisse
439 1416 546 1481 dieitur,
570 1408 612 1483 ὡς
632 1413 733 1492 ἐγκρὶς
755 1415 786 1474 ἓν
807 1412 907 1497 ἐλαίῳ.
937 1419 992 1475 Sed
1015 1436 1069 1477 nee
1085 1421 1173 1477 mistis

150 1502 262 1558 ridicule
291 1502 378 1558 nostri
405 1503 535 1573 teutperis
558 1502 691 1559 Haeretici
720 1504 827 1576 quidam
851 1520 943 1559 recem
967 1495 1102 1580 ἀκρίδας
1124 1506 1172 1563 de·

150 1605 260 1661 pravare
283 1588 373 1644 cenati
395 1596 469 1642 sunt.

237 1675 294 1731 139
311 1672 338 1729 b.
364 1673 500 1748 χρῶνται
523 1666 557 1728 δὲ
579 1668 628 1728 καί
652 1663 760 1739 ἄλλοις
781 1666 856 1746 τισί]
880 1673 917 1729 lle
936 1673 1016 1738 libre,
1043 1671 1170 1748 quisse-
1199 1692 1202 1697 ·

148 1752 246 1830 ρίοδόι
268 1751 393 1832 Πέτρου
418 1758 564 1830 inscriptus
587 1768 653 1821 erat,
677 1758 798 1813 meminit
819 1758 917 1814 Alban.
940 1759 969 1814 in
987 1760 1055 1833 Syn.
1080 1772 1107 1818 et
1129 1762 1171 1817 in-

147 1852 191 1899 ter
211 1844 373 1917 dpecrypba
395 1860 456 1898 cum
479 1842 536 1899 aliis
560 1852 693 1899 recenset.
733 1843 820 1898 Veluli
842 1854 906 1899 seint
929 1839 1082 1919 Περίοδοι
1105 1840 1169 1902 Hi·

146 1945 233 2001 τρου,
255 1923 404 2004 Περίοδοι
419 1919 568 1996 Ἰωάννου,
590 1923 739 2001 Περίοδοι
754 1922 865 2000 (dispari,
888 1919 1078 2004 Εὐαγγίλιον
1093 1924 1168 1987 κατὰ

150 2006 261 2086 Θωμᾶ,
282 2005 406 2087 Διδαχὴ
427 2003 627 2081 Ἀαοστόλοιν,
651 2007 837 2085 diapenta,
860 2022 912 2069 ete.

238 2099 295 2154 142
311 2114 334 2152 a.
364 2089 424 2153 ἀπό
437 2114 468 2153 τε
481 2098 533 2170 τῆς
542 2093 576 2150 Ν
575 2091 723 2171 αβατίας]
734 2097 867 2169 Corrupta
876 2115 926 2154 vex
937 2107 980 2154 est
991 2095 1026 2152 Ν
1025 2095 1167 2169 αβατίας.

117 2248 120 2253 ᾗ
146 2180 240 2256 Neque
269 2182 339 2237 enim
368 2183 400 2238 iis
428 2182 455 2236 in
478 2181 544 2237 leeis
566 2180 683 2238 Nabatea
707 2183 775 2246 ulla,
808 2183 859 2238 nisi
882 2183 968 2238 fallor.
1013 2183 1168 2243 Nabathaea

146 2266 271 2339 quidem,
301 2267 355 2322 sive
377 2265 510 2322 Nabataea
533 2264 645 2322 Arabiae
675 2267 758 2322 lelieis
779 2269 863 2340 ,regio
887 2277 944 2331 est,
975 2270 1074 2325 antei
1098 2280 1166 2328 certe

146 2352 276 2424 proxima,
299 2353 352 2408 hee
374 2361 416 2408 est
439 2351 567 2408 Petraeae
590 2368 662 2425 pars.
693 2355 781 2420 Quare
804 2369 858 2406 non
882 2352 976 2409 dubito
999 2354 1069 2425 quin
1093 2355 1167 2412 Bala-

146 2452 197 2492 nea
219 2437 272 2492 boc
294 2437 355 2493 Ιοοο
376 2435 521 2510 legendum
543 2437 588 2493 sit.
619 2437 692 2506 Quae
715 2447 758 2493 est
779 2436 872 2510 Syriae
893 2438 969 2510 regie
992 2437 1173 2513 Palmyrenae.

145 2521 229 2577 vicina
253 2531 280 2578 et
303 2522 434 2579 Paneadi:
457 2522 572 2578 Ptolem.
595 2522 690 2594 Stepb.
715 2515 869 2578 Βατανέαι
890 2518 1030 2579 συνοικία
1054 2520 1166 2601 Συρίας

144 2597 164 2681 ἦ
193 2601 243 2663 καί
265 2601 410 2664 Βατανέα
438 2596 551 2674 ἑνικῶς.
594 2607 668 2663 adde
691 2615 718 2662 et
740 2608 766 2662 in
790 2608 830 2679 Op
853 2624 937 2680 regne
961 2607 1057 2664 luisse.
1105 2610 1164 2667 Hine

145 2708 196 2765 pro
226 2709 274 2758 eo,
304 2692 377 2767 qued
411 2691 526 2750 Hebraei
556 2692 705 2766 Graecique
728 2692 768 2765 Op
796 2709 888 2765 regem
910 2692 996 2748 Basan
1019 2696 1162 2768 appellant,

146 2776 296 2833 Chaldaeus
324 2790 399 2855 panta
428 2776 526 2841 babet,
557 2777 630 2851 quod
659 2777 691 2832 ad
713 2777 845 2832 Balaneae
868 2775 1029 2834 vocabulum
1055 2781 1162 2845 accedit,

144 2861 231 2917 ulad
256 2862 293 2920 12
313 2862 366 2919 les.
382 2861 481 2918 blasius
503 2862 638 2921 observat.
662 2863 691 2917 ln
714 2861 808 2918 eedem
831 2861 982 2918 basanitiee
1006 2872 1100 2922 tractu
1121 2867 1164 2924 leil

144 2955 173 3002 et
200 2944 279 3001 Edrai
308 2938 406 3006 *snite
436 2947 536 3004 Graece
562 2940 678 3022 Ἀδραί.
722 2946 806 3015 Quam
829 2948 926 3002 Adram
950 2947 1068 3006 Ptolem.
1093 2959 1163 3024 putat

145 3029 216 3085 idem
239 3031 346 3087 blasius.
378 3031 451 3099 Quae
475 3033 500 3087 in
525 3032 677 3105 Ceelesyria
699 3049 714 3087 a
737 3031 852 3088 Ptolem.
876 3043 1045 3090 numeratur.

234 3117 291 3172 142
308 3132 331 3170 c.
363 3107 434 3183 τοὺς
462 3110 494 3173 δι’
516 3109 691 3193 Προφὴτας
719 3111 837 3192 λέγουσι
860 3111 1024 3192 συνέσεως]
1063 3120 1165 3177 lntelli·

144 3199 251 3269 gantiae
266 3199 418 3272 Prophetas
441 3218 496 3256 nun
518 3202 638 3258 ueritatis
656 3202 805 3273 appellatos
821 3201 882 3257 ideo
897 3202 1069 3268 crediderim,
1095 3204 1164 3279 quod

144 3285 250 3339 tamelsi
283 3301 375 3339 rerum
407 3285 597 3341 altissimarum
631 3285 808 3359 intelligentia
837 3296 943 3350 essent,
976 3290 1165 3366 sapientiaque

142 3344 267 3441 praediti,
291 3386 345 3425 nen
369 3378 458 3425 tamen
480 3370 619 3427 mendacio
643 3371 716 3426 omni
739 3372 884 3427 caruerint.

233 3455 289 3512 143
305 3471 329 3509 a.
359 3440 457 3528 ἦλθεν
475 3444 616 3529 Ἰωάννης
637 3450 669 3511 ἓν
690 3447 768 3535 ὀδῷ]
791 3456 862 3511 llaec
886 3455 965 3511 rerba
988 3451 1022 3512 ἓν
1036 3449 1105 3538 ὁδῷ
1121 3453 1166 3514 δι-

143 3527 324 3613 καιοσύνης,
346 3538 387 3595 rel
408 3538 441 3594 ab
465 3539 613 3613 Epiphanio
635 3540 753 3606 inserta,
779 3541 819 3596 vel
841 3540 1012 3598 librariorum
1036 3543 1104 3600 vitto
1126 3545 1169 3600 in-

145 3631 221 3679 trusa
243 3632 316 3681 sunt.

231 3711 289 3766 143
306 3709 331 3765 d.
363 3702 520 3783 παρθένος
541 3701 575 3764 δὲ
603 3702 639 3765 οὐ
665 3709 814 3785 καλεῖται]
853 3712 917 3766 Vide
950 3712 1062 3768 omnino
1094 3729 1168 3788 quae

142 3791 248 3849 erudite
269 3795 302 3850 ad
323 3794 399 3850 illum
422 3794 515 3850 Esaiae
537 3793 625 3850 locum
652 3797 761 3852 disserit
783 3795 893 3853 Hieron.
917 3796 951 3853 de
973 3813 1041 3853 rece
1064 3795 1167 3860 nubs,

141 3878 169 3934 in
190 3894 243 3952 qua
264 3878 422 3935 calumniari
442 3879 533 3936 ludaei
555 3880 654 3936 solent.
685 3881 738 3937 Sed
760 3890 788 3937 et
811 3881 921 3937 desilies
944 3881 1010 3939 adl
1031 3882 1094 3939 Esa.
1111 3901 1166 3941 eu-

141 3963 202 4021 dem
224 3973 385 4039 argumento
406 3964 534 4021 adversus
548 3965 670 4022 'ludaeos
693 3966 788 4029 utitur,
812 3983 866 4037 quo
890 3966 1057 4040 Epiphanius
1079 3967 1169 4026 Ebio-

140 4049 211 4106 nitas
233 4050 380 4127 redarguit.
411 4049 498 4120 Quod,
522 4049 572 4106 nisi
595 4050 741 4124 parituram
764 4050 899 4124 Virginem
916 4051 1054 4125 Prepbeta
1075 4054 1170 4129 signi·
