2586 4822
117 751 181 817 292
344 790 365 808 .
575 761 687 813 erratu

118 920 147 980 el
168 916 204 979 di
222 938 254 998 γε
284 901 441 997 εὑρεθεῖεν
456 919 547 975 τοῦτο
569 919 739 988 ποιοῦντες,
767 909 908 973 ἴστωσαν
933 909 1138 997 ἀκοινώνητα,

118 1007 285 1082 Epiphanius
312 1013 408 1061 noster
434 1004 462 1059 in
491 1003 625 1077 Angelicis
647 1002 726 1059 llaer.
744 1004 819 1068 60‚t
851 1003 934 1060 docet
958 1004 1133 1078 Virginem

117 1092 218 1167 quibus
247 1090 405 1164 virginitatis
427 1089 553 1162 sponsio,
583 1104 663 1163 quam
685 1079 851 1162 ὃμολογίἀν
873 1089 1018 1154 nominat,
1047 1089 1133 1146 uiolata

118 1180 169 1241 sit,
199 1175 349 1232 consultius
371 1174 474 1239 lacere,
504 1174 527 1229 si
549 1189 579 1229 se
600 1173 727 1246 legitimis
749 1173 851 1245 nuptiis
873 1173 998 1248 illigent,
1029 1185 1060 1231 ut
1080 1185 1134 1248 post

119 1263 273 1318 diuturnam
289 1258 482 1333 poenitentiam
498 1257 633 1314 Ecclesiae
648 1257 865 1314 communionem
882 1259 1047 1332 impetrent.
1068 1260 1133 1316 don-

120 1347 183 1402 dum
205 1345 308 1402 sedicet
329 1362 360 1400 ea
382 1343 492 1417 sponsio
516 1352 605 1399 mutae
633 1343 770 1419 religionis
794 1353 867 1409 erat,
899 1353 932 1400 ut
954 1345 1063 1401 irritum
1083 1363 1133 1401 nn-

119 1431 274 1488 trtmonium
297 1429 406 1484 laceret.
437 1427 501 1483 Vide
524 1426 684 1501 Cypriauum
707 1426 792 1500 Epist.
815 1429 849 1483 ad
871 1426 1068 1503 Pomponium.
1089 1448 1132 1487 eu·

118 1515 161 1572 ius
176 1514 280 1570 initium
297 1521 348 1578 est,
370 1511 505 1586 “legimus
521 1512 612 1569 literas
628 1511 713 1568 tuas”.
744 1512 789 1568 Sic
800 1512 976 1570 Valentinum
993 1514 1129 1572 Concilium

119 1599 170 1657 sub
193 1599 306 1655 Damaso
329 1598 392 1654 Gan.
411 1599 444 1654 2:
478 1596 619 1668 Virpimes,
648 1614 720 1670 qaae
740 1613 770 1652 ee
792 1596 852 1652 Deo
872 1609 1032 1663 coemat,
1056 1602 1083 1656 si
1099 1600 1130 1655 ed

118 1692 246 1740 terrenas
272 1684 389 1755 maptias
418 1683 596 1746 transierint,
622 1683 824 1755 poeaitentiam
846 1699 936 1754 apere
959 1683 1045 1740 iulset
1083 1685 1129 1740 Eae

118 1787 201 1843 porro
224 1766 256 1823 ab
280 1767 413 1842 Episcopo
435 1766 675 1824 consecrabantur.
711 1767 787 1836 Quod
811 1784 845 1823 un
867 1767 1037 1826 Sacerdotes
1056 1786 1128 1825 usuu-

118 1862 224 1929 parent,
247 1853 355 1926 saepius
372 1853 552 1916 interdictum,
576 1860 606 1907 ot
622 1852 747 1926 Cumhag.
764 1854 782 1909 2
798 1861 825 1907 et
842 1855 870 1916 3,
895 1853 1015 1910 Basilius
1030 1853 1060 1910 ad
1073 1859 1129 1910 un·

118 1938 184 2012 plril.
209 1938 321 1996 Can.18
350 1937 454 1993 illarum
482 1929 647 2012 ὁμολογίαν
675 1937 760 2010 excipi
782 1936 858 1993 iubet
880 1954 957 1995 auno
980 1942 1076 1996 aetatis
1099 1940 1129 1997 tt

117 2023 160 2079 vel
186 2026 232 2080 ll.
277 2021 402 2079 Severius
429 2021 583 2095 agathense
608 2022 708 2078 Concil.
732 2023 858 2079 Camlti:
886 2023 1130 2088 sanctimoniales,

118 2107 320 2180 quantamlibet
346 2107 406 2161 nito
428 2122 526 2161 earam
548 2113 574 2160 et
593 2123 685 2162 mores
704 2108 819 2180 probati
839 2108 913 2173 sint,
944 2118 1015 2165 ante
1037 2127 1131 2166 aeuus

118 2192 221 2248 aetatis
241 2207 311 2246 suae
334 2193 373 2248 to
394 2206 452 2245 nom
474 2191 608 2246 velentur.
713 2207 717 2215 ⁴

207 2278 284 2333 1103
301 2274 327 2331 d.
358 2269 384 2330 el
405 2269 757 2350 attentissimam]
794 2276 822 2332 ln
845 2276 961 2334 llaenesi
985 2282 1073 2343 sat
1095 2289 1132 2336 to·

85 2405 93 2425 ,
117 2359 197 2417 leuari
219 2360 394 2417 nihilominus
416 2359 477 2416 illos
499 2361 526 2415 in
548 2360 667 2417 Ecclesia
690 2362 805 2426 dixerat,
833 2363 880 2434 qui
904 2373 972 2435 post
994 2363 1132 2421 disortium

117 2445 181 2502 alias
205 2462 302 2502 uxores
325 2445 376 2500 sibi
398 2445 565 2518 copularent.
602 2445 639 2501 lie
662 2464 716 2520 qun
738 2447 771 2504 ad
792 2445 867 2502 illum
890 2447 984 2504 locum
1009 2449 1132 2507 nonnulli

92 2552 95 2557 ¹
118 2531 284 2604 scripsimus.
330 2528 378 2586 llic
400 2539 506 2609 autem,
536 2546 598 2586 eunt
620 2530 754 2604 legitimos
776 2531 880 2588 scilicet
901 2542 932 2588 et
954 2546 1085 2608 receptos
1104 2533 1133 2592 alt

116 2615 235 2672 Ecclesia
258 2614 365 2671 ordines
387 2624 415 2671 et
436 2615 535 2688 gradem
557 2625 741 2689 percenseret,
764 2616 908 2689 diligentur
931 2621 1090 2676 mutiouexn
1103 2619 1133 2676 il·

116 2700 169 2757 lam
197 2700 339 2774 apposuit,
367 2699 477 2756 nonnisi
505 2708 567 2773 post
595 2701 693 2774 prioris
715 2701 837 2774 coniugis
860 2711 979 2760 mortem
1004 2705 1132 2762 secundus

116 2785 224 2859 nuptias
247 2783 401 2859 approbari,
424 2784 491 2849 etsi,
514 2785 554 2840 uti
576 2785 704 2849 diximus,
719 2784 837 2842 alterius
859 2788 972 2860 generis
997 2800 1130 2863 utcunque

99 2865 277 2927 tolerentur.
308 2869 465 2942 Quanquam
488 2869 615 2926 adversus
630 2870 759 2943 digamos,
782 2870 828 2943 qui
843 2871 937 2944 priore
954 2885 1073 2940 mortua,
1094 2873 1130 2931 al·

116 2963 201 3012 teram
224 2960 335 3011 uxorem
357 2956 502 3019 ducerent,
526 2955 645 3011 severior
666 2956 737 3029 apud
758 2956 885 3028 antiquos
907 2958 1056 3032 disciplina
1075 2960 1129 3016 luit.

23 3105 25 3108 v
115 3039 181 3095 llam
204 3039 286 3096 Cone.
309 3038 390 3095 Laod.
414 3039 501 3095 Cant
528 3039 563 3095 ita
586 3039 685 3095 sanxit:
713 3036 780 3116 περὶ
802 3042 868 3111 τοῦ,
890 3036 959 3098 δεῖν
979 3039 1063 3101 κατὰ
1083 3037 1130 3101 riv

116 3118 363 3197 ἐκκλησιαστικὸν
382 3118 503 3194 κανόνα,
523 3117 596 3191 τοὺς
616 3118 784 3199 ἐλευθέρως
804 3120 855 3180 καὶ
878 3125 1021 3200 νομίμους
1041 3146 1128 3186 συνσ-

115 3201 254 3283 patriae
268 3202 420 3282 δευτέροις
433 3203 550 3284 γάμοις,
570 3201 614 3283 μὴ
630 3206 848 3284 λαθρογαμίαν
860 3205 1057 3286 ποιήσαντας
1067 3206 1128 3271 dil·

114 3306 169 3364 γου
187 3282 302 3366 χρόνου
317 3287 537 3365 παρελθόντος,
560 3290 609 3349 καὶ
624 3287 841 3366 σχολασάντων
853 3297 923 3363 ταῖς
938 3299 1127 3372 προσευχαῖς,

115 3370 165 3428 καὶ
189 3371 337 3449 νηστείαις
357 3370 436 3432 κατὰ
457 3371 637 3454 συγγνώμην
650 3371 859 3434 ἀποδίδοσθαι
875 3373 985 3449 αὐτοῖς
997 3378 1056 3459 τὴν
1067 3400 1128 3439 κοι-

108 3457 226 3515 νωνίαν
252 3450 416 3536 ὡρίσαμεν.
463 3460 499 3516 m
518 3465 668 3518 secandam
689 3463 835 3520 Ecclesiae
858 3463 1005 3523 Cononem
1026 3469 1076 3541 aaa·
1094 3468 1127 3525 li·

115 3544 180 3617 dore
200 3561 236 3600 aa
257 3544 377 3617 lepitime
397 3547 528 3601 secandis
549 3549 656 3621 nuptiis
674 3549 780 3620 illipati
800 3549 871 3614 sint,
900 3566 995 3624 meque
1016 3554 1126 3609 eiusde»

113 3629 215 3684 atinam
236 3631 443 3686 matrimonium
464 3630 588 3697 ememor,
611 3635 711 3704 eaipao
727 3642 847 3706 tompore
861 3635 1033 3710 imteriapeo,
1050 3645 1125 3710 post·

113 3725 199 3781 qaam
223 3715 356 3786 procidas
383 3724 410 3770 et
432 3714 546 3771 ieiuniis
567 3719 745 3782 manauerint,
775 3720 932 3775 communio
952 3722 1016 3778 ittte
1037 3723 1125 3778 istm

111 3801 220 3864 pcatar.
250 3797 475 3855 Nasicaesariense
497 3801 685 3873 vereduni:
708 3798 931 3881 Πρεσβύτεηον
952 3802 998 3873 εἰς
1012 3798 1124 3884 γάμους

113 3870 323 3953 διγαμούντων
348 3872 392 3957 μὴ
414 3873 592 3940 ἑστιᾶσθαι·
621 3882 684 3943 ε’πελ
704 3882 870 3960 μετάνοιαν
891 3883 1055 3959 αἶτοῦντος
1075 3892 1125 3949 τοῦ

104 3955 259 4038 'deprimam
287 3962 334 4032 τίς
360 3961 443 4025 ἔσται
471 3958 488 4025 ὁ
517 3965 738 4048 πρεσβύτερος,
765 3965 783 4029 ὁ
812 3966 864 4028 διὰ
887 3975 943 4048 τῆς
965 3966 1125 4043 ἑστιάσεως

111 4045 408 4123 συγκατατιθέμενος
427 4053 492 4119 τοῖς
511 4047 621 4130 γάμοις
627 4075 639 4127 ‚-
660 4055 737 4113 Vetat
751 4057 946 4133 Presbyterum
960 4062 1125 4137 digamorun
