2586 4822
168 756 210 821 56
349 767 381 822 V.
415 769 611 821 ουκακιον
626 769 690 818 m
707 768 782 817 που
799 766 1003 819 θυοτατιον.

168 920 325 1006 Χριστόν.
362 922 512 1009 Σεραφὶμ
534 926 661 1005 γέγονεν
684 915 898 1007 ἡπαρθένυς,
920 913 939 1006 ἡ
964 917 1139 999 πολυώνυμ

166 1021 220 1086 καί
253 1017 489 1102 πολυόμμοτος
519 1020 577 1104 τῆς
604 1012 836 1102 ἀκαταλήπτου
858 1022 950 1094 θέας.
996 1020 1102 1099 σκέπη
1128 1038 1139 1079 τ

167 1115 272 1200 νοερὰ,
297 1110 337 1182 δι’
362 1110 583 1200 οίκουμενικοῦ
606 1113 762 1197 σώματος
782 1109 966 1198 εὑρεθεῖσα,
989 1111 1031 1178 τά
1050 1117 1139 1197 Χερο

165 1215 226 1298 βίμ
245 1209 499 1299 ὑπερβαίνουσα.
544 1212 650 1279 ίκεῒνα
671 1213 730 1294 μὲν
752 1211 812 1295 γάρ
836 1207 1107 1295 ἀποστρέφονται
1133 1244 1139 1291 1

142 1310 328 1394 ιδυνάμενα
349 1306 497 1377 ἀτενίσαι
517 1309 602 1393 πρὸς
616 1308 733 1396 νοητόν
749 1313 814 1391 πῦρ
830 1312 887 1396 τῆς
902 1307 1072 1390 θεότητος,
1096 1300 1139 1372 αῦ

165 1407 201 1475 δὲ
222 1417 354 1492 τρανοίς
376 1405 520 1492 ῦμμασιν
549 1406 775 1487 ίνατενίζυυσα
802 1408 841 1471 τό
863 1401 1094 1485 ἀκατάληπτον
1122 1430 1139 1471 κ

164 1499 340 1592 ἀκοίμητον
363 1502 453 1588 ύμμα
474 1507 622 1588 Χριστοῦ
644 1508 804 1570 ποθοῦσα
825 1507 877 1569 καὶ
900 1504 1044 1590 φιλοῦσα
1066 1496 1139 1591 ἠσπ

164 1602 244 1682 ζετο.
276 1606 428 1688 στρατιαὶ
448 1597 591 1687 ἀγγέλων
613 1597 802 1668 ὑποπόδιον
824 1596 890 1667 Ιτῶν
907 1601 1020 1666 ποδῶν
1035 1602 1095 1665 τοῦ
1111 1622 1139 1667 σι

163 1701 260 1788 τῆρυς
281 1706 551 1784 προσπίπτοντες
566 1697 641 1766 ούτε
656 1699 738 1766 ίδεῒν
759 1697 834 1765 ούτε
849 1701 1070 1782 προσφαῦοαι
1087 1696 1139 1781 ίσχ

126 1817 270 1878 Ιοουσιν,
300 1793 381 1883 αῦτη
410 1799 446 1865 δέ
471 1799 560 1884 χείλη
587 1799 710 1881 χείλεσι
739 1797 953 1863 συνάπτουσα
974 1795 1031 1860 τὸν
1054 1791 1139 1861 άκατ

162 1894 287 1981 ληπτον
308 1890 483 1983 ἠσπάζετο.
521 1885 547 1960 ὦ
569 1901 719 1978 παρθένε
740 1889 971 1980 άκαταλήπτου
993 1900 1139 1979 μυστηρί

162 1998 308 2077 φέρουσα
330 1997 455 2075 θαῦμα,
489 1992 696 2079 τριπόθητον
725 2000 840 2058 πίστιν
862 1994 901 2076 τῇ
925 1990 1097 2078 οἰκουμένη
1121 2016 1139 2057 κ

161 2088 294 2171 ρύξασα.

242 2180 402 2271 Ἀγγέλιον
425 2182 571 2269 άνιοτέρα
592 2191 719 2270 γέγονεν
748 2184 765 2271 ἡ
790 2192 970 2269 παρθένος,
1002 2185 1139 2267 μειζοτέι

123 2285 225 2353 λιτῶν
240 2286 409 2368 Χερουβὶμ
430 2285 483 2349 καί
505 2286 572 2348 τῶν
586 2285 747 2369 Σερυφὶμ,
776 2278 959 2367 ἀρέσκουσα
981 2286 1027 2368 τῷ
1041 2284 1139 2366 βασιλ

159 2384 311 2467 Χριστῷ,
346 2377 391 2459 ὡς
419 2375 494 2460 ἀξία
524 2380 621 2467 δούλη
654 2386 709 2446 καὶ
735 2381 840 2466 μήτηρ
868 2386 1052 2466 τιμηθείσα
1079 2406 1139 2465 παρ

160 2481 240 2565 θεῷ.
279 2474 356 2562 ἀμία
376 2478 480 2566 μητηρ
503 2472 671 2561 άμόλυντε,
697 2472 713 2564 ἡ
736 2477 793 2543 τὸν
815 2476 883 2561 πρὸ
906 2480 965 2543 σοῦ
988 2477 1139 2564 γεννήσαι

159 2577 305 2662 Χριστόν
319 2575 377 2641 τόν
392 2576 529 2643 είπόντα
545 2572 804 2660 “πρίνἈβραάμ
819 2581 974 2661 γενέσθαι
992 2575 1054 2658 ίγιύ
1071 2576 1140 2659 είμι

158 2669 177 2758 ἦ
200 2673 238 2739 τὸ
261 2672 425 2761 σπήλαιον
447 2673 616 2753 δοξάσασα
642 2675 694 2738 καί
718 2672 776 2758 τὴν
798 2672 924 2759 φάτνην
952 2673 1139 2757 μεγαλύνασ

118 2795 149 2845 2ο
158 2777 328 2855 παρθένος
349 2770 409 2856 γὰρ
431 2773 483 2837 καί
507 2768 671 2854 σπήλαιον
693 2772 745 2835 καί
771 2771 876 2858 φάτνη
900 2765 1039 2853 ούρανοῦ
1055 2770 1139 2837 κύκλι

158 2869 283 2950 ἓχουτες
304 2866 386 2935 θεὸν
408 2864 574 2954 ἀχώρητυν
597 2868 724 2955 ἔφερον,
752 2868 785 2934 οἱ
806 2879 894 2952 τρεῖς
916 2871 954 2954 τῇ
977 2866 1087 2952 τριάδι
1111 2890 1139 2935 σι

158 2969 230 3050 φιῦς
252 2966 544 3051 λειτουργήσαντες,
569 2961 624 3033 ὅτε
644 2961 663 3052 ἡ
686 2972 857 3050 παρθένος
880 2962 1014 3043 ἀπόνως
1035 2965 1093 3031 τὸν
1116 2988 1139 3033 ο

157 3065 257 3145 ρανοῦ
285 3061 340 3127 καί
367 3065 424 3148 γῆς
446 3061 609 3149 δεσπότην
640 3063 675 3130 έν
702 3067 749 3149 τῷ
779 3065 932 3150 σπηλαίῳ
960 3063 1109 3148 κυήσασα
1137 3112 1139 3121 ·

156 3163 195 3245 τῆ
218 3157 324 3245 φάτνῃ
347 3160 455 3239 ἔθετο,
478 3160 553 3225 τότε
574 3166 627 3226 καί
643 3161 752 3239 τάξεις
767 3156 909 3247 ἀγγέλων
925 3161 982 3245 τὴν
999 3166 1139 3244 παρθένε

116 3281 147 3331 25
158 3256 339 3323 ἐκύκλωσαν
371 3260 514 3341 βοῶντες
546 3262 598 3323 καί
629 3259 776 3343 λέγοντες
812 3260 912 3336 ’δόξα
946 3257 979 3323 ἐν
1015 3253 1139 3339 ύψίστο

154 3357 236 3439 θεῷ,
259 3356 311 3419 καί
336 3353 391 3421 ίπί
414 3358 471 3441 γῆς
486 3354 603 3442 εἰρήνη,
628 3354 661 3421 ἐν
683 3350 880 3440 ἀνθρώποις
896 3353 1054 3421 εύδοκία.”
1088 3352 1139 3422 ὅθ.

154 3454 207 3517 καί
240 3457 396 3534 ποιμένες
432 3448 667 3538 ἀγραυλοῦντες
698 3451 756 3540 τὴν
790 3452 943 3538 τοιαύτην
977 3453 1139 3539 δοξολογίι

153 3550 220 3615 τῶν
235 3542 378 3634 ἀγγέλων
392 3548 535 3636 ἤκουσάν
549 3575 585 3616 τε
606 3553 682 3634 περὶ
706 3552 764 3615 τοῦ
788 3553 934 3636 σωτῆρος
955 3552 1009 3615 καὶ
1028 3553 1077 3636 τῷ
1093 3552 1139 3637 δρι

152 3671 204 3733 μφ
232 3647 441 3730 βαδίσαντες,
470 3645 509 3711 τό
538 3649 610 3733 φῶς
638 3647 901 3731 προσεκύνησαν,
933 3650 1023 3726 ξένον
1052 3651 1139 3733 θαῦμ

111 3769 144 3819 30
153 3743 366 3826 θεασάμενοι,
388 3744 446 3827 τὴν
469 3743 587 3829 δούλην
608 3747 666 3809 τοῦ
690 3744 855 3811 δεσπότου
877 3748 929 3811 καὶ
947 3743 1005 3830 τὴν
1021 3743 1139 3831 ε’·πίγειι

152 3846 333 3927 παρθένον,
357 3835 508 3924 οῦράνιον
530 3839 667 3928 νύμφην.
712 3838 792 3928 αῦτη
815 3842 875 3926 γάρ
904 3846 956 3908 καὶ
980 3842 1090 3929 νύμφη
1113 3870 1139 3911 ιιι

152 3937 283 4016 παστὰς
305 3939 357 4003 καί
380 3940 463 4004 θεοῦ
484 3937 588 4025 μήτηρ
612 3936 714 4025 ὤφθη
737 3939 770 4005 ἐν
792 3944 838 4025 τῷ
861 3942 1024 4026 σπηλαίῳ,
1052 3937 1139 4009 ότιι

151 4038 274 4122 βρέφος
303 4034 390 4102 ἔτεκε
410 4035 573 4120 Χριστόν,
606 4035 689 4101 κατὰ
715 4037 773 4123 την
802 4037 1008 4124 προφητικην
1027 4032 1139 4107 Ἡσαΐι
