2586 4822
158 749 220 811 its
611 758 724 809 reritn

152 917 337 994 χειροτονεῖν
364 913 481 995 τολμᾷν
508 907 579 988 δι’χα
606 913 660 969 τοῦ
690 908 721 969 ἓν
705 913 785 990 ντῇ
813 904 897 969 πόλει
923 895 1175 981 Ἐπισκόπσιι,
1155 931 1176 990 ῃ

156 997 329 1060 απόκεινται
353 973 454 1067 αὐτός
466 1017 497 1055 τε
520 1016 570 1054 και
591 1017 603 1052 ι
601 989 727 1071 [χώρα.
764 992 790 1053 el
811 991 845 1053 di
866 991 1030 1098 τολμήσειὲ
1049 1013 1098 1064 τις
1117 1016 1176 1053 σα-

158 1086 290 1168 ραβῆναι
313 1105 350 1141 τα
339 1077 547 1160 ὁρισθέντα,
570 1081 791 1158 καθαιρεῖσθαι
815 1073 910 1138 αὐτὸν
930 1065 1024 1136 καὶ
1004 1100 1042 1157 ης
1062 1076 1177 1181 μετέχει

50 1201 56 1208 ·
159 1176 264 1247 τιμῆς·
288 1164 530 1243 Xn‘rpsnrcuonor
552 1162 586 1224 δὲ
606 1160 782 1243 γίνεσθαι
765 1161 826 1224 ond
849 1168 903 1225 τοῦ
925 1170 982 1242 τῆς
1002 1147 1177 1244 πόλεως,ᾗ

157 1250 313 1314 ὑπόκειται
334 1247 526 1310 ’.Επισκόποα
571 1253 656 1321 Quem
680 1252 814 1309 Cononem
842 1253 881 1308 sic
904 1253 1017 1308 Latinus
1039 1253 1176 1325 interpres

104 1403 109 1415 ,
159 1341 286 1399 reddidit:
320 1339 533 1411 Cborepiscopi,
562 1338 677 1394 tametsi<
697 1353 799 1394 nunus
819 1338 1028 1410 inpositionem
1050 1339 1089 1393 ob
1110 1337 1176 1410 Epi·

158 1443 243 1499 scopo
265 1431 447 1496 susceperunt
469 1431 495 1477 et
516 1431 546 1477 ut
567 1423 702 1496 Episcopi
722 1431 787 1478 sunt
809 1424 974 1487 consecuti,
1000 1431 1095 1477 tomen
1113 1424 1175 1495 pls·

159 1513 216 1566 cuit
238 1517 354 1566 sunctae
376 1508 487 1579 Spnodo
516 1524 562 1562 eos
584 1510 695 1563 niodum
712 1508 861 1580 proprium
881 1509 1005 1562 retinere
1027 1509 1055 1562 e't
1074 1510 1175 1578 pubes·

158 1611 230 1651 nure
253 1595 414 1650 adiacentes
435 1594 491 1648 sibi
513 1595 649 1657 ciuitates,
672 1601 697 1648 ct
720 1609 779 1647 esse
801 1600 943 1648 contentos
964 1594 1089 1665 proprio
1108 1593 1174 1647 seii-

159 1680 291 1744 citudine,
315 1687 341 1733 et
361 1679 578 1750 puberocticne,
601 1694 685 1750 quoni
704 1686 894 1749 suscepensnt.
926 1676 1101 1733 Constituere
1120 1693 1173 1731 uu·

160 1773 214 1821 tcsn
234 1765 278 1820 bis
298 1765 472 1837 permittitur
494 1764 637 1827 Doctores,
667 1770 693 1818 et
713 1761 921 1826 subdiaconos,
950 1771 1040 1835 utque
1057 1760 1171 1817 Bauci-

160 1859 227 1915 stcs,
250 1851 349 1922 quitus
371 1849 494 1923 sufficiat
514 1850 632 1903 istorum
653 1855 759 1903 tontum
778 1849 917 1918 ριαάαιιιιι
939 1848 1083 1903 licentium
1096 1861 1173 1902 occe·

101 1931 108 1954 “
156 1936 243 2010 pisse.
273 1933 338 1990 Non
360 1943 453 1989 autent
475 1933 678 2003 Presbyterum,
700 1949 758 1987 non
775 1931 931 1987 Diaconum
953 1934 1082 1988 oudwnt
1102 1932 1174 1988 orli-

159 2036 231 2075 nore
256 2026 374 2091 praeter
402 2019 601 2073 conscientiam
619 2017 757 2090 ‘Episcopi
785 2018 921 2081 civitatis,
949 2019 996 2074 cel
1024 2017 1173 2080 Ecclesiae,

161 2106 208 2159 cui
229 2104 363 2158 adiacens
384 2103 540 2166 inuenitur,
566 2118 617 2156 scu
637 2104 706 2174 ipse,
729 2117 779 2157 seu
800 2103 891 2172 sepio,
913 2103 945 2156 in
967 2118 1027 2175 quc
1044 2117 1174 2176 prome

161 2189 336 2259 dipnoscitur
356 2194 407 2240 etc.
453 2186 673 2259 chorepiscopus
701 2195 795 2242 cutem
822 2189 858 2241 ab
879 2185 1025 2259 Episcopo
1047 2188 1171 2249 ciuitatis.

161 2274 206 2328 oei
233 2273 302 2337 loci,
333 2272 379 2326 cui
405 2273 478 2327 idem
501 2273 620 2335 odiuoet,
644 2273 818 2327 ordinandus
841 2279 889 2326 est.
934 2271 1068 2328 Poterant
1090 2273 1172 2345 itaque

110 2356 348 2418 neSubdiaeonos
371 2373 401 2411 ac
423 2358 542 2412 minores
562 2356 679 2412 Ciericos
702 2356 836 2420 ordinare,
860 2365 887 2411 et
909 2373 972 2411 vero
990 2357 1170 2431 Presbyteros,

162 2460 193 2498 ac
215 2442 361 2505 Diaconos,
393 2441 415 2495 si
443 2441 476 2496 ab
505 2441 637 2514 Episcopo
666 2441 744 2497 tieret
772 2449 900 2514 potestas.
946 2441 1039 2509 Quare
1066 2441 1170 2517 amplius

161 2527 287 2601 quiddam
310 2534 387 2582 erant
408 2542 488 2599 quam
511 2526 665 2599 Presbyteri
688 2534 723 2588 et,
758 2526 780 2581 si
802 2542 894 2581 verum
917 2527 1093 2598 quaerimus,
1115 2525 1170 2600 lipi-

162 2613 238 2686 scopi
261 2621 346 2674 erant,
371 2627 431 2666 cum
454 2610 487 2665 ab
510 2611 562 2666 aiio
584 2628 664 2684 quom
687 2610 720 2666 ab
744 2610 876 2684 Episcopo
899 2610 1020 2666 ordinari
1047 2611 1171 2668 Sacerdo-

162 2707 204 2753 tes
232 2713 263 2753 ac
286 2696 394 2752 Diaconi
422 2695 517 2751 saitem
546 2704 690 2768 nequeant.
736 2694 780 2751 Sic
808 2694 879 2751 enim
901 2697 1088 2768 argumentari
1107 2696 1170 2752 iicet

163 2783 229 2838 Cum
253 2779 421 2837 insecundo
444 2781 661 2853 Apostolicorum
684 2781 822 2836 [Iunonum
852 2780 1052 2854 praescriptum
1084 2783 1117 2837 sit
1142 2787 1171 2834 ut

162 2866 195 2922 ob
218 2883 273 2922 uno
296 2866 428 2939 Episcopo
451 2865 597 2939 Presbyter
619 2875 645 2920 ot
669 2864 800 2921 Diaconos
828 2881 860 2921 ac
892 2864 990 2938 reliqui
1015 2863 1111 2923 Clerici
1129 2881 1172 2921 oc

162 2951 306 3016 dicentur,
330 2951 521 3023 chorepiscopi
544 2959 633 3009 cirtem
649 2949 845 3014 subdiaconos,
867 2950 1068 3024 inferioresque
1090 2958 1174 3008 caele

162 3053 208 3092 ros
236 3052 287 3108 per
314 3052 391 3100 sese,
421 3034 599 3108 Presbyteros
628 3051 658 3090 ac
680 3034 812 3090 Diaconos
841 3033 1018 3108 permittente
1047 3036 1174 3110 Episcopo

162 3136 323 3176 consecrare
345 3120 491 3192 potuerint,
516 3136 627 3175 necesse
650 3127 692 3175 est
713 3118 773 3175 illos
796 3118 944 3192 Episcopus
966 3119 1062 3177 luisse.
1093 3124 1175 3196 ttqae

163 3203 216 3259 hoc
243 3203 385 3276 perspicue
409 3203 499 3258 Canon
523 3205 709 3260 Antiochenus
740 3203 888 3276 significat,
918 3220 979 3260 corn
1011 3206 1049 3261 ait
1078 3200 1106 3262 sl
1130 3198 1176 3260 sui

97 3292 102 3302 “
158 3282 357 3364 χειροθεσίαν
378 3277 436 3342 sisu
454 3278 642 3344 ‘Enrcudncou
662 3282 828 3365 εἰληφότες.
856 3288 935 3357 Quod
959 3289 1105 3363 Dionysius
1119 3288 1176 3347 Eri-

60 3384 63 3388 ·
162 3387 233 3445 girus
268 3371 304 3425 ita
334 3371 427 3426 vertit·
462 3372 589 3443 quanvis
615 3388 716 3428 monus
742 3374 947 3446 impositionem
974 3373 1177 3449 Episcopem

159 3456 339 3531 perceperint
362 3464 387 3509 et
409 3463 439 3510 ut
459 3454 595 3530 Episcopi
616 3459 773 3513 consecrati
793 3459 858 3514 sisu
902 3457 956 3513 Sed
979 3469 1008 3514 et
1031 3460 1178 3517 Neocaesa-

163 3543 254 3597 riense
270 3540 417 3596 Concilium
434 3541 497 3597 Gan.
510 3543 546 3599 13
570 3558 631 3598 cum
654 3543 838 3615 prohibuisset
860 3558 894 3598 ne
916 3536 1074 3620 ἐπιχώριοι
1096 3539 1177 3620 Πρι-

163 3619 306 3701 σβῦτεροι
329 3627 410 3698 (quos
433 3626 613 3697 Presbyteros
633 3629 711 3682 ruris
733 3628 928 3701 interpretetur
950 3626 1106 3702 Dionysius.
1131 3629 1177 3685 aiis

165 3709 303 3766 &nonum
319 3709 406 3766 Editio
429 3708 654 3787 conrepionoles)
678 3707 709 3768 tv
694 3727 865 3791 νιιαριαιιῳ
888 3713 942 3787 τῆς
958 3706 1079 3781 πόλεως
1091 3730 1176 3771 conat

163 3794 313 3869 Episcopo,
344 3794 385 3852 vei
413 3795 489 3851 urbis
512 3796 675 3870 Presbytero
704 3795 868 3853 oblationem
889 3796 1019 3853 iacerent
1049 3807 1078 3855 et
1099 3798 1176 3855 sacas

163 3886 357 3954 operarentur.
387 3880 483 3937 eodem
506 3880 630 3946 Canone,
659 3883 809 3938 secundum
832 3881 936 3937 latinas
961 3881 1117 3948 Editioues‚
1139 3881 1179 3938 rel

163 3963 297 4038 omenti,
320 3974 352 4020 ut
373 3964 467 4021 Graeci
488 3965 595 4023 codices
617 3965 733 4030 habent,
759 3966 966 4040 Cborepiscopis
988 3968 1016 4022 id
1039 3968 1176 4042 permittit,

163 4049 238 4122 quod
266 4051 330 4116 τοῖς
356 4044 526 4128 ἐπιχωρίαις
547 4044 777 4129 Πρεσβιιτίροις
803 4059 962 4126 negaverat:
993 4045 1023 4107 oi
1045 4049 1080 4110 δέ
1095 4070 1179 4129 χαρ-
