2586 4822
467 849 542 899 tcta
558 844 784 901 uottauutnrta.
1065 854 1139 901 autu

112 1004 149 1062 ad
171 1020 220 1062 eos
242 1004 340 1063 erebro
361 1005 518 1069 direximus,
542 1022 577 1061 ne
599 1005 756 1062 viderentur
775 1005 891 1082 quadam
913 1007 1012 1065 duritia
1026 1017 1055 1066 et
1069 1026 1139 1068 eon-
1224 1030 1227 1035 ·

112 1090 229 1148 seientia
250 1098 344 1147 nostra
366 1091 493 1164 antiquae
515 1089 577 1147 fidei
599 1089 632 1146 ab
656 1088 774 1147 Ecclesia
797 1093 932 1166 separari,
949 1094 1137 1152 'ordinavimus

112 1175 274 1241 diaconum,
304 1184 333 1232 et
353 1182 498 1250 postquam
520 1175 679 1231 ministravit
701 1192 797 1232 rursus
819 1176 1025 1250 presbyterum:
1055 1196 1138 1254 super

113 1277 173 1337 quo
198 1258 333 1317 debueras
361 1259 507 1334 gratulari,
537 1260 690 1333 intelligens
713 1262 787 1334 quod
809 1260 844 1318 ob
868 1261 914 1318 uei
937 1264 1061 1319 timorem
1085 1266 1137 1323 boo

113 1360 212 1402 snmus
234 1346 323 1403 lacere
345 1345 478 1420 compulsi
491 1386 582 1401 .....

205 1433 253 1489 ll).
295 1430 384 1487 “Gom
406 1431 478 1486 enim
500 1431 625 1487 vidissem
647 1431 709 1505 quia
734 1430 879 1487 multitudo
901 1441 1057 1489 sanctorum
1080 1433 1137 1490 lra-

112 1524 188 1572 trnm
212 1515 239 1572 in
261 1517 427 1572 monasterio
449 1515 622 1579 consisteret,
645 1525 673 1572 et
687 1517 773 1573 sancti
789 1516 940 1590 presbyteri
957 1517 1136 1592 Hieronymus

111 1617 146 1657 ae
170 1600 336 1666 Vincentius,
358 1610 473 1675 propter
492 1600 680 1657 verecundiam
704 1609 732 1657 et
754 1602 941 1665 humilitatem,
968 1603 1065 1659 nolens
1086 1605 1137 1661 ‹le-

111 1685 172 1742 bita
200 1685 302 1741 nomini
331 1702 381 1741 suo
410 1701 538 1742 exercere
566 1685 710 1749 sacrificia,
740 1694 768 1742 et
790 1686 914 1743 laborare
937 1689 963 1743 in
987 1688 1037 1744 bac
1059 1699 1137 1762 parte

110 1771 257 1827 ministerii
278 1786 348 1844 quae
370 1771 585 1827 Christianorum
608 1771 752 1844 praecipua
774 1771 847 1827 salus
869 1781 925 1835 esta
949 1772 1068 1829 invenire
1084 1791 1136 1829 au·

111 1864 170 1913 tem
193 1864 221 1912 et
242 1857 490 1929 comprehendere,
514 1856 560 1931 qui
584 1864 610 1912 te
633 1859 678 1922 (eo
701 1856 774 1929 quod
796 1874 877 1930 grave
899 1874 969 1913 onus
992 1860 1135 1916 sacerdotii

110 1941 200 1997 nollet
228 1941 380 2014 suscipere)
409 1958 490 2015 saepe
518 1940 653 2014 fugiebat,
683 1958 735 1997 uec
762 1940 831 1997 alius
859 1944 920 2018 quis
943 1942 1135 2016 episcoporum

110 2026 191 2083 facile
213 2042 276 2082 eum
297 2026 431 2099 reperiret
456 2026 590 2095 (undeet
613 2026 677 2081 satis
700 2027 812 2082 miratus
834 2044 894 2083 sum
917 2027 1055 2103 quomodo
1078 2029 1136 2083 dis-

109 2111 274 2186 pensatione
297 2111 342 2168 liei
365 2111 399 2167 ad
421 2127 472 2167 nos
493 2110 597 2167 venerit
619 2127 680 2166 cum
703 2110 822 2167 diaconis
843 2113 1000 2168 monasterii
1023 2123 1050 2168 et
1070 2130 1136 2170 cae-

110 2197 180 2254 teris
202 2195 346 2261 iratribus,
370 2205 401 2252 ut
422 2196 488 2252 mihi
511 2195 695 2258 satisfaceret,
717 2197 780 2270 quia
804 2198 896 2253 nescio
918 2197 982 2271 quiid
1004 2199 1135 2255 adversus

111 2299 159 2340 eos
184 2281 316 2337 habebam
340 2282 478 2353 tristitiae)
500 2298 576 2343 cuni,
606 2281 731 2355 inquam,
763 2282 949 2338 celebraretur
970 2282 1083 2339 collecta
1107 2284 1133 2339 in

110 2367 226 2425 ecclesia
250 2367 326 2422 villae
348 2384 418 2441 quae
441 2375 483 2423 est
501 2366 573 2421 irrata
590 2368 783 2422 monasterium
799 2375 940 2433 nostmm;
963 2368 1133 2439 ignorantem

110 2469 173 2510 enm
203 2461 232 2507 et
253 2451 353 2508 nnllam
376 2452 485 2525 penitus
508 2451 653 2507 habentem
676 2452 858 2525 suspicionem
881 2452 1051 2525 permultos
1074 2454 1135 2508 dia·
1158 2460 1177 2519 ι

110 2554 197 2595 conos
218 2537 386 2610 apprehendi
408 2536 545 2598 iussimus,
570 2544 597 2592 et
620 2537 706 2591 teneri
728 2553 761 2593 os
783 2537 851 2599 eius,
875 2553 910 2593 ne
931 2537 1002 2593 lorte
1024 2537 1133 2593 liberari

110 2642 138 2681 se
160 2621 278 2695 cupiens
300 2621 436 2677 adduceret
458 2637 509 2676 nos
531 2637 581 2694 per
603 2636 701 2676 nomeu
719 2621 834 2678 Christi:
858 2632 885 2677 et
908 2623 1023 2695 primum
1039 2621 1134 2678 diaeo·

110 2724 175 2765 num
205 2706 403 2770 ordinavimus,
433 2713 620 2780 proponentes
648 2706 673 2761 ei
695 2707 819 2763 timorem
843 2706 906 2762 liei:
934 2706 1010 2762 ualde
1032 2707 1133 2779 quippe

110 2790 301 2855 obnitebatur,
332 2791 471 2866 indignum
494 2806 523 2846 se
546 2806 608 2846 esso
629 2800 796 2847 contestans.
842 2792 887 2847 Vix
910 2808 975 2864 ergo
998 2792 1134 2864 compuli-

110 2894 170 2935 mus
199 2892 263 2932 eum
292 2884 320 2933 et
345 2877 512 2950 persuadere
535 2876 673 2949 potuimus
696 2877 858 2933 testimoniis
881 2877 1081 2949 scripturarum
1105 2884 1133 2932 et

110 2964 299 3021 mandatorum
316 2961 371 3017 llei.
403 2962 519 3017 Etcum
543 2961 708 3018 ministraret
729 2962 756 3018 in
779 2962 879 3018 sanetis
897 2960 1044 3023 sacrificiis,
1068 2977 1133 3017 rur·

112 3066 158 3105 aus
183 3062 257 3110 eum,
282 3046 385 3120 ingenti
400 3046 558 3103 difficultate
574 3054 650 3101 tento
666 3064 714 3103 ore
730 3047 798 3111 eius,
822 3046 1001 3103 ordinavimus
1016 3045 1134 3120 presby-

110 3142 214 3197 terum,
239 3139 268 3187 ct
289 3130 384 3187 iisdem
407 3131 511 3195 verbis,
539 3130 638 3203 qitibus
661 3142 739 3188 antea
761 3148 949 3195 suaseramus,
977 3131 1132 3203 impulimus

110 3230 138 3277 ut
160 3218 272 3275 sederet
296 3217 322 3271 in
345 3217 440 3272 ordine
463 3215 625 3290 presbyteri.
656 3218 721 3273 Post
743 3216 811 3273 haec
832 3217 989 3290 scripsimus
1013 3216 1045 3272 ad
1067 3233 1134 3271 satt-

111 3314 167 3361 ctos
190 3301 368 3377 presbyteros
391 3303 547 3357 monasterii
569 3310 596 3357 et
618 3311 741 3359 caeteros
763 3302 869 3367 fratres,
893 3311 921 3358 et
936 3301 1132 3374 increpavimus

111 3404 165 3453 eos,
190 3402 278 3462 quare
300 3402 353 3441 non
377 3386 551 3459 scripsissent
572 3403 656 3461 super
677 3404 710 3444 eo
733 3390 806 3451 (eum
828 3394 891 3443 aute
913 3401 1014 3442 annum
1030 3386 1131 3442 multos

111 3488 204 3531 comm
228 3471 305 3545 queri
328 3470 479 3536 audissem,
509 3488 559 3526 cur
583 3487 637 3527 non
661 3472 794 3529 baberent
815 3473 861 3545 qud
884 3471 935 3528 sibi
958 3471 1063 3527 llomini
1086 3488 1133 3526 sa-

111 3566 247 3615 cramenta
270 3556 446 3620 conncerem,
470 3565 498 3612 et
520 3556 594 3612 illum
616 3574 711 3613 omnes
733 3574 785 3613 suo
802 3567 948 3631 poscerent
965 3556 1129 3619 testimonio,

111 3654 134 3701 et
156 3642 290 3719 grandem
313 3641 456 3698 utilitatem
474 3643 500 3696 in
517 3644 654 3698 communi
670 3643 826 3699 monasterii
842 3650 1020 3703 testarenturt
1035 3656 1129 3716 quare,

110 3726 229 3806 iuquam,
253 3736 319 3784 tuno
342 3734 449 3800 reperta
472 3729 675 3799 opportunitate
698 3744 752 3784 non
775 3728 949 3800 scripsissent
968 3727 1056 3789 nobis,
1080 3742 1133 3780 ne-

111 3828 159 3887 que
182 3811 462 3888 superordinatione
484 3813 543 3867 eius
565 3813 665 3888 aliquid
687 3813 888 3887 poposcissent.
920 3812 991 3868 llaec
1014 3813 1049 3866 ita
1072 3819 1131 3865 acta

110 3908 187 3964 sunt,
212 3908 245 3954 ut
267 3896 375 3953 locutus
398 3912 473 3961 sum,
506 3897 533 3952 iu
555 3899 666 3955 caritate
689 3898 804 3963 Christi,
827 3913 907 3971 quam
931 3907 957 3953 te
979 3913 1043 3969 erga
1067 3910 1132 3968 par·

110 3985 215 4041 vitatem
239 3998 325 4039 meam
349 3979 450 4038 habere
472 3981 631 4039 credebam:
655 3999 809 4058 quanquam
832 3983 857 4038 in
874 3982 1039 4039 monasterio
1054 3979 1131 4034 ordi-

111 4070 237 4133 naverim,
261 4077 288 4125 et
309 4082 365 4123 non
387 4067 415 4122 iu
436 4068 564 4140 parochia
586 4084 656 4141 quae
680 4068 726 4123 tibi
749 4067 871 4124 subiecta
887 4069 922 4122 sit
936 4106 1028 4122 .....
1059 4063 1129 4132 Quid

113 4168 172 4230 ergo
202 4153 252 4210 tibi
280 4153 368 4209 visum
396 4161 439 4208 est
466 4153 506 4209 sic
527 4155 644 4228 graviter
666 4153 848 4210 intumescere
870 4162 896 4209 et
919 4151 1010 4208 iactari
1033 4157 1129 4206 contra
