2586 4822
201 803 261 866 lbtt
544 814 621 864 arant
640 814 680 865 nu
697 815 738 865 ru
757 815 870 866 uennts

200 973 308 1029 minerit
330 971 476 1044 hyacinthi,
500 987 562 1027 cum
584 971 620 1027 sit
641 970 709 1044 lapis
731 970 783 1026 istc
805 970 980 1034 clarissimus,
1008 968 1132 1042 adeoque
1158 987 1226 1043 prc-

200 1059 296 1121 tiosus,
320 1067 402 1130 atque
424 1054 568 1119 mirabilis,
592 1065 623 1111 ut
645 1055 902 1120 animadvertamus,
932 1071 967 1110 ne
988 1054 1114 1127 ligyrium
1139 1054 1226 1111 lursi-

201 1152 245 1200 taa
275 1144 348 1197 hunc
383 1141 470 1196 divina
498 1140 638 1214 Scriptura
670 1141 883 1213 cognominut¹p
930 1138 1097 1212 Hyacinthus
1129 1148 1225 1196 autem

199 1228 304 1301 specics
327 1226 410 1282 habet
432 1226 561 1290 diversas,
584 1235 686 1298 quantu
710 1225 780 1280 eninr
803 1225 864 1297 quis
887 1225 1023 1280 invenitur
1045 1222 1138 1280 colore
1155 1242 1225 1298 pro-

174 1311 317 1375 blundior‚
342 1321 416 1367 tanto
440 1318 481 1365 est
504 1310 562 1365 aliis
585 1310 796 1379 necessarior-“p
829 1309 978 1382 llyaeintbu
1001 1325 1075 1374 veru,
1099 1308 1140 1364 vel
1165 1309 1225 1365 cal-

199 1397 270 1454 laiuo
299 1412 454 1469 purpureus
478 1394 554 1451 color
576 1404 618 1449 est
640 1394 777 1467 aliquanto
801 1394 988 1464 consimilis²p
1034 1392 1109 1450 Unde
1133 1393 1224 1451 divina

200 1499 310 1555 quoque
339 1479 478 1552 Scriptura
508 1497 539 1534 ex
569 1480 714 1552 hyacintho
742 1496 917 1553 purpuraque
947 1478 1110 1553 pontificalia
1137 1479 1225 1534 uesti-

99 1606 103 1613 «
199 1574 291 1624 menta
313 1565 377 1620 dicit
399 1564 499 1619 ornari.
530 1563 562 1619 Et
586 1564 747 1637 praecipuus
771 1564 880 1637 quitlcm
895 1564 963 1638 lapis
979 1563 1142 1637 hyacinthus
1159 1564 1224 1620 tha·

199 1650 306 1707 lassites
329 1649 489 1724 appellatur,
513 1665 546 1705 co
569 1650 641 1722 quoti
665 1649 802 1724 tranquilli
825 1650 905 1704 maris
928 1647 1131 1705 similitudinem
1149 1648 1224 1704 rele-

161 1744 187 1796 lb
198 1744 250 1793 rat.
295 1734 342 1790 Est
373 1743 400 1790 ct
428 1733 511 1797 alius,
542 1735 589 1806 qui
610 1743 721 1790 vocatur
743 1734 934 1804 rhodiaeus't:
964 1732 1032 1789 alius
1054 1726 1222 1805 appattusb.

200 1821 305 1877 llursus
333 1820 400 1875 alius
430 1819 627 1891 perileutius‘t.
672 1820 848 1876 inveniuntur
876 1828 966 1874 autern
994 1816 1097 1891 lapides
1125 1818 1172 1873 isti
1194 1818 1266 1873 law

199 1906 330 1963 interiore
353 1897 508 1974 barbariei)
531 1904 703 1976 Scytharum.
743 1904 881 1977 Scythiam
904 1920 967 1960 tero
991 1902 1062 1960 soliti
1086 1911 1152 1958 sunt
1174 1919 1224 1959 ve·

164 1984 167 1989 ’
201 1999 273 2047 teres
296 1988 433 2062 appellare
455 1996 580 2045 cunctam
603 1988 844 2061 septentrionalem
868 1989 982 2061 plagam,
1006 1987 1053 2043 ubi
1075 1997 1142 2044 sunt
1166 1987 1223 2044 Go-

200 2075 240 2131 thi
271 2082 298 2128 ct
319 2073 450 2144 llauni‘),
482 2066 592 2143 l'cnni‘t
616 2090 725 2146 quoquc
753 2083 781 2129 et
803 2074 888 2143 tritt,
912 2088 1000 2147 usque
1023 2072 1222 2128 Germanorum

159 2160 450 2229 lthmaaonarumque
482 2151 662 2230 regioncntl).
707 2158 762 2214 lllic
794 2158 877 2232 igitur
908 2157 1022 2214 interius
1053 2157 1081 2211 ia
1109 2156 1221 2214 deserto

198 2243 280 2301 huius
309 2258 422 2315 magnae
444 2241 569 2315 Scythiae
593 2242 720 2299 convallis
743 2251 784 2298 est
806 2242 1031 2316 profundissima,
1062 2242 1221 2298 huminibus

284 2429 306 2479 xl
333 2426 392 2473 lliuc
416 2426 441 2475 S.
461 2426 618 2489 Hieronymus
643 2428 665 2475 iu
690 2428 794 2491 Epistola
812 2430 843 2477 ad
861 2429 980 2478 fabiolam
1003 2424 1028 2490 ᾗ.
1044 2427 1089 2475 li:
1114 2428 1224 2492 Satisque

130 2494 136 2499 ’
197 2498 269 2546 nrirur
293 2511 334 2545 aar
358 2497 494 2555 hyacinthus
517 2498 699 2558 pretiosissimus
718 2497 778 2559 lapis
797 2498 820 2544 in
839 2499 919 2545 burum
937 2511 1030 2545 numeru
1049 2511 1095 2545 uua
1112 2504 1223 2558 ponatur,

198 2565 245 2613 niti
271 2568 330 2628 [urle
352 2565 401 2627 ipre
426 2570 458 2611 eat
483 2563 529 2610 aliu
549 2566 640 2612 nunninae
659 2565 767 2626 liparins.
804 2565 914 2613 Scrutaris
933 2580 986 2624 eos
1013 2566 1053 2628 pai
1071 2564 1099 2611 aa
1118 2564 1223 2626 lapillum

198 2639 267 2696 utque
285 2646 421 2694 gemmarum
440 2633 552 2693 scripsere
570 2634 667 2707 naturis
689 2632 824 2706 liptrrr'unt'
816 2634 918 2680 tnrfflrnite
936 2647 981 2680 nun
998 2633 1071 2705 patui.

284 2698 434 2762 ylEpitume
454 2698 553 2746 Sesncri
573 2689 795 2762 ἀναγκαιότερος,
813 2703 976 2762 praestantior

284 2773 305 2820 zt
324 2770 369 2814 hut
389 2766 540 2829 hyacinthum
559 2782 613 2815 curn
632 2767 732 2816 callaina
751 2765 889 2826 subinnuit,
908 2775 948 2816 aut
965 2766 1011 2814 vult
1030 2766 1096 2815 illurn
1116 2765 1223 2814 colorem

198 2835 286 2885 hahere
306 2834 369 2883 haud
389 2835 520 2882 absimilem
540 2849 554 2882 a
572 2834 688 2890 callainu
708 2843 730 2883 ct
749 2835 784 2883 sic
801 2803 893 2884 videtui
911 2849 995 2884 rorare
1013 2848 1130 2895 gemmam
1150 2833 1223 2896 illam,

198 2916 260 2966 quae
279 2901 360 2949 callais
380 2901 465 2949 dieitur
484 2915 498 2948 a
517 2903 591 2950 Plinio
610 2902 650 2951 lib.
660 2903 757 2951 xxxvtt
777 2917 828 2966 cap.
840 2903 864 2953 8

284 2973 307 3019 al
333 2967 441 3029 Epiruma
461 2969 560 3016 Gesncri
570 2962 712 3033 ,balteum
751 2971 862 3019 Nostrum
882 2974 1036 3032 interpretem
1054 2969 1225 3019 invenisseti-

199 3035 269 3087 dctur
287 3031 407 3100 aratra·
428 3044 555 3098 utrumque
575 3051 661 3086 numen
680 3047 748 3087 sunut
768 3055 856 3088 roseria.

284 3106 308 3162 bt
335 3104 359 3152 ln
385 3103 493 3165 Epiruma
513 3106 612 3154 Gesnuri
638 3107 684 3154 boc
708 3107 762 3155 loco
787 3106 851 3154 nulla
876 3114 912 3155 est
936 3106 1025 3154 mentio
1050 3104 1155 3168 uppalii,
1180 3105 1223 3154 sed

201 3181 286 3252 quarto
312 3172 365 3220 lucu
389 3173 452 3221 iuter
474 3172 549 3220 turias
574 3174 692 3236 hyacinthi
711 3175 805 3237 specics
824 3175 891 3237 punit
910 3173 1062 3236 hyacinthum
1075 3172 1228 3238 χαννιαῖον

200 3243 250 3291 sic:
271 3233 285 3286 ὃ
304 3235 434 3303 τέταρτος
447 3240 606 3304 parvenies·
626 3243 667 3291 scd
686 3242 801 3291 videndus
820 3242 951 3291 Salmasius
971 3256 992 3304 p.
1003 3240 1061 3290 tttt.

286 3313 308 3364 ct
327 3309 436 3371 Epiruma
455 3311 554 3358 t'esnerr
572 3305 757 3374 nnpulec'attuc
796 3311 843 3360 Res
845 3310 978 3359 titueudrnn
997 3303 1160 3373 περίλευκος.

285 3377 309 3435 tt
329 3377 385 3426 l'ide
404 3391 476 3439 supra
495 3392 546 3440 pay.
559 3377 597 3427 18.

285 3448 308 3508 e)
332 3445 440 3509 Epitume
459 3447 577 3496 anastasii
602 3438 630 3493 ut‘
651 3439 755 3492 turcae
776 3441 822 3494 arni
839 3441 966 3500 Amarea,
993 3453 1016 3493 ct
1034 3443 1095 3493 alius
1114 3445 1155 3493 hic
1174 3459 1225 3493 me-

199 3522 304 3562 muratus
324 3515 425 3591 populns
444 3515 565 3577 praeterit.
601 3515 653 3563 Non
673 3516 756 3575 buoni
777 3515 921 3573 sedhabac,
940 3514 979 3562 aui
998 3514 1076 3561 llasau
1093 3511 1224 3574 legendum

196 3584 296 3643 ridetur,
315 3591 338 3631 et
356 3583 379 3631 iu
400 3583 490 3631 Graeco
509 3583 683 3632 restituendum
701 3556 772 3629 Δάαι
790 3590 830 3632 aut
847 3576 943 3631 aaran

282 3650 299 3702 lt
326 3650 413 3698 Plinius
433 3649 472 3698 lib.
481 3650 509 3698 ll
528 3665 580 3712 cap
593 3650 653 3700 ll
648 3665 671 3698 tn
691 3651 808 3699 Sarmatia
827 3651 949 3713 Europaeo
968 3648 1115 3698 Panniauum
1145 3648 1225 3713 quud-

198 3718 252 3768 lam
277 3732 374 3778 regnum
400 3719 474 3780 pontt.
510 3718 567 3766 lide
593 3719 662 3767 etiarn
680 3719 787 3768 Taciturn
804 3722 885 3768 lanai.
905 3718 1003 3768 libllll.
1040 3715 1104 3775 Quid
1127 3717 1224 3781 siquis

197 3788 276 3837 Hanni
294 3786 449 3834 restitueret?
483 3786 594 3846 Agathino
614 3788 712 3834 hirnnos
731 3787 794 3836 circa
813 3786 953 3835 llaeotidenr
972 3786 1083 3834 collocat.

284 3855 307 3914 gl
326 3854 452 3913 Fortassis,
471 3857 530 3913 Abii,
550 3854 643 3904 scilicet
661 3855 705 3902 hus
723 3854 826 3917 pupulus
844 3853 1044 3917 septentrionales
1063 3860 1146 3916 partes
1164 3854 1225 3918 Scy-

198 3923 262 3972 thiae
282 3922 402 3970 habitasse
421 3921 569 3970 Ptolemaeus
589 3924 667 3971 tuear.

284 3991 309 4049 b)
333 3990 421 4051 Accipe
445 3988 474 4035 de
498 3991 658 4041 Amazonibus
682 3989 712 4038 ad
729 3990 834 4039 Tanaim.
871 3993 1017 4039 Amazonum
1042 3987 1169 4037 historlam
1193 3989 1225 4037 ab

199 4058 292 4107 erutlitu
311 4058 414 4107 Floreat.
433 4057 517 4105 invene
542 4058 594 4106 bnt.
619 4058 690 4107 llaria
710 4057 809 4106 Beaiuiu
827 4059 927 4122 copiose
945 4057 1087 4107 illustratam
1104 4057 1172 4120 scio,
1198 4064 1226 4106 ut

200 4125 254 4173 edat
271 4140 387 4189 memoro,
406 4133 429 4174 et
447 4124 508 4174 Petri
528 4125 596 4175 Petiti
614 4125 783 4176 dissertatione
801 4126 959 4176 laudatiorem
977 4138 1089 4187 auguror.
