2586 4822
446 835 737 888 uuruaoreusroues.
1003 800 1009 824 '
1056 825 1094 887 tl

76 991 157 1048 illia
179 999 356 1064 praeceptore
379 991 560 1048 desciscentes
582 992 671 1064 legem
695 1009 743 1049 ore
765 1000 846 1049 tenus
867 992 993 1050 traditam
1015 993 1141 1053 abne-28

76 1085 195 1149 garuni:
218 1092 308 1148 neque
330 1075 416 1140 alteri,
440 1093 520 1150 quam
543 1077 617 1152 quod
631 1077 711 1150 Legis
726 1077 828 1150 scripto
843 1085 917 1133 esset
932 1095 1098 1150 expressum,

77 1160 258 1217 adhibendam
282 1160 361 1216 lidem
385 1171 524 1234 putarunt,
548 1179 580 1218 eu
602 1179 656 1234 quo
674 1176 775 1234 nra-m
792 1162 912 1227 llarram,
935 1164 1010 1237 quasi
1030 1164 1100 1220 Teo·

77 1247 171 1302 tuales
201 1245 273 1301 dicti.
318 1246 389 1301 llaec
418 1246 496 1302 Elias.
542 1247 622 1303 Addit
649 1246 783 1303 Abraham
813 1248 933 1304 Zaclruth
957 1248 1044 1303 Sadoc
1072 1257 1100 1306 et

77 1331 207 1387 baiethos
229 1320 262 1385 ad
276 1330 468 1396 samaritanos,
492 1342 519 1388 et
535 1332 714 1388 Garizitanum
739 1333 868 1405 templum
890 1343 1029 1405 receptum
1049 1334 1100 1389 lia·

76 1416 183 1472 lauisse.
223 1416 277 1472 Sed
300 1416 358 1472 fieri
380 1426 471 1490 potest
505 1426 534 1473 ut
556 1418 686 1474 Saducaei
709 1417 760 1490 ipsi
782 1434 795 1472 a
819 1418 909 1490 priore
932 1418 977 1474 illo
1000 1435 1030 1473 ac
1053 1435 1100 1475 ve-

76 1502 229 1558 tustissimo
245 1501 376 1557 Pontifice
399 1502 528 1557 oriundos
551 1519 612 1559 sese
635 1503 756 1575 prolatori
778 1503 897 1565 mallent,
922 1520 1000 1576 quam
1017 1520 1031 1558 a
1048 1520 1100 1576 po·

76 1586 195 1643 steriore
218 1587 365 1659 transfuga,
388 1587 429 1642 rel
452 1589 532 1642 etiarn
556 1599 585 1642 ut
607 1588 639 1642 ad
661 1589 789 1643 iustitiae
811 1587 980 1650 vocabulum,
1005 1597 1032 1643 et
1047 1604 1099 1644 no-

75 1673 158 1727 minis
181 1673 433 1745 interpretationem
457 1671 617 1736 alluderent,
641 1675 722 1746 idque
738 1672 841 1729 crebris
858 1683 1021 1746 usurparent
1037 1690 1099 1728 ser·

75 1756 222 1821 monibus,
252 1758 326 1830 quod
348 1775 431 1813 mrum
455 1758 525 1822 ideo,
548 1768 739 1830 plraetenuissa
761 1759 844 1814 altera
866 1775 896 1813 ac
920 1759 1024 1814 veriore
1047 1758 1100 1814 Sa·

76 1842 242 1897 ducaeorum
265 1842 379 1914 origine,
403 1844 622 1899 commemoravit
644 1843 818 1915 Epiphanius.

166 1929 201 1984 ³1
222 1929 247 1982 d.
278 1928 398 1999 πνεῦμα
421 1921 453 1982 δὲ
476 1916 562 2000 ἅγιον
584 1919 640 1983 οὐκ
655 1920 752 2001 ἴσασι]
774 1932 889 1982 Actuuur
906 1929 954 1991 23,
973 1929 1000 1990 8,
1024 1927 1097 1982 Sau-

75 2012 179 2067 ducaei·
200 2013 272 2066 mum
294 2013 390 2067 dicunt
411 2030 468 2066 nort
490 2029 550 2066 esse
571 2014 816 2076 resurrectionem,
841 2028 929 2085 neque
952 2012 1094 2082 depetunt,

75 2113 166 2169 nepae
180 2098 318 2169 spiritum,
342 2088 410 2153 οὔτε
426 2087 562 2171 ἄγγελον,
585 2088 797 2169 odoraremur.
828 2097 957 2170 Spiritum
973 2107 1098 2153 sanetum

75 2184 129 2239 hoc
158 2182 218 2237 loco
247 2199 300 2237 nou
330 2199 401 2237 uuus
430 2181 596 2254 Epiphanius
626 2182 771 2246 intellexit,
801 2183 849 2237 sed
876 2192 904 2237 et
926 2182 1095 2238 Pliilastrius.

76 2268 167 2335 Quare
197 2277 298 2322 temere
327 2274 354 2321 et
382 2267 569 2338 imprudenter
600 2267 626 2322 iu
655 2267 773 2323 Elouclro
796 2266 931 2339 Scaliger:
961 2267 1095 2331 Asinitoa,

75 2352 174 2424 iuquit,
197 2369 276 2407 atero
299 2360 347 2415 est,
371 2360 397 2406 et
418 2351 548 2423 impietas
569 2352 639 2406 laoec
660 2352 755 2421 lateri.
792 2352 914 2406 Proinde
937 2353 1097 2407 execrando

73 2439 127 2494 itta
154 2438 295 2492 sententio
317 2437 456 2500 Serrorii,
486 2439 533 2508 pai
555 2455 611 2492 nora
632 2438 724 2492 mirans
746 2438 844 2508 inopie,
874 2453 957 2508 φιααι
978 2438 1097 2492 ridicule

73 2540 136 2577 eom
158 2530 259 2576 tuetur.
301 2522 366 2576 Nam
390 2522 462 2593 quod
485 2523 520 2577 ait
543 2523 662 2594 πνεῦμα
685 2522 738 2576 illie
761 2522 819 2576 sine
841 2521 955 2577 articulo
977 2522 1097 2592 positum

72 2608 199 2662 universe
215 2607 299 2670 sumi;
324 2624 385 2661 cum
402 2616 432 2661 ut
449 2607 578 2679 Spiritum
595 2616 719 2662 sanctum
735 2606 907 2678 significaret,
924 2596 959 2661 τὸ
975 2608 1095 2678 πνεῦμα

69 2691 247 2748 scribendum
277 2691 373 2755 luerit,
404 2692 477 2764 qtiod
504 2691 549 2745 diu
577 2702 639 2747 aute
662 2691 827 2762 Scaligeruru
851 2691 972 2747 Salmero
1002 2700 1096 2747 noster

69 2777 278 2842 observaverat,
303 2777 369 2832 nibil
393 2778 504 2832 adrem
528 2778 655 2848 pertinet.
686 2776 827 2832 Etenim
807 2776 1020 2849 saepenreaipio
1036 2777 1093 2832 siue

62 2862 189 2918 articulo
212 2880 262 2934 pro
279 2862 380 2935 Spiritu
397 2871 491 2917 sancto
507 2862 532 2915 iu
550 2862 696 2934 Scripturis
713 2872 875 2933 usurpatum
900 2870 929 2916 ut
945 2861 1016 2915 loan
1028 2863 1054 2923 3,
1066 2863 1093 2915 5.

63 2947 138 3003 bisi
159 2948 224 3018 quis
247 2957 364 3003 renatus
386 2948 472 3017 suerit
495 2963 530 3000 ec
553 2963 637 3018 apua,
662 2955 687 3001 et
708 2946 832 3018 Spiritu,
855 2942 887 3012 ἓξ
909 2933 1022 3010 α’ὸαῑος
1044 2938 1094 2998 καὶ

55 3049 263 3104 πνευματος.
293 3043 320 3088 et
342 3033 428 3086 aliis
423 3049 448 3086 in
472 3031 552 3091 loiſtris
577 3048 694 3104 quorum
717 3031 847 3085 norruulla
869 3029 1000 3102 profert
996 3047 1020 3082 in
1045 3029 1094 3083 lli-

53 3117 173 3174 mon-ati
198 3118 345 3172 Serranus.
377 3120 464 3184 Quare
487 3133 541 3170 uim
566 3115 739 3187 improbanda
763 3116 828 3170 llaec
845 3114 983 3188 Epiplrauii
1007 3115 1095 3168 iuter-
1135 3139 1137 3143 ·

46 3204 190 3273 prelatio
213 3202 333 3257 videtur:
365 3201 470 3256 tametsi
493 3201 526 3255 de
550 3200 608 3255 solo
632 3200 733 3272 Spiritu
756 3209 849 3255 sancto
872 3201 993 3272 praecise
1016 3198 1094 3253 locu-

47 3294 128 3343 tum
153 3296 263 3361 putaret
286 3286 490 3358 Evangelistarn.
522 3286 599 3353 Quod
622 3302 735 3340 necesse
758 3303 811 3340 uon
835 3294 885 3339 est.
925 3283 1000 3338 lianc
1023 3284 1093 3338 euim

44 3370 274 3428 saducaeorum
298 3381 416 3426 mentem
440 3371 522 3427 luisse
545 3371 678 3443 suspicor,
704 3379 733 3425 ut
749 3370 877 3443 Spiritum
901 3387 1018 3431 (inanem,
1041 3370 1094 3424 boc

36 3467 110 3514 est
132 3448 342 3529 πνευματικὴν
355 3449 473 3523 οὐσίαν,
496 3456 616 3511 funditus
634 3455 775 3520 tollerent,
800 3456 915 3529 ideoque
931 3470 1093 3526 corporeum

34 3556 132 3599 esse
148 3542 236 3597 lleum
258 3551 422 3602 assererent,
446 3550 477 3596 ut
491 3541 612 3612 lyranus
636 3541 777 3596 existimat.
808 3541 845 3596 Eu
868 3557 923 3613 spuo
946 3539 1094 3612 consequi-

35 3627 230 3690 tumeliam
253 3626 384 3698 Spiritum
406 3635 528 3681 sanctum
553 3626 612 3681 illos
635 3626 794 3698 abnegasse.
840 3625 914 3680 Unde
939 3624 1036 3680 merito
1059 3622 1092 3678 ab

34 3704 237 3784 Epiphanio,
266 3711 379 3785 aliisque
409 3711 510 3766 dietum
537 3720 592 3773 cst,
623 3711 793 3767 Sadducaeos
817 3711 947 3783 Spiritum
969 3717 1092 3765 sanctum

39 3788 284 3866 ignorassent
305 3813 363 3851 eam
386 3812 417 3852 ex
442 3805 498 3852 toto
521 3813 623 3868 genere
637 3797 699 3851 τῶν
713 3787 896 3868 πνευμάτων
910 3794 1027 3867 speciem
1043 3794 1092 3848 de·

47 3872 197 3953 ligarent,
221 3897 274 3953 qua
297 3890 393 3954 negata
411 3881 497 3936 maius
513 3881 550 3936 illi
566 3880 638 3936 sibi
633 3881 777 3953 impietatis
793 3882 895 3936 crimen
911 3885 1091 3935 arcesserent

154 3959 195 4021 ui
223 3957 324 4024 πάντα
347 3960 381 4022 δὲ
402 3958 454 4022 ἴσα
476 3960 699 4038 Σαμαρείταιςς
727 3957 932 4042 φυλάττουσι]
970 3963 1092 4019 Etiamne

68 4061 163 4105 ueros
186 4067 281 4106 omues
304 4051 397 4113 libros,
422 4060 531 4123 praeter
545 4050 760 4107 Pentateuchum
783 4046 982 4124 repudiarunt?
1011 4045 1093 4099 hilir-

74 4143 147 4189 mant
161 4144 268 4192 veteres
283 4152 387 4201 omues,
403 4136 563 4209 praesertim
579 4137 719 4209 Origenes,
743 4137 933 4220 Tertullianus,
958 4131 1093 4201 llieropy-
