2586 4822
147 687 210 752 3¹2
533 720 536 725 -
602 696 716 748 reram
773 706 803 729 .,

146 866 213 921 erat,
234 855 373 915 nouom·
389 854 520 912 domnici
540 853 664 927 corporis
685 852 877 909 communione
892 850 1024 916 tdioeolvi,
1048 851 1169 925 quonian

146 942 275 1017 quicquid
297 941 323 996 in
346 941 443 997 cestris
465 939 576 1002 acculat,
599 938 841 1011 strepinneium,
864 937 1030 1000 simmiste,
1054 937 1168 992 militaris

148 1027 322 1084 ttotomtnos
350 1025 431 1081 statio
454 1032 619 1097 perseverat
661 1023 806 1096 Perperam
829 1023 914 1096 igitur
937 1021 1088 1079 llhalrauus
1109 1023 1167 1077 haee

147 1113 314 1187 posteriore:
337 1111 433 1182 utique
453 1110 536 1165 nullu
557 1109 679 1177 taetitia,
701 1108 761 1164 siue
781 1109 898 1164 tristitie
923 1117 978 1163 etc.
1004 1107 1078 1164 velot
1094 1124 1165 1162 taus·

148 1212 204 1255 saur
227 1195 326 1259 attulit,
349 1212 400 1251 eur
414 1194 629 1250 Christianorum
652 1193 770 1249 statiua
793 1192 900 1248 militari
924 1209 1031 1248 nomeu
1053 1193 1163 1266 accepis-

148 1291 200 1339 set.
230 1281 290 1349 Quo
313 1279 408 1335 eodem
430 1295 525 1335 errore
548 1277 681 1334 Pamolius
704 1278 737 1334 ad
758 1277 804 1335 lili.
827 1279 861 1334 de
884 1277 996 1333 (lorum
1013 1276 1069 1333 llil.
1089 1280 1161 1334 cll.

149 1365 298 1424 Stationem
322 1365 385 1419 dicit
407 1380 456 1436 per
479 1364 663 1438 metaphoram
686 1378 701 1419 a
724 1361 883 1419 militaribus
905 1362 1078 1419 stationibus
1092 1378 1165 1417 usur·

148 1451 222 1526 peri,
251 1451 327 1522 quod
352 1449 479 1520 quandin
506 1449 536 1503 in
557 1450 679 1504 statione
700 1450 802 1503 utiliter
824 1455 924 1517 eram,
953 1449 1090 1503 meere
1109 1449 1165 1502 ittet

83 1531 99 1561 ''
149 1535 309 1608 oportebat·
334 1533 412 1602 Qtrod
434 1551 506 1589 eane
522 1533 663 1589 ridiculum
686 1542 737 1590 est.
767 1533 860 1607 Neque
882 1549 948 1588 vero
972 1533 1070 1588 tandiu
1091 1532 1166 1587 une·

149 1620 216 1677 licus
246 1636 308 1675 esse
335 1618 523 1692 praesidiarios
551 1619 611 1675 illos
641 1628 669 1674 et
696 1616 883 1681 excubitores,
911 1619 1057 1674 exercitus
1088 1617 1163 1690 ipsim

149 1715 231 1778 etque
253 1704 426 1778 lorperatoris
457 1704 588 1760 interfuit.
633 1702 687 1759 Sed
710 1720 760 1759 nec
782 1721 797 1757 e
820 1703 896 1758 statis
919 1702 1096 1777 temporibus
1117 1711 1167 1756 ste·

150 1789 238 1846 tiones
262 1789 415 1845 nominatae
438 1789 570 1851 videntur,
594 1788 642 1844 sed
663 1787 697 1844 alr
720 1789 777 1862 ipsa
798 1787 953 1851 assistendi,
978 1787 1036 1843 lroc
1051 1797 1094 1842 est
1108 1803 1167 1842 cou-

131 1874 272 1943 ¹reuiendi
295 1873 535 1946 commutandique
557 1874 710 1936 iunctione,
737 1873 810 1946 quod
832 1873 903 1928 ultra
924 1872 1083 1945 legitimum
1104 1872 1167 1944 Sp·

150 1974 236 2016 axeou
259 1969 375 2032 tompus,
399 1958 521 2014 videlicet
542 1959 715 2022 matutinum,
737 1958 857 2014 [livinum
880 1957 1004 2013 ollicium
1027 1957 1062 2012 ad
1078 1972 1167 2012 noum

151 2060 238 2117 usque
267 2043 449 2116 producerent
478 2052 506 2099 ct
533 2043 717 2099 diuturniores
744 2043 770 2099 iu
794 2043 912 2098 Ecclesia
935 2059 1030 2098 moras
1054 2049 1168 2116 agerent.

150 2129 227 2201 Apud
244 2128 404 2201 Cyprianuur
419 2127 504 2200 llpist.
521 2131 557 2185 et
583 2126 616 2182 ad
633 2128 787 2184 Cornelium
802 2128 901 2201 Papam
923 2128 1055 2183 stationis
1077 2142 1168 2182 nomeu

152 2222 206 2269 tom
234 2212 268 2267 dc
294 2220 430 2268 conventu
463 2213 523 2285 ipso
553 2229 633 2285 quam
655 2213 688 2269 de
711 2222 835 2286 ternpore
856 2228 887 2269 ec
908 2211 953 2267 die
976 2222 1073 2285 potest
1096 2210 1170 2266 intel-

150 2297 211 2371 ligi,
239 2314 301 2353 cum
329 2297 363 2352 de
385 2295 522 2353 Novatioui
550 2297 646 2370 legatis
675 2298 701 2354 in
724 2299 838 2354 Alorcum
865 2298 956 2352 missis
984 2314 1088 2370 egeus:
1115 2295 1169 2364 uit

151 2400 212 2439 cum
234 2383 263 2438 in
285 2383 416 2446 statione,
439 2382 535 2455 iuquit,
560 2383 709 2438 iumdioar'e
731 2398 839 2455 quoque
860 2382 997 2438 eoncu'eit‘o
1020 2391 1050 2436 et
1072 2384 1170 2437 clou-

150 2469 230 2525 atuor
252 2469 418 2523 turbulentia
436 2475 610 2541 procurarunt
632 2476 685 2523 etc.

236 2552 417 2621 Quamobrem
440 2553 572 2608 stationes
593 2569 647 2608 uon
670 2552 769 2609 ieiunia
791 2552 952 2625 ipsamet,
976 2551 1026 2608 sed
1049 2569 1113 2608 cum
1135 2551 1171 2606 ie-

152 2637 231 2693 iuniis
255 2639 408 2693 coniuncta.
438 2637 597 2710 Quonquam
619 2637 719 2711 duplex
740 2636 901 2693 ieiuniorum
924 2651 1014 2709 geuns
1038 2639 1170 2711 epudea-

107 2731 112 2742 ¹
153 2722 243 2796 equos
264 2722 324 2778 luiu
354 2722 419 2777 llam
442 2721 514 2778 aliud
536 2722 695 2795 exquisitius
718 2733 790 2787 eret,
814 2722 887 2795 quod
908 2721 1030 2794 longius,
1060 2723 1113 2778 lroc
1134 2729 1170 2776 ast

152 2808 185 2864 ad
207 2824 346 2881 vesperam
369 2823 456 2880 usque
479 2806 687 2880 prorogabatur.
713 2808 753 2863 uti
775 2807 1008 2880 quadregesimale
1031 2807 1175 2863 leiuniun:

152 2891 317 2966 Epiphanius
340 2891 411 2948 euim
433 2892 517 2956 inira,
546 2891 641 2948 eodem
664 2893 716 2947 isto
745 2893 847 2964 capite,
877 2892 997 2964 Syuaxes
1020 2893 1170 2965 quadrage-

153 2976 260 3033 simales
284 2976 316 3032 ab
340 2978 405 3033 liora
429 2994 499 3033 unua
522 2978 555 3032 ed
578 2992 717 3050 vesperem
741 2993 828 3051 usque
849 2975 981 3033 celebrari
997 2975 1092 3041 docet,
1114 2985 1170 3032 aute

153 3079 220 3135 ques
235 3061 353 3135 Syueres
374 3062 474 3118 ieiunia
496 3061 606 3118 minime
628 3061 810 3118 solvebantur.
840 3061 919 3117 uttud
938 3071 1002 3118 orat
1022 3062 1108 3135 paulo
1129 3076 1169 3116 re·

152 3146 261 3202 missius
283 3163 314 3202 ac
337 3145 453 3210 brevius,
476 3147 557 3221 quod·
572 3146 605 3202 ad
627 3164 725 3203 nonem
747 3146 877 3202 duntaxat
889 3145 1104 3218 produceretur,
1125 3161 1169 3202 cu-

154 3230 269 3286 iusmodi
298 3231 380 3286 leriae
408 3241 521 3305 quartae
549 3240 695 3304 sextaeque
718 3231 847 3287 ieiunium
870 3231 992 3287 extitisse
1013 3232 1090 3288 idem
1112 3230 1170 3304 Epi·

153 3315 269 3389 plieuius
298 3315 408 3371 asserit:
438 3308 560 3392 τετράδι
583 3311 616 3372 da*
638 3312 688 3372 καὶ
711 3311 743 3372 ἓν
763 3307 975 3394 προσαββάτῳ
998 3312 1031 3372 ἐν
1054 3311 1171 3395 mporea'p

154 3393 210 3467 ἕως
230 3391 316 3478 ὥρας
337 3391 452 3474 ἐνάτης.
493 3399 562 3457 Hinc
584 3411 635 3465 est,
661 3401 744 3476 quod,
768 3410 799 3456 ut
821 3418 853 3457 ex
875 3400 1043 3457 Tertulliano
1068 3401 1171 3475 perspi·

107 3496 113 3539 ·.
153 3503 235 3542 ouum
250 3494 309 3550 eet,
331 3486 463 3542 etetiouce
485 3502 540 3542 uon
564 3487 633 3543 ultra
654 3502 752 3542 nouam
776 3485 998 3542 extenderentur.
1039 3487 1101 3556 Quo
1121 3502 1171 3541 uo·

155 3573 227 3628 mine
250 3591 264 3628 a
288 3571 441 3634 Cadioliciu
464 3588 534 3645 qum
557 3570 703 3644 Psychioos
724 3570 851 3645 appellet.
875 3570 1057 3628 lloataulstae
1079 3586 1170 3645 repre-

155 3656 232 3712 lreusi
254 3665 328 3721 suut,
350 3671 400 3730 pro
423 3673 456 3712 eo
479 3655 553 3729 quod
573 3655 705 3712 stationes
727 3673 790 3710 sues
804 3655 837 3711 ad
853 3672 993 3729 vesperam
1010 3658 1171 3730 proterrent.

154 3739 310 3796 Tertulliani
338 3740 418 3797 verba
445 3749 511 3796 eunt
536 3739 584 3795 lib.
614 3742 648 3796 de
677 3740 784 3796 leiuuiis
813 3750 907 3796 contra
937 3740 1053 3814 l‘syelu:
1084 3744 1172 3814 Aeque

153 3826 288 3881 etononea
309 3835 432 3890 nostros,
455 3834 485 3880 ut
508 3825 647 3895 indipnoe,
671 3827 809 3898 quendum
828 3842 897 3881 uero
913 3833 940 3880 et
954 3827 985 3880 in
1001 3844 1097 3883 rerunt
1109 3843 1173 3882 ooo·

152 3912 267 3966 rutum
295 3912 430 3966 adunatio
452 3910 732 3979 pompeianorum,
760 3910 813 3965 too
834 3924 945 3983 quoque
967 3927 1072 3968 meare
1094 3921 1121 3967 et
1140 3925 1174 3966 ea

153 3997 274 4051 erditn'o
296 3997 452 4051 obmedunr
474 4010 532 4049 ease
555 3996 676 4050 dicenter
698 4005 724 4050 et
745 4012 802 4051 aen
823 3998 900 4052 ultra
920 4014 1030 4052 nonant
1052 4000 1175 4054 detinere·

1113 4086 1131 4133 'e
