2586 4822
112 795 166 838 m
521 792 546 839 S.
566 789 714 839 El’ll'llhllll

111 948 246 1012 oblatum,
282 953 449 1020 praetextum
482 954 573 1000 autem
601 944 672 1000 illius
701 944 758 1017 agri
787 943 935 1015 usurpandi
963 942 1048 999 alium
1078 960 1130 999 non

111 1033 202 1095 luxisse,
225 1048 307 1105 quam
329 1031 402 1104 quod
424 1038 548 1086 mortuus
571 1041 644 1085 esset
666 1032 693 1084 in
716 1028 808 1090 exsilio
832 1028 927 1084 viduae
942 1028 1003 1084 eius
1018 1029 1130 1085 maritus

112 1136 143 1176 ex
171 1117 242 1172 bona
271 1117 335 1173 olim
365 1115 431 1171 fiseo
460 1114 574 1170 addicta.
619 1114 711 1187 Neque
735 1130 777 1169 me
800 1122 889 1168 movet
910 1114 986 1187 qootl
1009 1113 1128 1169 eamrlem

111 1220 167 1258 rein
197 1203 223 1258 in
253 1201 376 1256 encomio
404 1199 590 1272 Chrysostomi
618 1208 709 1255 narret
738 1199 792 1254 Leo
821 1200 984 1271 imperator;
1019 1205 1129 1272 apparet

111 1289 182 1344 enirn
205 1303 267 1343 cum
289 1286 448 1348 inhaesisse,
471 1284 529 1340 siue
544 1284 608 1363 ¹ullo
631 1284 767 1347 examine,
792 1284 854 1339 buic
877 1294 932 1339 tarn
953 1295 1128 1357 portentosae

117 1372 193 1430 Vitae
214 1371 243 1427 S.
259 1369 424 1442 Epiphanii.

198 1459 246 1512 55.
292 1455 356 1509 Utut
384 1455 432 1519 sit,
461 1453 574 1525 fingitur
600 1470 634 1509 eo
664 1471 751 1526 usque
777 1453 842 1508 irata
866 1453 1023 1525 imperatrix
1047 1461 1077 1509 ut
1096 1452 1126 1508 de

112 1543 210 1598 loanne
232 1539 393 1612 deponendo
416 1539 538 1611 coeperit
560 1539 661 1611 agitare
684 1538 805 1594 consilia.
836 1539 895 1607 Quo
911 1539 1023 1610 cognito
1040 1537 1127 1594 Theo·

32 1638 34 1643 ’
112 1626 201 1699 philus
229 1624 395 1697 persuaserit
422 1623 572 1696 Epiphanio
601 1624 724 1696 navigare
755 1624 1028 1696 Constantinopolim.
1073 1621 1126 1679 llo<

112 1710 254 1784 appulsum
277 1726 338 1764 cum
362 1708 474 1782 Polybio
497 1718 524 1763 et
547 1709 636 1764 isaaco
660 1709 743 1778 (nulla
768 1709 835 1764 laeta
856 1709 995 1764 mentione
1011 1708 1128 1781 Crispio·

112 1795 169 1859 nis,
194 1795 227 1851 de
249 1811 304 1868 quo
327 1795 400 1865 mox)
424 1793 606 1849 sollicitaverit
628 1794 796 1867 imperatrix,
820 1803 851 1848 ut
872 1794 899 1849 in
921 1794 1046 1856 loannis,
1070 1801 1135 1848 tan·

112 1896 191 1954 quam
215 1879 412 1953 perturbatoris
433 1888 459 1934 et
476 1879 612 1942 baeretici,
636 1879 832 1951 depositionem
848 1879 1034 1941 consentiens,
1056 1877 1135 1950 seip⁶

112 1982 172 2022 sum
194 1964 220 2019 in
244 1965 302 2020 eius
325 1963 414 2019 locum
437 1972 576 2036 pateretur
598 1963 741 2029 substitui;
776 1964 895 2019 molliora
920 1981 984 2019 vero
1008 1958 1152 2019 suadenti

112 2049 261 2122 Epiphanio
284 2050 382 2103 minata
404 2049 439 2103 sit
461 2048 568 2103 dicens:
594 2049 641 2103 “Si
664 2049 747 2104 fueris
770 2049 963 2121 impedimento
987 2049 1150 2120 queminus

113 2135 235 2189 mittatur
263 2134 376 2188 loannes
404 2133 431 2187 in
463 2133 599 2195 exsilium,
630 2134 746 2205 arteriam
771 2134 869 2206 templa
891 2132 1029 2189 idolorum
1054 2134 1169 2189 Μ’,

114 2218 234 2290 Cumque
255 2217 288 2273 ael
312 2218 378 2272 haec
399 2217 579 2290 ingemiscens
601 2217 767 2291 Epiphanius
789 2236 818 2274 se
841 2217 873 2274 ab
897 2219 951 2273 hoc
974 2218 1077 2274 iudicio
1092 2218 1169 2273 in*

112 2311 257 2359 nocentem
280 2310 486 2375 protestaretur,
510 2320 564 2358 non
587 2312 676 2358 tamen
700 2303 836 2376 ellugisse,
859 2303 1008 2377 qttominus
1026 2304 1169 2360 dicere-⁶

114 2398 158 2444 tur
186 2387 373 2452 consensisse;
402 2387 494 2461 itaque
516 2388 644 2443 loannem
672 2397 781 2461 accepta
809 2389 901 2444 charta
924 2388 948 2443 ei
971 2389 1169 2461 scripsisse=

114 2472 247 2546 “Sapiens
270 2473 416 2546 Epiphani,
445 2489 573 2528 assensus
603 2490 632 2528 es
660 2490 721 2527 mco
750 2471 864 2528 exsilio?
906 2473 936 2527 ln
959 2473 1065 2529 ssrrouo
1089 2483 1169 2530 tou

114 2572 169 2614 non
198 2557 305 2614 sedebis
327 2558 471 2631 amplius;''
500 2558 677 2631 lipipbanium
701 2575 763 2612 rero
786 2558 974 2630 rescripsisse:
1005 2560 1169 2615 “Athlet-

116 2642 231 2707 Christi,
255 2643 412 2706 verberare,
436 2652 462 2699 et
484 2643 575 2698 vinee:
605 2643 742 2698 inlocum
765 2652 868 2705 autern,
898 2643 931 2697 arl
954 2659 1040 2715 quem
1064 2636 1169 2699 coifi

115 2728 260 2802 relegatus,
284 2746 338 2783 non
362 2728 478 2784 venies'.
519 2727 645 2783 Potuitne
668 2736 804 2799 postrema
826 2727 892 2783 baec
915 2744 965 2799 pro
990 2728 1085 2791 falsis,
1107 2737 1167 2784 ut·

115 2814 268 2869 necessario
291 2822 355 2868 sunt
379 2812 534 2877 salsissima,
553 2812 653 2867 habere
675 2812 822 2878 baronius3
846 2822 874 2869 et
895 2829 950 2867 uon
968 2813 1063 2869 vielere
1078 2813 1169 2870 ool-

114 2898 234 2972 loquium
257 2896 398 2971 Epiphanii
419 2914 480 2953 cum
502 2897 681 2970 imperatrice.
705 2898 825 2953 eiusdem
849 2906 878 2952 ut
901 2898 1023 2953 attctoris
1047 2899 1088 2955 sic
1107 2904 1152 2954 e!

115 2981 175 3038 tttet
199 2981 277 3038 esse?
308 2983 362 3036 Cur
383 2982 465 3053 igitur
487 2983 573 3055 ipsum
596 2983 725 3055 opposuit
740 2983 892 3039 auctoritati
909 2984 1058 3039 Suzuureni
1074 2994 1149 3041 ten-

115 3082 194 3138 quam
217 3067 243 3121 in
267 3067 383 3122 levorem
407 3067 619 3139 Origerristarntu
642 3078 755 3140 propter
776 3067 902 3123 loannem
925 3062 1148 3142 propensioris?

117 3149 264 3224 Utrumque
287 3168 351 3205 sane
373 3151 451 3206 veliin
472 3140 621 3225 acqualiter
644 3153 782 3215 reiectum,
806 3154 915 3225 qrranrlo
938 3154 1061 3226 priorem
1080 3154 1135 3209 lie-

116 3232 209 3290 doxiac
230 3251 291 3290 cum
314 3235 507 3308 chrysostomo
529 3239 628 3302 rixam,
658 3255 728 3312 (pirric
751 3239 894 3294 Theodosii
923 3239 1040 3295 iunioris
1064 3239 1133 3295 nati·

117 3319 222 3374 ritatem
245 3337 276 3375 ac
298 3320 368 3375 forte
391 3321 469 3376 etiam
493 3340 536 3377 an.
554 3327 624 3387 391,
647 3324 801 3384 antecessit,
826 3324 1043 3384 cunstatiuisse
1058 3339 1127 3380 com·

115 3403 246 3479 positam:
269 3414 296 3460 et
318 3407 483 3478 posteriores
506 3409 630 3482 querelas
653 3408 768 3480 primunr
787 3424 847 3462 osse
861 3407 1001 3471 subortas,
1025 3406 1126 3481 quaudo

117 3488 259 3563 “digresso
281 3489 314 3546 ab
337 3490 405 3546 urbe
420 3491 578 3566 Epiphanio,
603 3495 716 3549 loannes
739 3494 764 3547 in
790 3493 901 3547 ecelesia
924 3491 1007 3548 rerba
1023 3494 1126 3553 taciem.

116 3588 285 3631 communem
307 3577 435 3633 adversus
452 3579 578 3634 mulieres
594 3579 816 3651 vituperationem
833 3578 957 3639 instituit.
982 3596 1067 3652 quam
1082 3593 1128 3652 po-

116 3660 196 3732 pulus
217 3660 252 3714 ito
275 3664 386 3735 accepit,
410 3663 485 3736 quasi
508 3664 635 3719 adversus
657 3663 826 3736 imperatoris
850 3663 994 3735 coniugem
1019 3664 1128 3736 figurate

115 3745 264 3818 composita
292 3747 419 3811 luisset,”
448 3749 486 3802 uti
514 3748 607 3803 scribit
633 3749 815 3812 sozomenus,
846 3748 872 3803 iu
903 3747 955 3803 hoe
984 3748 1129 3805 corilorntis

115 3828 228 3886 Socrati.
273 3829 340 3886 ‘lum
362 3833 465 3888 seilicet
487 3831 668 3905 Theophilus,
693 3835 739 3907 qui
762 3834 837 3888 solus
860 3833 946 3887 luxerat
970 3832 1129 3889 roeatusin

114 3913 223 3980 orbem,
251 3914 408 3971 iudicandus
437 3917 572 3973 aloanne
594 3918 620 3972 in
643 3936 722 3974 causa
746 3918 956 3980 monachorum,
987 3918 1132 3992 agentibus

114 4001 220 4058 loannis
241 4001 353 4057 aemulis
375 4011 403 4057 et
424 4001 555 4057 suadente
577 4003 756 4075 imperatrice,
780 4014 862 4078 atque
884 4003 1019 4076 synorlum
1037 4012 1132 4060 eontra

114 4101 172 4143 eam
195 4085 393 4146 coemendam
415 4095 556 4161 poscente,
582 4089 730 4162 permissos
753 4098 795 4145 est
815 4088 964 4163 Aegyptios
987 4090 1133 4163 episeopus
