<?xml version="1.0" encoding="UTF-8"?>
<!DOCTYPE html PUBLIC "-//W3C//DTD XHTML 1.0 Transitional//EN"
    "http://www.w3.org/TR/xhtml1/DTD/xhtml1-transitional.dtd">
<html xmlns="http://www.w3.org/1999/xhtml" xml:lang="en" lang="en">
 <head>
  <title>
</title>
<meta http-equiv="Content-Type" content="text/html;charset=utf-8" />
  <meta name='ocr-system' content='tesseract 3.04.00' />
  <meta name='ocr-capabilities' content='ocr_page ocr_carea ocr_par ocr_line ocrx_word'/>
</head>
<body>
  <div class='ocr_page' id='page_1' title='image "./opera02dindgoog_0037.png"; bbox 0 0 2586 4822; ppageno 0'>
   <div class='ocr_carea' id='block_1_1' title="bbox 190 804 801 885">
    <p class='ocr_par' dir='ltr' id='par_1_1' title="bbox 190 804 801 885">
     <span class='ocr_line' id='line_1_1' title="bbox 190 804 801 885; baseline -0.002 -17"><span class='ocrx_word' id='word_1_1' title='bbox 190 804 210 885; x_wconf 79' lang='grc' dir='ltr'><strong><em>β</em></strong></span> <span class='ocrx_word' id='word_1_2' title='bbox 595 816 801 869; x_wconf 63' lang='lat' dir='ltr'>ammoy</span> 
     </span>
    </p>
   </div>
   <div class='ocr_carea' id='block_1_2' title="bbox 144 960 1264 4177">
    <p class='ocr_par' dir='ltr' id='par_1_2' title="bbox 144 960 1264 4177">
     <span class='ocr_line' id='line_1_2' title="bbox 189 960 1207 1055; baseline -0.005 -20"><span class='ocrx_word' id='word_1_3' title='bbox 189 963 250 1035; x_wconf 80' lang='grc' dir='ltr'><strong><em>δύο</em></strong></span> <span class='ocrx_word' id='word_1_4' title='bbox 261 972 433 1050; x_wconf 79' lang='grc' dir='ltr'><strong><em>στοιχείων</em></strong></span> <span class='ocrx_word' id='word_1_5' title='bbox 444 960 522 1053; x_wconf 80' lang='grc' dir='ltr'><strong><em>παρ’</em></strong></span> <span class='ocrx_word' id='word_1_6' title='bbox 533 962 704 1053; x_wconf 76' lang='grc' dir='ltr'><strong><em>Ἑβραίοις.</em></strong></span> <span class='ocrx_word' id='word_1_7' title='bbox 720 967 755 1034; x_wconf 86' lang='grc' dir='ltr'><strong><em>αλ</em></strong></span> <span class='ocrx_word' id='word_1_8' title='bbox 766 966 828 1053; x_wconf 87' lang='grc' dir='ltr'><strong><em>γὰρ</em></strong></span> <span class='ocrx_word' id='word_1_9' title='bbox 840 965 1004 1055; x_wconf 79' lang='grc' dir='ltr'><strong><em>στιχηρεις</em></strong></span> <span class='ocrx_word' id='word_1_10' title='bbox 1015 965 1073 1032; x_wconf 84' lang='grc' dir='ltr'><strong><em>δύο</em></strong></span> <span class='ocrx_word' id='word_1_11' title='bbox 1084 965 1207 1051; x_wconf 86' lang='grc' dir='ltr'><strong><em>βίβλοι,</em></strong></span> 
     </span>
     <span class='ocr_line' id='line_1_3' title="bbox 187 1057 1236 1187; baseline 0 -59"><span class='ocrx_word' id='word_1_12' title='bbox 187 1058 209 1151; x_wconf 76' lang='grc' dir='ltr'><em>ἥ</em></span> <span class='ocrx_word' id='word_1_13' title='bbox 236 1088 273 1131; x_wconf 89' lang='grc' dir='ltr'><strong><em>τε</em></strong></span> <span class='ocrx_word' id='word_1_14' title='bbox 300 1068 359 1130; x_wconf 88' lang='grc' dir='ltr'><strong><em>τοῦ</em></strong></span> <span class='ocrx_word' id='word_1_15' title='bbox 381 1064 611 1187; x_wconf 76' lang='grc' dir='ltr'><strong><em>Σολομῶντος,</em></strong></span> <span class='ocrx_word' id='word_1_16' title='bbox 640 1061 875 1151; x_wconf 85' lang='grc' dir='ltr'><strong><em>ἡΠανάρετος</em></strong></span> <span class='ocrx_word' id='word_1_17' title='bbox 901 1065 1073 1149; x_wconf 86' lang='grc' dir='ltr'><strong><em>λεγομένη,</em></strong></span> <span class='ocrx_word' id='word_1_18' title='bbox 1101 1065 1156 1129; x_wconf 89' lang='grc' dir='ltr'><strong><em>καί</em></strong></span> <span class='ocrx_word' id='word_1_19' title='bbox 1187 1057 1236 1150; x_wconf 67' lang='grc' dir='ltr'><strong><em>ἠῢ</em></strong></span> 
     </span>
     <span class='ocr_line' id='line_1_4' title="bbox 188 1153 1208 1278; baseline -0.001 -52"><span class='ocrx_word' id='word_1_20' title='bbox 188 1161 248 1227; x_wconf 91' lang='grc' dir='ltr'><strong><em>τοῦ</em></strong></span> <span class='ocrx_word' id='word_1_21' title='bbox 267 1155 370 1278; x_wconf 76' lang='grc' dir='ltr'><strong><em>’ίησοῦ</em></strong></span> <span class='ocrx_word' id='word_1_22' title='bbox 392 1164 451 1227; x_wconf 87' lang='grc' dir='ltr'><strong><em>τοῦ</em></strong></span> <span class='ocrx_word' id='word_1_23' title='bbox 473 1162 547 1228; x_wconf 80' lang='grc' dir='ltr'><strong><em>οἱοῦ</em></strong></span> <span class='ocrx_word' id='word_1_24' title='bbox 568 1159 698 1246; x_wconf 82' lang='grc' dir='ltr'><strong><em>Σειρὰχ,</em></strong></span> <span class='ocrx_word' id='word_1_25' title='bbox 721 1160 854 1247; x_wconf 78' lang='grc' dir='ltr'><strong><em>ἐκγόνου</em></strong></span> <span class='ocrx_word' id='word_1_26' title='bbox 876 1162 913 1229; x_wconf 77' lang='grc' dir='ltr'><strong><em>δέ</em></strong></span> <span class='ocrx_word' id='word_1_27' title='bbox 934 1163 993 1226; x_wconf 88' lang='grc' dir='ltr'><strong><em>τοῦ</em></strong></span> <span class='ocrx_word' id='word_1_28' title='bbox 1011 1153 1125 1247; x_wconf 77' lang='grc' dir='ltr'><strong><em>Ἰησοῦ,</em></strong></span> <span class='ocrx_word' id='word_1_29' title='bbox 1148 1162 1208 1225; x_wconf 91' lang='grc' dir='ltr'><strong><em>τοῦ</em></strong></span> 
     </span>
     <span class='ocr_line' id='line_1_5' title="bbox 188 1252 1209 1377; baseline -0.001 -53"><span class='ocrx_word' id='word_1_30' title='bbox 188 1257 323 1346; x_wconf 82' lang='grc' dir='ltr'><strong><em>κοίτην</em></strong></span> <span class='ocrx_word' id='word_1_31' title='bbox 346 1265 469 1346; x_wconf 85' lang='grc' dir='ltr'><strong><em>σοφίαν</em></strong></span> <span class='ocrx_word' id='word_1_32' title='bbox 429 1254 651 1345; x_wconf 80' lang='grc' dir='ltr'><strong><em>ανἙβραϊστί</em></strong></span> <span class='ocrx_word' id='word_1_33' title='bbox 672 1258 872 1345; x_wconf 76' lang='grc' dir='ltr'><strong><em>γράψαντος,</em></strong></span> <span class='ocrx_word' id='word_1_34' title='bbox 894 1256 934 1346; x_wconf 78' lang='grc' dir='ltr'><strong><em>ἢν</em></strong></span> <span class='ocrx_word' id='word_1_35' title='bbox 957 1252 975 1323; x_wconf 90' lang='lat'><strong><em>6</em></strong></span> <span class='ocrx_word' id='word_1_36' title='bbox 998 1252 1209 1377; x_wconf 80' lang='grc' dir='ltr'><strong><em>έκγονοςαό-</em></strong></span> 
     </span>
     <span class='ocr_line' id='line_1_6' title="bbox 164 1344 1209 1444; baseline -0.001 -23"><span class='ocrx_word' id='word_1_37' title='bbox 164 1357 248 1422; x_wconf 69' lang='grc' dir='ltr'><strong><em>θεοῦ</em></strong></span> <span class='ocrx_word' id='word_1_38' title='bbox 273 1350 396 1442; x_wconf 80' lang='grc' dir='ltr'><strong><em>Ἰησοῦς</em></strong></span> <span class='ocrx_word' id='word_1_39' title='bbox 423 1354 623 1444; x_wconf 73' lang='grc' dir='ltr'><strong><em>ἑρμηνεύσας</em></strong></span> <span class='ocrx_word' id='word_1_40' title='bbox 647 1351 826 1443; x_wconf 80' lang='grc' dir='ltr'><strong><em>Ἑλληνιστί</em></strong></span> <span class='ocrx_word' id='word_1_41' title='bbox 855 1350 988 1441; x_wconf 77' lang='grc' dir='ltr'><strong><em>έγραψε.</em></strong></span> <span class='ocrx_word' id='word_1_42' title='bbox 1032 1358 1086 1421; x_wconf 81' lang='grc' dir='ltr'><strong><em>καί</em></strong></span> <span class='ocrx_word' id='word_1_43' title='bbox 1110 1344 1209 1421; x_wconf 82' lang='grc' dir='ltr'><strong><em>αῦται</em></strong></span> 
     </span>
     <span class='ocr_line' id='line_1_7' title="bbox 187 1447 1210 1540; baseline -0.002 -21"><span class='ocrx_word' id='word_1_44' title='bbox 187 1451 344 1538; x_wconf 78' lang='grc' dir='ltr'><strong><em>χρήσιμοι</em></strong></span> <span class='ocrx_word' id='word_1_45' title='bbox 364 1457 425 1535; x_wconf 89' lang='grc' dir='ltr'><strong><em>μέν</em></strong></span> <span class='ocrx_word' id='word_1_46' title='bbox 447 1452 514 1521; x_wconf 86' lang='grc' dir='ltr'><strong><em>εἰσι</em></strong></span> <span class='ocrx_word' id='word_1_47' title='bbox 534 1455 596 1520; x_wconf 79' lang='grc' dir='ltr'><strong><em>καὶ</em></strong></span> <span class='ocrx_word' id='word_1_48' title='bbox 611 1449 792 1540; x_wconf 79' lang='grc' dir='ltr'><strong><em>ὠφέλιμοι,</em></strong></span> <span class='ocrx_word' id='word_1_49' title='bbox 819 1447 887 1520; x_wconf 72' lang='grc' dir='ltr'><strong><em>ἀλλ’</em></strong></span> <span class='ocrx_word' id='word_1_50' title='bbox 913 1452 960 1531; x_wconf 82' lang='grc' dir='ltr'><strong><em>εἰς</em></strong></span> <span class='ocrx_word' id='word_1_51' title='bbox 981 1447 1210 1538; x_wconf 84' lang='grc' dir='ltr'><strong><em>ἇριθμὸνρη-</em></strong></span> 
     </span>
     <span class='ocr_line' id='line_1_8' title="bbox 188 1544 1209 1638; baseline -0.001 -21"><span class='ocrx_word' id='word_1_52' title='bbox 188 1553 255 1619; x_wconf 85' lang='grc' dir='ltr'><strong><em>τῷν</em></strong></span> <span class='ocrx_word' id='word_1_53' title='bbox 278 1544 336 1616; x_wconf 85' lang='grc' dir='ltr'><strong><em>οῦκ</em></strong></span> <span class='ocrx_word' id='word_1_54' title='bbox 358 1544 449 1638; x_wconf 84' lang='grc' dir='ltr'><strong><em>ἆναφ</em></strong></span> <span class='ocrx_word' id='word_1_55' title='bbox 451 1555 590 1636; x_wconf 89' lang='grc' dir='ltr'><strong><em>έρονται.</em></strong></span> <span class='ocrx_word' id='word_1_56' title='bbox 618 1549 671 1617; x_wconf 88' lang='grc' dir='ltr'><strong><em>διὸ</em></strong></span> <span class='ocrx_word' id='word_1_57' title='bbox 686 1546 763 1618; x_wconf 80' lang='grc' dir='ltr'><strong><em>οῦδὲ</em></strong></span> <span class='ocrx_word' id='word_1_58' title='bbox 779 1550 874 1618; x_wconf 88' lang='grc' dir='ltr'><strong><em>έν</em></strong></span> <span class='ocrx_word' id='word_1_59' title='bbox 827 1575 874 1637; x_wconf 83' lang='grc' dir='ltr'><strong><em>τῷ</em></strong></span> <span class='ocrx_word' id='word_1_60' title='bbox 890 1545 978 1635; x_wconf 83' lang='grc' dir='ltr'><strong><em>οἰρών</em></strong></span> <span class='ocrx_word' id='word_1_61' title='bbox 993 1544 1209 1636; x_wconf 77' lang='grc' dir='ltr'><strong><em>ἀνετέθησαν,</em></strong></span> 
     </span>
     <span class='ocr_line' id='line_1_9' title="bbox 188 1647 903 1765; baseline -0.001 -50"><span class='ocrx_word' id='word_1_62' title='bbox 188 1647 398 1715; x_wconf 84' lang='grc' dir='ltr'><strong><em>τουτέστινέ</em></strong></span> <span class='ocrx_word' id='word_1_63' title='bbox 399 1675 417 1715; x_wconf 94' lang='grc' dir='ltr'><strong><em>ν</em></strong></span> <span class='ocrx_word' id='word_1_64' title='bbox 439 1651 478 1737; x_wconf 79' lang='grc' dir='ltr'><strong><em>τῇ</em></strong></span> <span class='ocrx_word' id='word_1_65' title='bbox 500 1651 558 1736; x_wconf 78' lang='grc' dir='ltr'><strong><em>τῆς</em></strong></span> <span class='ocrx_word' id='word_1_66' title='bbox 580 1647 742 1765; x_wconf 72' lang='grc' dir='ltr'><strong><em>διαθήκης</em></strong></span> <span class='ocrx_word' id='word_1_67' title='bbox 763 1651 903 1736; x_wconf 86' lang='grc' dir='ltr'><strong><em>κιβωτῷ.</em></strong></span> 
     </span>
     <span class='ocr_line' id='line_1_10' title="bbox 144 1733 1212 1834; baseline -0.006 -20"><span class='ocrx_word' id='word_1_68' title='bbox 144 1752 161 1797; x_wconf 60' lang='lat'>⁸</span> <span class='ocrx_word' id='word_1_69' title='bbox 275 1753 304 1813; x_wconf 84' lang='lat'><strong><em>5.</em></strong></span> <span class='ocrx_word' id='word_1_70' title='bbox 332 1739 435 1813; x_wconf 78' lang='grc' dir='ltr'><strong><em>’Λλλὰ</em></strong></span> <span class='ocrx_word' id='word_1_71' title='bbox 455 1745 551 1814; x_wconf 79' lang='grc' dir='ltr'><strong><em>καλ”</em></strong></span> <span class='ocrx_word' id='word_1_72' title='bbox 533 1772 581 1814; x_wconf 87' lang='grc' dir='ltr'><strong><em>ετι</em></strong></span> <span class='ocrx_word' id='word_1_73' title='bbox 602 1745 702 1813; x_wconf 90' lang='grc' dir='ltr'><strong><em>τοῦτό</em></strong></span> <span class='ocrx_word' id='word_1_74' title='bbox 725 1770 763 1813; x_wconf 94' lang='grc' dir='ltr'><strong><em>σε</em></strong></span> <span class='ocrx_word' id='word_1_75' title='bbox 782 1773 827 1834; x_wconf 90' lang='grc' dir='ltr'><strong><em>μη</em></strong></span> <span class='ocrx_word' id='word_1_76' title='bbox 816 1745 1036 1831; x_wconf 80' lang='grc' dir='ltr'><strong><em>παρέλθοι,</em></strong></span> <span class='ocrx_word' id='word_1_77' title='bbox 1061 1771 1087 1810; x_wconf 89' lang='grc' dir='ltr'>ω</span> <span class='ocrx_word' id='word_1_78' title='bbox 1074 1733 1212 1832; x_wconf 65' lang='grc' dir='ltr'><strong><em>’φιλό-</em></strong></span> 
     </span>
     <span class='ocr_line' id='line_1_11' title="bbox 150 1840 1211 1931; baseline 0.001 -26"><span class='ocrx_word' id='word_1_79' title='bbox 150 1853 181 1905; x_wconf 79' lang='grc' dir='ltr'><strong><em>ιο</em></strong></span> <span class='ocrx_word' id='word_1_80' title='bbox 189 1840 320 1922; x_wconf 85' lang='grc' dir='ltr'><strong><em>καλε,</em></strong></span> <span class='ocrx_word' id='word_1_81' title='bbox 300 1866 353 1910; x_wconf 91' lang='grc' dir='ltr'><strong><em>οτι</em></strong></span> <span class='ocrx_word' id='word_1_82' title='bbox 374 1847 429 1911; x_wconf 82' lang='grc' dir='ltr'><strong><em>καί</em></strong></span> <span class='ocrx_word' id='word_1_83' title='bbox 450 1843 490 1910; x_wconf 88' lang='grc' dir='ltr'><strong><em>τὸ</em></strong></span> <span class='ocrx_word' id='word_1_84' title='bbox 508 1844 694 1931; x_wconf 80' lang='grc' dir='ltr'><strong><em>Ψαλτήριον</em></strong></span> <span class='ocrx_word' id='word_1_85' title='bbox 717 1842 893 1911; x_wconf 81' lang='grc' dir='ltr'><strong><em>διείλον’</em></strong></span> <span class='ocrx_word' id='word_1_86' title='bbox 863 1868 911 1922; x_wconf 88' lang='grc' dir='ltr'><strong><em>εις</em></strong></span> <span class='ocrx_word' id='word_1_87' title='bbox 932 1847 1032 1910; x_wconf 87' lang='grc' dir='ltr'><strong><em>πέντε</em></strong></span> <span class='ocrx_word' id='word_1_88' title='bbox 1045 1842 1209 1929; x_wconf 58' lang='grc' dir='ltr'><strong><em>βιβλία(</em></strong></span> <span class='ocrx_word' id='word_1_89' title='bbox 1177 1864 1211 1906; x_wconf 91' lang='grc' dir='ltr'><strong><em>οι</em></strong></span> 
     </span>
     <span class='ocr_line' id='line_1_12' title="bbox 184 1934 1241 2029; baseline -0.003 -21.98"><span class='ocrx_word' id='word_1_90' title='bbox 184 1934 393 2027; x_wconf 47' lang='grc' dir='ltr'><strong><em>’(Ἐβραίοι,</em></strong></span> <span class='ocrx_word' id='word_1_91' title='bbox 365 1965 451 2009; x_wconf 88' lang='grc' dir='ltr'><strong><em>ωστε</em></strong></span> <span class='ocrx_word' id='word_1_92' title='bbox 472 1935 632 2009; x_wconf 74' lang='grc' dir='ltr'><strong><em>εἶναικαὶ</em></strong></span> <span class='ocrx_word' id='word_1_93' title='bbox 655 1937 736 2008; x_wconf 77' lang='grc' dir='ltr'><strong><em>αὐτὸ</em></strong></span> <span class='ocrx_word' id='word_1_94' title='bbox 758 1939 860 2029; x_wconf 82' lang='grc' dir='ltr'><strong><em>δι’λλην</em></strong></span> <span class='ocrx_word' id='word_1_95' title='bbox 877 1940 1107 2022; x_wconf 85' lang='grc' dir='ltr'><strong><em>πεντάτευχον.</em></strong></span> <span class='ocrx_word' id='word_1_96' title='bbox 1138 1934 1241 2005; x_wconf 81' lang='grc' dir='ltr'><strong><em>ἃπὸῦ</em></strong></span> 
     </span>
     <span class='ocr_line' id='line_1_13' title="bbox 187 2036 1210 2125; baseline -0.002 -20"><span class='ocrx_word' id='word_1_97' title='bbox 187 2036 250 2125; x_wconf 80' lang='grc' dir='ltr'><strong><em>γὰρ</em></strong></span> <span class='ocrx_word' id='word_1_98' title='bbox 277 2038 414 2125; x_wconf 88' lang='grc' dir='ltr'><strong><em>πρώτου</em></strong></span> <span class='ocrx_word' id='word_1_99' title='bbox 439 2039 577 2122; x_wconf 79' lang='grc' dir='ltr'><strong><em>Ψαλμοῦ</em></strong></span> <span class='ocrx_word' id='word_1_100' title='bbox 605 2037 680 2125; x_wconf 75' lang='grc' dir='ltr'><strong><em>ἄχρι</em></strong></span> <span class='ocrx_word' id='word_1_101' title='bbox 706 2041 972 2124; x_wconf 88' lang='grc' dir='ltr'><strong><em>τεσσαρακοστοῦ</em></strong></span> <span class='ocrx_word' id='word_1_102' title='bbox 1000 2042 1079 2121; x_wconf 91' lang='grc' dir='ltr'><strong><em>μίαν</em></strong></span> <span class='ocrx_word' id='word_1_103' title='bbox 1102 2036 1210 2122; x_wconf 83' lang='grc' dir='ltr'><strong><em>έλογί-</em></strong></span> 
     </span>
     <span class='ocr_line' id='line_1_14' title="bbox 188 2132 1210 2222; baseline -0.004 -19"><span class='ocrx_word' id='word_1_104' title='bbox 188 2158 290 2203; x_wconf 87' lang='grc' dir='ltr'><strong><em>σαντα</em></strong></span> <span class='ocrx_word' id='word_1_105' title='bbox 311 2137 437 2222; x_wconf 79' lang='grc' dir='ltr'><strong><em>βίβλον.</em></strong></span> <span class='ocrx_word' id='word_1_106' title='bbox 468 2132 538 2203; x_wconf 84' lang='grc' dir='ltr'><strong><em>ἀπὸ</em></strong></span> <span class='ocrx_word' id='word_1_107' title='bbox 561 2138 597 2204; x_wconf 80' lang='grc' dir='ltr'><strong><em>δέ</em></strong></span> <span class='ocrx_word' id='word_1_108' title='bbox 617 2140 882 2222; x_wconf 87' lang='grc' dir='ltr'><strong><em>τεσσαρακοστοῦ</em></strong></span> <span class='ocrx_word' id='word_1_109' title='bbox 905 2133 1041 2221; x_wconf 85' lang='grc' dir='ltr'><strong><em>πρώτου</em></strong></span> <span class='ocrx_word' id='word_1_110' title='bbox 1059 2132 1134 2219; x_wconf 79' lang='grc' dir='ltr'><strong><em>ἄχρι</em></strong></span> <span class='ocrx_word' id='word_1_111' title='bbox 1149 2137 1210 2200; x_wconf 93' lang='grc' dir='ltr'><strong><em>τοῦ</em></strong></span> 
     </span>
     <span class='ocr_line' id='line_1_15' title="bbox 190 2227 1211 2321; baseline -0.005 -20"><span class='ocrx_word' id='word_1_112' title='bbox 190 2231 434 2321; x_wconf 82' lang='grc' dir='ltr'><strong><em>έβδομηκυστοῦ</em></strong></span> <span class='ocrx_word' id='word_1_113' title='bbox 456 2231 593 2319; x_wconf 85' lang='grc' dir='ltr'><strong><em>πρώτου</em></strong></span> <span class='ocrx_word' id='word_1_114' title='bbox 610 2234 762 2320; x_wconf 81' lang='grc' dir='ltr'><strong><em>δευτέραν</em></strong></span> <span class='ocrx_word' id='word_1_115' title='bbox 777 2232 950 2320; x_wconf 77' lang='grc' dir='ltr'><strong><em>ἡγήσαντο.</em></strong></span> <span class='ocrx_word' id='word_1_116' title='bbox 981 2227 1051 2301; x_wconf 79' lang='grc' dir='ltr'><strong><em>ἀπὸ</em></strong></span> <span class='ocrx_word' id='word_1_117' title='bbox 1067 2233 1211 2318; x_wconf 78' lang='grc' dir='ltr'><strong><em>ἑβδομη-</em></strong></span> 
     </span>
     <span class='ocr_line' id='line_1_16' title="bbox 151 2324 1212 2418; baseline 0 -23"><span class='ocrx_word' id='word_1_118' title='bbox 151 2335 309 2399; x_wconf 60' lang='lat' dir='ltr'><strong><em>ummo&amp;</em></strong></span> <span class='ocrx_word' id='word_1_119' title='bbox 332 2332 484 2418; x_wconf 87' lang='grc' dir='ltr'><strong><em>δευτέρου</em></strong></span> <span class='ocrx_word' id='word_1_120' title='bbox 507 2331 569 2410; x_wconf 81' lang='grc' dir='ltr'><strong><em>έιυς</em></strong></span> <span class='ocrx_word' id='word_1_121' title='bbox 584 2324 804 2418; x_wconf 89' lang='grc' dir='ltr'><strong><em>όγδσηκοστοῦ</em></strong></span> <span class='ocrx_word' id='word_1_122' title='bbox 819 2326 938 2417; x_wconf 81' lang='grc' dir='ltr'><strong><em>ὀγδόου</em></strong></span> <span class='ocrx_word' id='word_1_123' title='bbox 953 2337 1064 2415; x_wconf 87' lang='grc' dir='ltr'><strong><em>τρίτον</em></strong></span> <span class='ocrx_word' id='word_1_124' title='bbox 1078 2330 1212 2414; x_wconf 81' lang='grc' dir='ltr'><strong><em>βιβλίον</em></strong></span> 
     </span>
     <span class='ocr_line' id='line_1_17' title="bbox 188 2423 1210 2517; baseline -0.005 -21"><span class='ocrx_word' id='word_1_125' title='bbox 188 2427 401 2514; x_wconf 70' lang='grc' dir='ltr'><strong><em>ἐποιήσαντο.</em></strong></span> <span class='ocrx_word' id='word_1_126' title='bbox 431 2423 501 2496; x_wconf 77' lang='grc' dir='ltr'><strong><em>σἰπὸ</em></strong></span> <span class='ocrx_word' id='word_1_127' title='bbox 525 2429 561 2496; x_wconf 78' lang='grc' dir='ltr'><strong><em>δὲ</em></strong></span> <span class='ocrx_word' id='word_1_128' title='bbox 584 2425 803 2517; x_wconf 89' lang='grc' dir='ltr'><strong><em>όγδοηκοστοῦ</em></strong></span> <span class='ocrx_word' id='word_1_129' title='bbox 820 2427 935 2496; x_wconf 82' lang='grc' dir='ltr'><strong><em>ένότου</em></strong></span> <span class='ocrx_word' id='word_1_130' title='bbox 952 2427 1014 2507; x_wconf 71' lang='grc' dir='ltr'><strong><em>ἕως</em></strong></span> <span class='ocrx_word' id='word_1_131' title='bbox 1029 2427 1210 2495; x_wconf 86' lang='grc' dir='ltr'><strong><em>έκατσστοῦ</em></strong></span> 
     </span>
     <span class='ocr_line' id='line_1_18' title="bbox 187 2521 1213 2616; baseline -0.005 -21"><span class='ocrx_word' id='word_1_132' title='bbox 187 2532 345 2612; x_wconf 77' lang='grc' dir='ltr'><strong><em>πέμπτου</em></strong></span> <span class='ocrx_word' id='word_1_133' title='bbox 367 2525 524 2615; x_wconf 79' lang='grc' dir='ltr'><strong><em>τετάρτην</em></strong></span> <span class='ocrx_word' id='word_1_134' title='bbox 547 2525 718 2616; x_wconf 77' lang='grc' dir='ltr'><strong><em>ἐποίησαν.</em></strong></span> <span class='ocrx_word' id='word_1_135' title='bbox 763 2521 833 2594; x_wconf 73' lang='lat'><strong><em>666</em></strong></span> <span class='ocrx_word' id='word_1_136' title='bbox 856 2527 892 2593; x_wconf 85' lang='grc' dir='ltr'><strong><em>δὲ</em></strong></span> <span class='ocrx_word' id='word_1_137' title='bbox 914 2525 1092 2592; x_wconf 84' lang='grc' dir='ltr'><strong><em>έκατοστοῦ</em></strong></span> <span class='ocrx_word' id='word_1_138' title='bbox 1117 2525 1213 2592; x_wconf 80' lang='grc' dir='ltr'><strong><em>έκτου</em></strong></span> 
     </span>
     <span class='ocr_line' id='line_1_19' title="bbox 190 2622 1213 2712; baseline -0.006 -19"><span class='ocrx_word' id='word_1_139' title='bbox 190 2624 253 2705; x_wconf 75' lang='grc' dir='ltr'><strong><em>λ’ως</em></strong></span> <span class='ocrx_word' id='word_1_140' title='bbox 280 2628 339 2692; x_wconf 89' lang='grc' dir='ltr'><strong><em>τοῦ</em></strong></span> <span class='ocrx_word' id='word_1_141' title='bbox 362 2624 540 2693; x_wconf 81' lang='grc' dir='ltr'><strong><em>έκατσστοῦ</em></strong></span> <span class='ocrx_word' id='word_1_142' title='bbox 562 2627 785 2712; x_wconf 78' lang='grc' dir='ltr'><strong><em>πεντηκοστοῦ</em></strong></span> <span class='ocrx_word' id='word_1_143' title='bbox 807 2622 865 2712; x_wconf 71' lang='grc' dir='ltr'><strong><em>τήν</em></strong></span> <span class='ocrx_word' id='word_1_144' title='bbox 887 2629 1043 2710; x_wconf 85' lang='grc' dir='ltr'><strong><em>πέμπτην</em></strong></span> <span class='ocrx_word' id='word_1_145' title='bbox 1067 2628 1213 2708; x_wconf 88' lang='grc' dir='ltr'><strong><em>συνέθη-</em></strong></span> 
     </span>
     <span class='ocr_line' id='line_1_20' title="bbox 189 2714 1213 2810; baseline -0.003 -21"><span class='ocrx_word' id='word_1_146' title='bbox 189 2747 258 2789; x_wconf 83' lang='grc' dir='ltr'><strong><em>καν.</em></strong></span> <span class='ocrx_word' id='word_1_147' title='bbox 289 2723 426 2791; x_wconf 75' lang='grc' dir='ltr'><strong><em>ἕκαστον</em></strong></span> <span class='ocrx_word' id='word_1_148' title='bbox 447 2722 508 2810; x_wconf 82' lang='grc' dir='ltr'><strong><em>γὰρ</em></strong></span> <span class='ocrx_word' id='word_1_149' title='bbox 532 2722 666 2809; x_wconf 82' lang='grc' dir='ltr'><strong><em>ψαλμὸν</em></strong></span> <span class='ocrx_word' id='word_1_150' title='bbox 689 2721 803 2805; x_wconf 75' lang='grc' dir='ltr'><strong><em>έχοντα</em></strong></span> <span class='ocrx_word' id='word_1_151' title='bbox 826 2721 859 2788; x_wconf 88' lang='grc' dir='ltr'><strong><em>έν</em></strong></span> <span class='ocrx_word' id='word_1_152' title='bbox 881 2725 928 2807; x_wconf 87' lang='grc' dir='ltr'><strong><em>τῷ</em></strong></span> <span class='ocrx_word' id='word_1_153' title='bbox 950 2722 1037 2788; x_wconf 87' lang='grc' dir='ltr'><strong><em>τέλει</em></strong></span> <span class='ocrx_word' id='word_1_154' title='bbox 1056 2714 1213 2805; x_wconf 68' lang='lat' dir='ltr'>“⁶66qu-</span> 
     </span>
     <span class='ocr_line' id='line_1_21' title="bbox 149 2814 1212 2906; baseline 0 -22"><span class='ocrx_word' id='word_1_155' title='bbox 149 2818 248 2898; x_wconf 71' lang='grc' dir='ltr'><strong><em>λθτὸς</em></strong></span> <span class='ocrx_word' id='word_1_156' title='bbox 274 2819 386 2903; x_wconf 86' lang='grc' dir='ltr'><strong><em>κύριος</em></strong></span> <span class='ocrx_word' id='word_1_157' title='bbox 413 2826 541 2906; x_wconf 88' lang='grc' dir='ltr'><strong><em>γένοιτο</em></strong></span> <span class='ocrx_word' id='word_1_158' title='bbox 568 2823 726 2906; x_wconf 88' lang='grc' dir='ltr'><strong><em>γένοιτο,”</em></strong></span> <span class='ocrx_word' id='word_1_159' title='bbox 752 2820 846 2898; x_wconf 87' lang='grc' dir='ltr'><strong><em>τέλος</em></strong></span> <span class='ocrx_word' id='word_1_160' title='bbox 874 2814 960 2886; x_wconf 76' lang='grc' dir='ltr'><strong><em>εἶναι</em></strong></span> <span class='ocrx_word' id='word_1_161' title='bbox 986 2819 1119 2903; x_wconf 89' lang='grc' dir='ltr'><strong><em>βιβλίου</em></strong></span> <span class='ocrx_word' id='word_1_162' title='bbox 1143 2817 1212 2885; x_wconf 65' lang='lat'><strong><em>26-</em></strong></span> 
     </span>
     <span class='ocr_line' id='line_1_22' title="bbox 189 2913 1211 3004; baseline 0 -23"><span class='ocrx_word' id='word_1_163' title='bbox 189 2920 347 2982; x_wconf 82' lang='grc' dir='ltr'><strong><em>ναίοισσν.</em></strong></span> <span class='ocrx_word' id='word_1_164' title='bbox 389 2913 572 3002; x_wconf 78' lang='grc' dir='ltr'><strong><em>εὑρίσκεται</em></strong></span> <span class='ocrx_word' id='word_1_165' title='bbox 595 2918 631 2983; x_wconf 80' lang='grc' dir='ltr'><strong><em>δέ</em></strong></span> <span class='ocrx_word' id='word_1_166' title='bbox 652 2921 750 2983; x_wconf 87' lang='grc' dir='ltr'><strong><em>τοῦτο</em></strong></span> <span class='ocrx_word' id='word_1_167' title='bbox 774 2917 808 2984; x_wconf 79' lang='grc' dir='ltr'><strong><em>έν</em></strong></span> <span class='ocrx_word' id='word_1_168' title='bbox 829 2941 866 2983; x_wconf 88' lang='grc' dir='ltr'><strong><em>τε</em></strong></span> <span class='ocrx_word' id='word_1_169' title='bbox 886 2919 933 3004; x_wconf 90' lang='grc' dir='ltr'><strong><em>τῷ</em></strong></span> <span class='ocrx_word' id='word_1_170' title='bbox 954 2917 1211 3001; x_wconf 80' lang='grc' dir='ltr'><strong><em>τεσσαρακοστῷ</em></strong></span> 
     </span>
     <span class='ocr_line' id='line_1_23' title="bbox 189 3008 1264 3102; baseline -0.004 -21"><span class='ocrx_word' id='word_1_171' title='bbox 189 3014 244 3081; x_wconf 79' lang='grc' dir='ltr'><strong><em>καὶ</em></strong></span> <span class='ocrx_word' id='word_1_172' title='bbox 267 3012 301 3080; x_wconf 85' lang='grc' dir='ltr'><strong><em>έν</em></strong></span> <span class='ocrx_word' id='word_1_173' title='bbox 323 3016 370 3100; x_wconf 92' lang='grc' dir='ltr'><strong><em>τῷ</em></strong></span> <span class='ocrx_word' id='word_1_174' title='bbox 399 3014 631 3102; x_wconf 78' lang='grc' dir='ltr'><strong><em>ἑβδομηκοστῷ</em></strong></span> <span class='ocrx_word' id='word_1_175' title='bbox 652 3013 775 3101; x_wconf 81' lang='grc' dir='ltr'><strong><em>πρώτην</em></strong></span> <span class='ocrx_word' id='word_1_176' title='bbox 798 3013 853 3081; x_wconf 81' lang='grc' dir='ltr'><strong><em>καί</em></strong></span> <span class='ocrx_word' id='word_1_177' title='bbox 876 3013 909 3081; x_wconf 77' lang='grc' dir='ltr'><strong><em>έν</em></strong></span> <span class='ocrx_word' id='word_1_178' title='bbox 931 3017 978 3101; x_wconf 92' lang='grc' dir='ltr'><strong><em>τῷ</em></strong></span> <span class='ocrx_word' id='word_1_179' title='bbox 1001 3008 1211 3101; x_wconf 80' lang='grc' dir='ltr'><strong><em>ὀγδοηκοστῷ</em></strong></span> <span class='ocrx_word' id='word_1_180' title='bbox 1223 3027 1264 3077; x_wconf 75' lang='grc'><strong><em>163</em></strong></span> 
     </span>
     <span class='ocr_line' id='line_1_24' title="bbox 191 3104 1213 3230; baseline 0.001 -53"><span class='ocrx_word' id='word_1_181' title='bbox 191 3104 299 3198; x_wconf 84' lang='grc' dir='ltr'><strong><em>όγδόηι</em></strong></span> <span class='ocrx_word' id='word_1_182' title='bbox 320 3113 373 3178; x_wconf 78' lang='grc' dir='ltr'><strong><em>καὶ</em></strong></span> <span class='ocrx_word' id='word_1_183' title='bbox 398 3111 431 3179; x_wconf 87' lang='grc' dir='ltr'><strong><em>έν</em></strong></span> <span class='ocrx_word' id='word_1_184' title='bbox 453 3114 501 3199; x_wconf 90' lang='grc' dir='ltr'><strong><em>τῷ</em></strong></span> <span class='ocrx_word' id='word_1_185' title='bbox 523 3110 689 3230; x_wconf 76' lang='grc' dir='ltr'><strong><em>ἑκατοστῷ</em></strong></span> <span class='ocrx_word' id='word_1_186' title='bbox 704 3118 858 3199; x_wconf 82' lang='grc' dir='ltr'><strong><em>πέμπτῳ.</em></strong></span> <span class='ocrx_word' id='word_1_187' title='bbox 889 3110 923 3179; x_wconf 86' lang='grc' dir='ltr'><strong><em>έν</em></strong></span> <span class='ocrx_word' id='word_1_188' title='bbox 940 3112 975 3179; x_wconf 77' lang='grc' dir='ltr'><strong><em>δὲ</em></strong></span> <span class='ocrx_word' id='word_1_189' title='bbox 989 3115 1037 3199; x_wconf 88' lang='grc' dir='ltr'><strong><em>τῷ</em></strong></span> <span class='ocrx_word' id='word_1_190' title='bbox 1051 3113 1140 3178; x_wconf 84' lang='grc' dir='ltr'><strong><em>τέλει</em></strong></span> <span class='ocrx_word' id='word_1_191' title='bbox 1153 3114 1213 3198; x_wconf 81' lang='grc' dir='ltr'><strong><em>τῆς</em></strong></span> 
     </span>
     <span class='ocr_line' id='line_1_25' title="bbox 190 3205 1212 3334; baseline -0.002 -57"><span class='ocrx_word' id='word_1_192' title='bbox 190 3214 347 3296; x_wconf 83' lang='grc' dir='ltr'><strong><em>πέμπτης</em></strong></span> <span class='ocrx_word' id='word_1_193' title='bbox 372 3212 491 3296; x_wconf 88' lang='grc' dir='ltr'><strong><em>βίβλου</em></strong></span> <span class='ocrx_word' id='word_1_194' title='bbox 520 3205 592 3277; x_wconf 80' lang='grc' dir='ltr'><strong><em>ἀντί</em></strong></span> <span class='ocrx_word' id='word_1_195' title='bbox 625 3212 684 3277; x_wconf 90' lang='grc' dir='ltr'><strong><em>τοῦ</em></strong></span> <span class='ocrx_word' id='word_1_196' title='bbox 714 3205 907 3334; x_wconf 80' lang='grc' dir='ltr'><strong><em>“εῦλογητὸς</em></strong></span> <span class='ocrx_word' id='word_1_197' title='bbox 941 3208 1052 3294; x_wconf 88' lang='grc' dir='ltr'><strong><em>κόριος</em></strong></span> <span class='ocrx_word' id='word_1_198' title='bbox 1082 3215 1212 3295; x_wconf 87' lang='grc' dir='ltr'><strong><em>γένοιτο</em></strong></span> 
     </span>
     <span class='ocr_line' id='line_1_26' title="bbox 190 3306 1212 3396; baseline -0.001 -21"><span class='ocrx_word' id='word_1_199' title='bbox 190 3310 338 3393; x_wconf 83' lang='grc' dir='ltr'><strong><em>γένοιτο”</em></strong></span> <span class='ocrx_word' id='word_1_200' title='bbox 360 3314 513 3375; x_wconf 87' lang='grc' dir='ltr'><strong><em>τέθειται</em></strong></span> <span class='ocrx_word' id='word_1_201' title='bbox 532 3306 603 3374; x_wconf 68' lang='lat'><strong><em>66⁴</em></strong></span> <span class='ocrx_word' id='word_1_202' title='bbox 606 3311 711 3375; x_wconf 73' lang='grc' dir='ltr'><strong><em>’πᾶσα</em></strong></span> <span class='ocrx_word' id='word_1_203' title='bbox 732 3333 818 3396; x_wconf 90' lang='grc' dir='ltr'><strong><em>πνοη</em></strong></span> <span class='ocrx_word' id='word_1_204' title='bbox 838 3307 1000 3376; x_wconf 81' lang='grc' dir='ltr'><strong><em>σίνεσότιυ</em></strong></span> <span class='ocrx_word' id='word_1_205' title='bbox 1015 3307 1073 3374; x_wconf 89' lang='grc' dir='ltr'><strong><em>τὸν</em></strong></span> <span class='ocrx_word' id='word_1_206' title='bbox 1088 3307 1212 3391; x_wconf 85' lang='grc' dir='ltr'><strong><em>κόριον,</em></strong></span> 
     </span>
     <span class='ocr_line' id='line_1_27' title="bbox 148 3393 1212 3492; baseline 0.001 -21"><span class='ocrx_word' id='word_1_207' title='bbox 148 3398 397 3492; x_wconf 45' lang='lat' dir='ltr'><strong><em>munima&amp;</em></strong></span> <span class='ocrx_word' id='word_1_208' title='bbox 442 3393 542 3472; x_wconf 80' lang='grc' dir='ltr'><strong><em>αὗται</em></strong></span> <span class='ocrx_word' id='word_1_209' title='bbox 567 3411 678 3472; x_wconf 90' lang='grc' dir='ltr'><strong><em>τοίνυν</em></strong></span> <span class='ocrx_word' id='word_1_210' title='bbox 708 3405 804 3472; x_wconf 76' lang='grc' dir='ltr'><strong><em>αλ”</em></strong></span> <span class='ocrx_word' id='word_1_211' title='bbox 771 3430 877 3473; x_wconf 89' lang='grc' dir='ltr'><strong><em>εικοσι</em></strong></span> <span class='ocrx_word' id='word_1_212' title='bbox 903 3405 996 3473; x_wconf 82' lang='grc' dir='ltr'><strong><em>καλέ</em></strong></span> <span class='ocrx_word' id='word_1_213' title='bbox 997 3405 1066 3473; x_wconf 70' lang='lat' dir='ltr'><strong><em>m&amp;</em></strong></span> <span class='ocrx_word' id='word_1_214' title='bbox 1086 3408 1212 3491; x_wconf 89' lang='grc' dir='ltr'><strong><em>βίβλοι,</em></strong></span> 
     </span>
     <span class='ocr_line' id='line_1_28' title="bbox 191 3498 1212 3626; baseline -0.002 -55"><span class='ocrx_word' id='word_1_215' title='bbox 191 3501 297 3571; x_wconf 75' lang='grc' dir='ltr'><strong><em>εἴκοσι</em></strong></span> <span class='ocrx_word' id='word_1_216' title='bbox 326 3502 384 3569; x_wconf 86' lang='grc' dir='ltr'><strong><em>δύο</em></strong></span> <span class='ocrx_word' id='word_1_217' title='bbox 414 3504 450 3571; x_wconf 81' lang='grc' dir='ltr'><strong><em>δὲ</em></strong></span> <span class='ocrx_word' id='word_1_218' title='bbox 478 3498 724 3626; x_wconf 55' lang='lat'>691366651666</span> <span class='ocrx_word' id='word_1_219' title='bbox 743 3503 829 3588; x_wconf 84' lang='grc' dir='ltr'><strong><em>μετὰ</em></strong></span> <span class='ocrx_word' id='word_1_220' title='bbox 849 3502 905 3571; x_wconf 83' lang='grc' dir='ltr'><strong><em>καὶ</em></strong></span> <span class='ocrx_word' id='word_1_221' title='bbox 925 3507 984 3570; x_wconf 91' lang='grc' dir='ltr'><strong><em>τοῦ</em></strong></span> <span class='ocrx_word' id='word_1_222' title='bbox 1009 3504 1212 3588; x_wconf 79' lang='grc' dir='ltr'><strong><em>Ψαλτηρίου,</em></strong></span> 
     </span>
     <span class='ocr_line' id='line_1_29' title="bbox 189 3596 1211 3690; baseline 0 -24"><span class='ocrx_word' id='word_1_223' title='bbox 189 3601 246 3667; x_wconf 76' lang='grc' dir='ltr'><strong><em>καί</em></strong></span> <span class='ocrx_word' id='word_1_224' title='bbox 271 3602 338 3668; x_wconf 82' lang='grc' dir='ltr'><strong><em>τῶν</em></strong></span> <span class='ocrx_word' id='word_1_225' title='bbox 366 3599 470 3668; x_wconf 85' lang='grc' dir='ltr'><strong><em>όντων</em></strong></span> <span class='ocrx_word' id='word_1_226' title='bbox 493 3600 526 3668; x_wconf 83' lang='grc' dir='ltr'><strong><em>ἒν</em></strong></span> <span class='ocrx_word' id='word_1_227' title='bbox 547 3603 595 3688; x_wconf 88' lang='grc' dir='ltr'><strong><em>τῷ</em></strong></span> <span class='ocrx_word' id='word_1_228' title='bbox 614 3596 729 3685; x_wconf 81' lang='grc' dir='ltr'><strong><em>Ἱερεμί</em></strong></span> <span class='ocrx_word' id='word_1_229' title='bbox 728 3627 765 3689; x_wconf 80' lang='grc' dir='ltr'><strong><em>ρ,</em></strong></span> <span class='ocrx_word' id='word_1_230' title='bbox 794 3605 880 3690; x_wconf 83' lang='grc' dir='ltr'><strong><em>φημί</em></strong></span> <span class='ocrx_word' id='word_1_231' title='bbox 904 3602 940 3668; x_wconf 81' lang='grc' dir='ltr'><strong><em>δὲ</em></strong></span> <span class='ocrx_word' id='word_1_232' title='bbox 960 3603 1015 3667; x_wconf 83' lang='grc' dir='ltr'><strong><em>καλ</em></strong></span> <span class='ocrx_word' id='word_1_233' title='bbox 1037 3603 1103 3667; x_wconf 84' lang='grc' dir='ltr'><strong><em>τῷν</em></strong></span> <span class='ocrx_word' id='word_1_234' title='bbox 1125 3599 1211 3688; x_wconf 88' lang='grc' dir='ltr'><strong><em>θρη-</em></strong></span> 
     </span>
     <span class='ocr_line' id='line_1_30' title="bbox 190 3691 1214 3783; baseline -0.002 -17"><span class='ocrx_word' id='word_1_235' title='bbox 190 3724 257 3767; x_wconf 87' lang='grc' dir='ltr'><strong><em>ναιν</em></strong></span> <span class='ocrx_word' id='word_1_236' title='bbox 279 3693 380 3766; x_wconf 78' lang='grc' dir='ltr'><strong><em>αὐτοῦ</em></strong></span> <span class='ocrx_word' id='word_1_237' title='bbox 402 3701 455 3765; x_wconf 84' lang='grc' dir='ltr'><strong><em>καὶ</em></strong></span> <span class='ocrx_word' id='word_1_238' title='bbox 478 3700 544 3765; x_wconf 83' lang='grc' dir='ltr'><strong><em>τῶν</em></strong></span> <span class='ocrx_word' id='word_1_239' title='bbox 567 3698 753 3765; x_wconf 75' lang='grc' dir='ltr'><strong><em>ἐπιστολῶν</em></strong></span> <span class='ocrx_word' id='word_1_240' title='bbox 770 3697 912 3783; x_wconf 84' lang='grc' dir='ltr'><strong><em>Βαροὺχ,</em></strong></span> <span class='ocrx_word' id='word_1_241' title='bbox 936 3697 966 3765; x_wconf 80' lang='grc' dir='ltr'><strong><em>εἰ</em></strong></span> <span class='ocrx_word' id='word_1_242' title='bbox 986 3699 1040 3764; x_wconf 83' lang='grc' dir='ltr'><strong><em>καί</em></strong></span> <span class='ocrx_word' id='word_1_243' title='bbox 1064 3691 1103 3763; x_wconf 85' lang='grc' dir='ltr'><strong><em>οῦ</em></strong></span> <span class='ocrx_word' id='word_1_244' title='bbox 1125 3708 1214 3764; x_wconf 85' lang='grc' dir='ltr'><strong><em>κείν-</em></strong></span> 
     </span>
     <span class='ocr_line' id='line_1_31' title="bbox 191 3789 1213 3883; baseline -0.001 -20"><span class='ocrx_word' id='word_1_245' title='bbox 191 3821 248 3863; x_wconf 86' lang='grc' dir='ltr'><strong><em>τσι</em></strong></span> <span class='ocrx_word' id='word_1_246' title='bbox 275 3794 452 3862; x_wconf 74' lang='grc' dir='ltr'><strong><em>ἐπιστολαί</em></strong></span> <span class='ocrx_word' id='word_1_247' title='bbox 474 3789 552 3878; x_wconf 75' lang='grc' dir='ltr'><strong><em>παρ’</em></strong></span> <span class='ocrx_word' id='word_1_248' title='bbox 573 3790 752 3881; x_wconf 84' lang='grc' dir='ltr'><strong><em>Ἑβραίοις,</em></strong></span> <span class='ocrx_word' id='word_1_249' title='bbox 780 3789 801 3883; x_wconf 79' lang='grc' dir='ltr'>ἢ</span> <span class='ocrx_word' id='word_1_250' title='bbox 822 3795 925 3881; x_wconf 90' lang='grc' dir='ltr'><strong><em>μόνον</em></strong></span> <span class='ocrx_word' id='word_1_251' title='bbox 945 3790 965 3883; x_wconf 82' lang='grc' dir='ltr'><em>ἡ</em></span> <span class='ocrx_word' id='word_1_252' title='bbox 987 3798 1054 3862; x_wconf 87' lang='grc' dir='ltr'><strong><em>τῶν</em></strong></span> <span class='ocrx_word' id='word_1_253' title='bbox 1076 3793 1213 3881; x_wconf 86' lang='grc' dir='ltr'><strong><em>θρήνων</em></strong></span> 
     </span>
     <span class='ocr_line' id='line_1_32' title="bbox 151 3887 1213 3981; baseline 0 -22"><span class='ocrx_word' id='word_1_254' title='bbox 151 3896 238 3979; x_wconf 61' lang='grc' dir='ltr'><strong><em>ωτῷ</em></strong></span> <span class='ocrx_word' id='word_1_255' title='bbox 257 3888 394 3981; x_wconf 75' lang='grc' dir='ltr'><strong><em>Ἱερεμίᾳ</em></strong></span> <span class='ocrx_word' id='word_1_256' title='bbox 416 3897 639 3978; x_wconf 79' lang='grc' dir='ltr'><strong><em>συναφθείσα,</em></strong></span> <span class='ocrx_word' id='word_1_257' title='bbox 662 3891 720 3958; x_wconf 89' lang='grc' dir='ltr'><strong><em>τὸν</em></strong></span> <span class='ocrx_word' id='word_1_258' title='bbox 741 3892 867 3977; x_wconf 86' lang='grc' dir='ltr'><strong><em>τρόπον</em></strong></span> <span class='ocrx_word' id='word_1_259' title='bbox 891 3891 928 3960; x_wconf 82' lang='grc' dir='ltr'><strong><em>ὃν</em></strong></span> <span class='ocrx_word' id='word_1_260' title='bbox 951 3893 1089 3978; x_wconf 86' lang='grc' dir='ltr'><strong><em>ε’ίπομεν</em></strong></span> <span class='ocrx_word' id='word_1_261' title='bbox 1106 3887 1213 3979; x_wconf 80' lang='grc' dir='ltr'><strong><em>ἡρμη-</em></strong></span> 
     </span>
     <span class='ocr_line' id='line_1_33' title="bbox 191 3988 1212 4079; baseline 0 -22"><span class='ocrx_word' id='word_1_262' title='bbox 191 3989 358 4077; x_wconf 87' lang='grc' dir='ltr'><strong><em>νεόθησαν</em></strong></span> <span class='ocrx_word' id='word_1_263' title='bbox 382 3988 466 4057; x_wconf 87' lang='grc' dir='ltr'><strong><em>κατὰ</em></strong></span> <span class='ocrx_word' id='word_1_264' title='bbox 486 3990 645 4074; x_wconf 91' lang='grc' dir='ltr'><strong><em>περίοδον</em></strong></span> <span class='ocrx_word' id='word_1_265' title='bbox 667 3988 785 4079; x_wconf 77' lang='grc' dir='ltr'><strong><em>ἑκάστη</em></strong></span> <span class='ocrx_word' id='word_1_266' title='bbox 808 3991 884 4078; x_wconf 79' lang='grc' dir='ltr'><strong><em>ζυγῇ</em></strong></span> <span class='ocrx_word' id='word_1_267' title='bbox 908 3989 1111 4076; x_wconf 81' lang='grc' dir='ltr'><strong><em>έρμηνευτυῦν</em></strong></span> <span class='ocrx_word' id='word_1_268' title='bbox 1134 3989 1212 4057; x_wconf 84' lang='grc' dir='ltr'><strong><em>έπι-</em></strong></span> 
     </span>
     <span class='ocr_line' id='line_1_34' title="bbox 193 4081 1240 4177; baseline 0.002 -22"><span class='ocrx_word' id='word_1_269' title='bbox 193 4086 380 4171; x_wconf 85' lang='grc' dir='ltr'><strong><em>διδόμεναι,</em></strong></span> <span class='ocrx_word' id='word_1_270' title='bbox 402 4088 456 4156; x_wconf 82' lang='grc' dir='ltr'><strong><em>καὶ</em></strong></span> <span class='ocrx_word' id='word_1_271' title='bbox 479 4081 550 4155; x_wconf 77' lang='grc' dir='ltr'><strong><em>ἀπὸ</em></strong></span> <span class='ocrx_word' id='word_1_272' title='bbox 570 4090 628 4174; x_wconf 75' lang='grc' dir='ltr'><strong><em>τῆς</em></strong></span> <span class='ocrx_word' id='word_1_273' title='bbox 649 4085 784 4176; x_wconf 86' lang='grc' dir='ltr'><strong><em>πρώτης</em></strong></span> <span class='ocrx_word' id='word_1_274' title='bbox 805 4088 899 4176; x_wconf 75' lang='grc' dir='ltr'><strong><em>ζυγίης</em></strong></span> <span class='ocrx_word' id='word_1_275' title='bbox 918 4091 959 4176; x_wconf 84' lang='grc' dir='ltr'><strong><em>τῇ</em></strong></span> <span class='ocrx_word' id='word_1_276' title='bbox 981 4090 1133 4177; x_wconf 80' lang='grc' dir='ltr'><strong><em>δευτέρᾳ,</em></strong></span> <span class='ocrx_word' id='word_1_277' title='bbox 1155 4086 1240 4158; x_wconf 69' lang='lat' dir='ltr'><strong><em>nala</em></strong></span> 
     </span>
    </p>
   </div>
   <div class='ocr_carea' id='block_1_3' title="bbox 0 0 1332 4820">
    <p class='ocr_par' dir='ltr' id='par_1_3' title="bbox 0 0 1332 4820">
     <span class='ocr_line' id='line_1_35' title="bbox 0 0 1332 4820; baseline 0 0"><span class='ocrx_word' id='word_1_278' title='bbox 0 0 1332 4820; x_wconf 95' lang='lat' dir='ltr'><strong><em> </em></strong></span> 
     </span>
    </p>
   </div>
  </div>
 </body>
</html>
