2586 4822
423 837 712 891 lsrulorrnuores.
1015 825 1076 893 135

56 982 155 1072 arp’rproi
176 985 474 1068 παρηκολουθηκότι,
497 993 550 1050 hoc
573 1002 623 1057 est,
647 994 694 1069 qui
716 1011 780 1059 non,
804 1004 835 1053 ut
856 996 903 1061 illi,
924 989 959 1055 λκ
972 1016 1077 1074 παρα-

58 1070 190 1143 δόσεως,
212 1075 262 1133 sed
282 1093 316 1133 ex
336 1078 447 1151 propria
468 1079 496 1135 id
517 1078 629 1135 scientia
650 1081 837 1152 compererim.
868 1081 1011 1138 Caeterum
1034 1092 1078 1139 ta„

59 1161 142 1218 metsi
162 1160 280 1218 adeum
302 1179 412 1217 sensum
434 1164 630 1220 accommodari
644 1164 732 1220 Lucae
755 1165 834 1221 verba
858 1166 924 1222 nihil
940 1166 1076 1239 prohibet,

59 1264 118 1303 nou
145 1245 243 1302 iccirco
272 1255 362 1303 tamen
385 1247 484 1304 Christi
512 1247 672 1320 discipulum
695 1250 777 1305 luisse
800 1259 874 1308 certo
897 1253 1079 1325 pronunciare

59 1332 157 1396 ausim,
181 1348 241 1387 curn
265 1332 328 1388 huic
349 1332 483 1388 adversari
505 1334 656 1391 sentcntiae
673 1334 754 1408 longe
770 1335 862 1408 plures
879 1353 910 1392 ex
927 1335 977 1391 l‘P.
995 1334 1079 1392 intel-

61 1415 153 1489 ligam.
180 1416 235 1473 Sed
256 1417 307 1472 ista
329 1418 545 1483 commemoravi,
568 1427 599 1474 ut
620 1436 654 1474 ne
676 1419 763 1476 Lucae
786 1421 837 1494 ipsi
859 1421 892 1477 de
915 1438 945 1477 se
969 1420 1079 1477 testanti

61 1501 193 1575 refragari
214 1501 356 1576 quisquam
379 1501 557 1576 Epiphanium
579 1502 734 1561 arbitretur.

150 1603 210 1659 433
226 1618 250 1658 c.
281 1597 330 1658 καὶ
346 1596 491 1679 ,κηρύττει
514 1605 646 1679 πρῶτον]
684 1607 781 1662 Lucam
811 1607 838 1661 in
860 1606 944 1662 Gallia'
970 1605 1080 1681 praedi-

61 1703 149 1751 casse,
173 1686 272 1750 nullus,
295 1688 369 1762 quod
391 1689 482 1753 sciam,
506 1690 632 1762 prodidit.
676 1695 764 1764 Atque
787 1692 858 1746 haud
880 1691 937 1747 scio
958 1708 993 1746 an
1015 1690 1081 1748 Gal·

61 1772 125 1828 liam
149 1771 308 1844 Cisalpinam
341 1773 486 1847 intelligat,
516 1792 566 1847 per
592 1791 671 1848 quam
695 1776 722 1830 in
746 1775 899 1832 Dalmatiam
925 1776 1082 1832 Graeciam·

10 1920 13 1933 Ι
61 1874 117 1930 que
139 1856 320 1912 contenderit.

149 1959 211 2017 433
227 1957 252 2013 d.
283 1951 429 2032 Κρίσκης,
452 1952 560 2036 φησὶν,
583 1955 614 2017 ἓν
635 1962 673 2038 τῇ
697 1955 824 2040 Γαλλίᾳ]
855 1961 911 2016 lmo
934 1955 976 2027 είς
998 1957 1028 2016 Γ
1025 1959 1082 2015 αλ-

62 2037 143 2098 λίαν.
171 2042 236 2098 llam
259 2043 338 2116 vulgo
362 2039 403 2109 εἷς
419 2039 582 2100 Γαλατίαν.
613 2046 687 2115 Quae
710 2055 752 2102 cst
772 2046 954 2102 vetustissima
977 2054 1082 2101 etcer-

62 2128 168 2184 tissima
188 2127 278 2193 lectio,
303 2128 431 2202 quicquid
453 2129 567 2186 affirmet
590 2130 763 2204 Epiphanius.
795 2132 879 2200 Quam
903 2139 930 2186 et
948 2130 1082 2186 Eusebius

63 2212 133 2268 llist.
152 2215 179 2277 3,
197 2216 225 2277 4,
250 2213 389 2286 Chrysost.
413 2213 580 2279 Ambrosius,
604 2215 801 2280 Theodorum,
825 2234 855 2272 ac
871 2216 964 2271 Graeci
988 2224 1015 2271 et
1030 2215 1084 2270 La-

62 2298 114 2353 tini
137 2315 232 2354 omnes
255 2307 414 2371 agnoscunt.
456 2299 613 2375 Quanquam
636 2318 691 2356 non
713 2301 812 2357 desunt
835 2302 881 2375 qui
904 2318 955 2373 per
977 2296 1083 2355 Γαλα-

63 2376 134 2438 τίαν
149 2382 221 2456 apud
236 2382 348 2437 Paulum
365 2383 474 2438 Galliam
491 2384 650 2459 intelligant,
674 2394 704 2441 ut
720 2386 917 2441 Theodoretus.
948 2384 1084 2441 Crescen-

63 2475 121 2523 tem
151 2484 214 2523 vero
238 2466 380 2523 Galliarum
404 2477 431 2524 et
454 2469 571 2525 Galatiae
594 2470 694 2542 pariter
715 2470 875 2544 Apostolum
898 2469 997 2535 luisse,
1025 2468 1083 2524 hdo

64 2551 92 2607 in
115 2551 224 2625 llartyr.
248 2551 278 2607 V.
301 2551 358 2607 llal.
381 2553 430 2607 lul.
462 2563 489 2609 et
515 2555 541 2609 in
569 2553 702 2609 Chronico
732 2563 861 2619 testatur,
890 2562 921 2609 ut
948 2562 976 2610 et
1004 2554 1083 2609 Eom.

63 2635 175 2710 Martyr.
199 2653 307 2693 novum.
339 2637 421 2694 Vetus
439 2638 509 2693 anim
526 2638 643 2695 Galatiae
659 2639 786 2694 duntaxat
801 2638 931 2694 meminit.
962 2638 994 2694 Et
1009 2646 1085 2694 certc

63 2721 184 2778 dubitari
206 2731 306 2795 potest,
330 2731 421 2777 utrum
445 2738 499 2778 non
522 2722 603 2778 modo
619 2723 759 2788 Crescens,
783 2723 894 2779 sedvel
917 2722 984 2778 alius
1006 2722 1087 2796 quis-

64 2823 148 2880 quam
170 2824 221 2882 per
242 2807 285 2862 illa
308 2816 431 2880 tempora
453 2807 544 2863 Galliis
567 2807 700 2882 Evangelii
722 2808 809 2863 lucem
832 2809 992 2882 importarit.

154 2910 214 2967 434
232 2927 255 2964 a.
285 2903 364 2982 μετὰ
387 2903 442 2984 τὴν
463 2901 560 2966 αὐτοῦ
581 2902 641 2966 ἀπὸ
664 2911 718 2985 τῆς
738 2903 886 2984 Πάτμου]
920 2909 979 2965 Non
1002 2909 1087 2984 igitur

65 2993 93 3050 in
116 2992 213 3050 Patmo
242 2994 349 3067 scripsit
377 2994 566 3067 Evangelium,
594 2995 642 3050 sed
667 2987 778 3068 Ephesi.
821 2995 914 3068 Neque
942 3012 1005 3051 vero
1033 2992 1085 3050 sub

66 3077 190 3145 Claudio,
214 3080 263 3135 scd
285 3078 335 3134 sub
351 3079 435 3135 Nerva
451 3079 564 3136 Cocceio
586 3078 618 3135 ab
642 3079 720 3135 exilio
743 3097 867 3136 reversus
891 3088 941 3146 est,
965 3078 1085 3155 quamvis

65 3163 167 3221 iterum
189 3172 285 3238 postea
307 3163 358 3220 sub
382 3143 492 3221 Claudio
515 3174 669 3222 revocatum
691 3165 796 3220 asserit.

155 3268 216 3324 435
232 3285 257 3322 a.
287 3268 387 3323 ταῦτα
409 3262 440 3323 ἐν
463 3265 657 3347 Βηθαβαρᾷ]
681 3267 799 3341 Utraque
821 3285 871 3323 vor
893 3274 920 3322 et
938 3264 1088 3323 Bethabara

67 3361 97 3411 ct
117 3350 248 3408 Bethania
276 3352 347 3425 apud
375 3353 501 3427 antiquos
529 3353 673 3426 reperitur.
719 3351 783 3408 Vide
806 3369 874 3425 quae
897 3350 929 3406 dc
952 3349 1087 3409 hocloco

67 3436 206 3595 {cvraigzerc
228 3435 325 3492 blasius
349 3446 376 3493 et
399 3438 537 3494 serrarius
565 3438 593 3493 in
614 3438 709 3502 losuc‚
740 3436 854 3493 llaldon.
877 3444 904 3493 ct
927 3434 1038 3492 Toletus
1060 3435 1088 3493 in

157 3625 218 3681 435
234 3621 260 3679 d.
288 3617 340 3677 ἵνα
370 3617 452 3700 δείξῃ
479 3615 558 3696 μετὰ
584 3616 639 3690 τὰς
666 3615 909 3698 τεσσαράκοντα]
947 3619 1089 3695 Epiphanii

65 3708 206 3764 sententia
228 3707 296 3763 haec
317 3717 368 3774 est,
392 3707 529 3764 Christum
552 3717 613 3781 post
637 3710 675 3767 40
699 3707 802 3763 diorum
825 3706 954 3762 ieiunium
977 3714 1005 3762 et
1027 3715 1090 3761 ten·

69 3792 202 3850 tationem
226 3793 252 3847 in
276 3793 418 3849 Galilaoam
441 3809 504 3848 esse
525 3792 687 3866 proiectum,
712 3792 885 3864 indidemque
906 3790 938 3846 ad
960 3791 1089 3847 loannem
1160 3780 1164 3787 ’

67 3887 99 3936 ct
117 3878 261 3935 Iordanem
282 3878 435 3941 revertisse,
460 3893 514 3951 quo
538 3886 660 3951 tempore
675 3878 790 3933 loannes
806 3876 881 3932 illum
897 3875 1010 3931 intuitus
1026 3891 1090 3929 rur-

69 3979 133 4020 sum
155 3962 191 4019 de
212 3963 272 4036 ipso
295 3971 409 4018 testatus
433 3971 484 4025 est,
508 3963 581 4020 loan.
602 3966 626 4028 l,
644 3964 694 4021 36.
724 3961 792 4017 lum
815 3961 885 4017 enim
908 3959 1090 4015 ambulantem

69 4048 171 4105 vidisse
193 4048 281 4104 lesum
304 4046 398 4103 scribit
420 4047 542 4105 loannes.
571 4050 607 4105 ht
621 4047 787 4122 Epiphanius
804 4047 841 4103 29
859 4053 887 4100 et
904 4046 941 4103 30
958 4049 1091 4099 commata

71 4149 136 4191 cum
160 4134 199 4191 35
215 4141 243 4189 et
260 4132 299 4191 36
322 4132 476 4189 confudisse
499 4133 613 4198 ridetur,
637 4149 698 4189 oum
721 4149 753 4189 cr
768 4129 912 4204 Evangelio
926 4127 1031 4203 prolert
1051 4125 1091 4205 τῇ
