2586 4822
156 797 218 859 206
501 808 579 858 trani
598 808 694 858 nexu
715 808 828 859 cnutus

156 966 237 1023 lsrael
260 965 293 1019 ad
315 963 508 1036 inspiciendam
525 972 624 1019 terrani
645 963 842 1036 promissionis,
867 972 894 1018 et
910 979 960 1018 nec
976 963 1055 1019 istam
1071 965 1178 1037 reperi-

156 1068 215 1105 mus
244 1049 276 1104 ad
312 1049 536 1121 compositionem
571 1056 781 1103 memoratorum
814 1047 933 1120 lapidum
968 1059 1175 1115 consonantem,

155 1134 362 1208 propterquod
385 1143 412 1188 et
435 1132 529 1188 lluben
554 1133 579 1187 in
603 1132 696 1205 primis
720 1143 877 1188 numeratus
901 1141 951 1196 est,
976 1133 1037 1189 dein
1054 1133 1174 1195 Simeon,

155 1219 251 1274 deinde
274 1218 361 1281 ludas,
386 1218 446 1272 exin
469 1218 599 1281 issachar,
624 1226 651 1272 et
667 1216 794 1290 deinceps
810 1217 856 1291 qui
872 1225 1035 1289 sequuntur,
1059 1228 1087 1275 et
1109 1228 1214 1279 nus-ta

129 1313 235 1378 aquarn
259 1304 321 1358 Levi
344 1302 446 1357 mentio
469 1301 537 1357 laeta
560 1312 611 1356 est.

240 1388 423 1442 Transeuntes
445 1387 529 1458 igitur
551 1388 584 1441 ad
606 1402 704 1440 nonam
728 1386 900 1447 divisionem,
939 1395 966 1442 ct
994 1387 1080 1459 ipsam
1111 1403 1179 1442 con-

155 1474 300 1547 speximus,
324 1471 482 1543 «quaefacta
505 1481 547 1527 est
570 1487 601 1525 eu
623 1480 769 1543 praecepto
794 1471 913 1534 Domini,
948 1472 1019 1526 sicut
1048 1471 1076 1525 in
1105 1470 1177 1528 libro

154 1558 310 1614 continetur
332 1556 520 1618 Numerorum,
552 1555 658 1627 quando
688 1555 762 1610 missi
785 1566 849 1611 sunt
878 1555 1013 1628 principes
1042 1553 1174 1621 tribuum,

154 1651 185 1698 ut
212 1652 286 1697 sorte
315 1640 464 1696 dividerent
492 1650 590 1695 terram
624 1640 811 1712 promissionis
840 1640 901 1696 liliis
928 1640 1026 1705 lsrael;
1068 1649 1098 1696 et
1126 1658 1176 1698 nec

115 1734 145 1785 to
155 1727 233 1782 istam
263 1726 385 1781 similiter·
413 1726 446 1780 ad
474 1725 696 1797 consequentiam
723 1724 840 1796 lapidum
876 1735 1002 1797 coaptare
1033 1724 1175 1782 valuimus.

153 1811 323 1867 lru‘enicntcs
347 1812 417 1865 eninr
440 1809 530 1865 ludam
554 1810 669 1882 primum
694 1810 827 1882 positum,
862 1809 923 1864 dein
946 1807 1119 1874 Simeonem,
1150 1819 1177 1867 et

154 1906 248 1970 postea
271 1895 423 1959 beniamin3
449 1894 504 1949 [lan
528 1911 636 1967 quoquc
659 1903 687 1949 et
710 1893 859 1958 Manassen,
883 1911 989 1950 necnon
1013 1902 1041 1949 et
1055 1893 1174 1966 Ephrem

154 1990 182 2036 et
197 1980 326 2041 Zabulon,
351 1989 378 2035 et
401 1978 528 2052 deinceps
544 1980 676 2041 lssachar‚
700 1979 760 2033 enin
776 1981 844 2034 Aser
867 1989 894 2034 et
912 1979 1056 2034 novissime
1073 1978 1176 2052 Nepta-

153 2065 208 2128 lim,
233 2074 260 2120 et
282 2079 377 2118 rursus
400 2062 501 2118 tribum
524 2063 585 2118 levi
608 2064 775 2135 reperientes
798 2064 934 2127 omissam,
959 2072 986 2120 et
1002 2064 1102 2136 loseph
1125 2064 1177 2120 du·

118 2157 144 2206 ta
156 2149 262 2221 pliciter
284 2156 471 2203 enumeratum
494 2147 520 2202 in
536 2147 663 2219 Ephrem,
688 2157 715 2203 ct
730 2147 888 2212 llanassem,
913 2148 982 2204 hanc
998 2148 1080 2203 etiam
1096 2165 1176 2221 prae-

153 2232 333 2295 termisimus,
366 2239 393 2287 et
420 2232 447 2286 iu
470 2231 600 2287 decimam
623 2231 780 2288 divisionem
803 2232 981 2288 intentionem
1004 2233 1104 2288 mentis
1127 2234 1177 2289 ad·

154 2318 348 2387 rnonuiuust),
373 2333 423 2372 nec
446 2317 530 2389 ipsam
553 2317 686 2390 quivimus
715 2318 834 2373 invenire
861 2316 995 2390 lapidibus
1018 2332 1178 2375 consonan-

154 2412 224 2463 tem:
257 2402 356 2456 etenim
386 2401 493 2473 quaudo
522 2400 658 2457 benedixit
686 2401 775 2458 lloses
804 2402 864 2458 liliis
897 2401 979 2458 lsrael
1015 2419 1174 2475 proponens

152 2487 289 2543 Beniamin
319 2496 446 2558 quartum
469 2496 531 2558 post
553 2487 629 2550 Leti,
662 2485 723 2542 dein
746 2488 859 2560 loseph,
895 2497 922 2543 et
950 2503 1011 2542 cum
1040 2486 1176 2544 Simeonis

113 2572 255 2631 tonullam
277 2570 368 2626 intulit
391 2572 565 2634 mentionem,
590 2571 756 2643 impossibile
778 2572 829 2627 luit
851 2588 910 2627 eam
925 2581 1052 2644 coaptare
1078 2571 1176 2645 lapidi·

151 2657 213 2712 bus.
251 2656 338 2711 Habet
361 2665 451 2712 autem
475 2656 525 2711 ita:
556 2655 668 2719 Ruben,
692 2656 786 2720 ludas,
815 2657 892 2719 Leti,
922 2656 1076 2722 Beniamin3
1115 2657 1177 2713 dein

152 2742 259 2815 loseph,
283 2740 404 2798 Zabulon
428 2750 455 2797 et
476 2742 613 2806 lssachar;
645 2741 742 2796 deinde
765 2740 830 2804 Gad,
860 2741 906 2813 qui
930 2751 971 2796 est
993 2740 1105 2797 ancillae
1129 2758 1176 2797 se-

152 2828 256 2883 cundae
280 2826 359 2890 lilius,
384 2835 559 2899 praepostere
582 2825 702 2899 positus;
726 2826 787 2882 dein
810 2824 866 2880 Dan
889 2835 917 2881 et
939 2825 1088 2898 Neptalim3
1112 2826 1176 2882 dein

152 2913 220 2965 tlser
242 2911 362 2965 omnium
385 2911 561 2974 iratissimus,
594 2911 640 2982 qui
669 2919 696 2965 et
723 2911 781 2984 ipse
811 2909 946 2966 secundae
968 2909 1081 2966 ancillae
1103 2909 1176 2966 lilius

112 2994 299 3053 eainrenitur.
337 2993 385 3047 llic
408 2994 502 3057 etiam,
534 2995 596 3068 quia
619 3011 748 3050 numerus
777 2995 934 3050 imminutus
958 3003 1014 3059 est,
1046 2994 1222 3052 Simeonem

153 3078 355 3151 praetermisso,
379 3077 416 3131 las
440 3094 494 3132 non
517 3089 575 3134 crat
598 3079 754 3135 divisionem
777 3091 856 3135 istam
878 3078 1011 3154 lapidibus
1034 3079 1177 3136 rationalis

152 3179 236 3236 posse
259 3177 420 3233 congruere.

237 3246 340 3300 llursus
369 3255 397 3301 et
424 3247 494 3301 hanc
522 3249 770 3319 praetermittentes
805 3249 831 3303 in
861 3248 1029 3304 undecimam
1058 3247 1179 3305 sollicita

151 3347 263 3405 prorsus
285 3331 436 3386 intentione
458 3333 638 3404 pervenimus,
662 3342 689 3388 et
711 3333 862 3405 reperimus
885 3331 930 3387 ubi
945 3332 1084 3405 praecepit
1097 3332 1179 3408 bloy-

110 3425 206 3480 attses,
231 3423 260 3471 ut
282 3415 423 3472 duodecim
447 3416 533 3472 tribus
556 3426 629 3473 steut
651 3417 684 3473 ad
706 3416 921 3473 benedicendum
950 3425 977 3472 et
1005 3415 1177 3475 maledicen-

152 3501 230 3562 dum,
254 3516 300 3555 ser
324 3500 350 3555 in
373 3510 465 3556 monte
489 3501 603 3557 Gerizim
626 3510 654 3557 et
676 3519 723 3557 sen
751 3503 777 3557 in
801 3511 893 3558 monte
917 3500 1013 3565 Gebal,
1048 3501 1124 3559 sicut
1147 3504 1176 3559 in

148 3585 359 3640 Deuteronomio
388 3585 520 3658 probatur
548 3589 711 3659 ascriptum,
751 3604 866 3660 quarum
898 3587 990 3642 divisio
1021 3584 1084 3642 talis
1116 3597 1175 3645 est:

151 3670 279 3732 Stabunt,
302 3670 404 3742 inquit,
433 3672 464 3726 in
485 3680 576 3727 monte
601 3670 729 3728 Gerizim
750 3675 789 3726 cd
811 3672 1025 3727 benedicendum
1046 3668 1173 3736 Simeon,

151 3756 226 3818 Levi,
249 3754 344 3818 Iudae,
368 3754 511 3819 Issacbur,
535 3756 636 3828 loseph
660 3766 685 3811 et
708 3757 872 3822 Betriacum
896 3765 922 3810 et
942 3756 973 3811 ltt'
993 3756 1111 3811 stabunt
1134 3759 1175 3812 ad

111 3841 372 3900 atmaledicendum
393 3841 423 3896 in
445 3849 536 3896 utente
561 3839 659 3904 Gebat,
684 3841 788 3906 herbert,
819 3839 892 3905 Gad,
922 3838 999 3904 aser,
1029 3840 1173 3903 Zabulon.

234 4109 256 4167 g)
276 4107 315 4156 Sic
335 4107 396 4166 cod,
416 4105 458 4154 sed
478 4106 538 4155 lorte
557 4105 732 4156 restituendum
752 4116 795 4171 est,
815 4110 965 4158 adoravimus.
