2586 4822
432 860 722 911 aummensrouns.
1024 844 1087 909 tet

69 1014 221 1088 prostent,
248 1030 264 1071 e
292 1032 346 1089 qno
368 1016 521 1073 homeritae
548 1017 680 1089 originem
703 1016 859 1089 acceperint
878 1015 932 1072 suh
954 1018 1089 1073 mitonins

65 1098 126 1164 Pru,
149 1116 205 1174 quo
228 1099 323 1156 eodem
345 1101 504 1174 imperante,
526 1111 609 1176 utque
631 1112 702 1159 anno
724 1100 796 1157 ihiuo
824 1100 1018 1157 teutrannus
1039 1120 1088 1158 ex.

66 1184 162 1240 titerit.
195 1184 248 1240 Sed
269 1202 333 1241 euin
355 1203 386 1241 ex
409 1186 452 1248 iis,
474 1204 545 1260 quiae
559 1187 640 1259 patrio
657 1198 719 1242 aute
733 1187 869 1259 dispinteta
884 1196 956 1247 sum,
980 1196 1087 1243 eonotot

64 1270 200 1325 lustinum
223 1271 331 1326 nonnisi
351 1271 401 1325 suh
418 1272 506 1326 hiereo
523 1271 630 1326 Aurelio
649 1289 756 1342 passum
774 1288 843 1334 esse,
867 1271 1006 1326 Tatianum
1023 1289 1086 1328 vero

63 1355 204 1427 aliquanto
227 1357 306 1411 etiam
328 1368 423 1431 postea
447 1355 584 1412 haeresim
608 1374 682 1411 suam
706 1355 867 1422 condidisse,
891 1356 1030 1411 manifesta
1043 1357 1086 1412 hic

62 1450 107 1495 est
131 1449 283 1513 temporum
307 1441 486 1513 perturbatio.
518 1440 594 1510 urrant
614 1442 645 1497 ari
664 1441 845 1513 cataphrygas
862 1450 975 1512 spectat,
999 1441 1086 1496 Euse-

62 1523 126 1581 bius
156 1525 183 1581 iu
206 1525 306 1582 Chron.
329 1542 401 1581 anno
424 1525 457 1581 hl.
482 1527 583 1582 Aurelii
609 1530 641 1583 11
674 1526 768 1582 scribit
792 1527 990 1599 Cataphrygam
1014 1525 1086 1580 liae-

62 1611 148 1666 resim
170 1611 286 1666 authore
312 1610 440 1667 Montano
464 1620 491 1666 et
515 1611 633 1667 Prioriha
657 1629 687 1667 ac
711 1611 850 1666 Maximilla
875 1610 1012 1666 exordium
1036 1612 1086 1666 ha·

63 1694 169 1751 huisse.
209 1695 278 1750 Tum
299 1711 370 1752 anno
393 1706 525 1769 sequente
548 1696 696 1752 Eneratites
719 1696 830 1751 Tutiano
852 1695 919 1751 dtree
942 1695 1085 1768 prodiisse.

10 1764 17 1783 ’
62 1780 140 1848 Quae
168 1781 191 1835 si
219 1797 282 1835 vera
309 1790 390 1844 sunt,
419 1781 520 1837 'fotiani
549 1789 577 1837 et
603 1781 798 1837 Eneretitarum
829 1780 937 1836 haeresi
966 1781 1084 1853 priorem

63 1874 176 1938 oportet
198 1883 258 1922 esse
286 1866 484 1940 Cataphrygum
508 1866 655 1929 haeresim,
678 1876 772 1921 eontra
795 1866 948 1921 institutum
971 1865 1005 1919 ah
1020 1866 1124 1937 Epi-85

62 1951 166 2024 phanio
188 1950 320 2015 ordinem,
344 1968 376 2007 ao
396 1951 448 2007 sub
470 1951 579 2007 Aurelio
602 1952 730 2006 ‹iuntaxat
752 1950 917 2023 Imperatore
940 1952 1069 2006 extitisse.

152 2038 212 2092 tut
229 2053 254 2091 a.
285 2029 336 2109 ἔτη
364 2031 424 2112 γάρ
453 2032 527 2093 εἰσιν
554 2029 667 2108 ἔκτοτε]
707 2036 805 2091 Vitium
833 2037 859 2091 iu
890 2053 1012 2091 numeris
1032 2044 1083 2091 est.

60 2124 159 2175 Αιιιιιιε
181 2122 310 2177 Antonini
337 2125 373 2178 19
396 2121 523 2194 congruit
545 2139 617 2178 anno
634 2121 732 2177 Christi
752 2124 825 2178 156:
849 2138 935 2176 annus
958 2121 1084 2177 veroVa·

61 2205 205 2260 ieratinieni
226 2208 260 2263 te
284 2207 409 2262 convenit
425 2207 524 2262 Christi
541 2210 611 2264 375.
642 2206 789 2262 hisenimon
806 2216 848 2262 est
862 2224 994 2262 annorum
1013 2208 1083 2264 220.

62 2290 158 2363 ltaque
185 2308 235 2363 pro
267 2286 409 2346 drauhsno
430 2283 637 2365 ἐννενήκοντα,
666 2291 836 2346 scribendum
871 2292 920 2347 tun
943 2285 1084 2348 διακόσια

59 2392 166 2430 textam.

148 2462 212 2517 405
227 2458 255 2515 b.
284 2451 438 2534 pistrinarum
459 2455 517 2536 γὰρ
540 2454 597 2533 τὴν
619 2453 655 2515 rh'
681 2451 819 2534 ἀπειλήν]
851 2460 889 2515 he
913 2462 964 2516 hoe
987 2461 1083 2516 diuini·

60 2553 105 2599 tus
128 2544 204 2601 edito
218 2544 372 2617 Prophetae
397 2547 521 2601 inuisitato
545 2544 657 2601 consule
675 2562 744 2619 quae
760 2563 774 2600 a
791 2545 934 2600 Sacrorum
950 2544 1081 2601 lihrorum

59 2628 260 2703 iuterpretihus
283 2630 420 2686 uberrime
443 2631 624 2703 disputantur.

149 2717 210 2772 409
227 2733 251 2770 a.
284 2707 325 2782 ὡς
353 2708 370 2772 ὁ
397 2713 539 2790 ithai-orig
566 2709 671 2791 φησίν]
709 2714 786 2782 Quod
815 2723 943 2788 tanquam
971 2714 1082 2770 aiioso

61 2800 166 2856 dietum
188 2800 288 2856 Paulos
317 2800 349 2854 ιιιΙ
379 2800 460 2857 hebr.
484 2802 556 2857 et2
577 2808 788 2863 conmemorat,
818 2814 907 2872 neque
937 2808 1026 2855 tamen
1054 2799 1081 2855 in

60 2896 153 2941 vetere
176 2885 360 2943 lustrmneuto
383 2886 492 2959 iegitur.
523 2886 656 2957 Pleraque
680 2885 760 2946 enim,
785 2893 814 2939 ut
836 2883 963 2939 ohserrat
984 2885 1082 2940 lhero-

59 2987 169 3044 nymus,
193 2971 220 3025 in
244 2971 294 3026 hae
308 2969 427 3044 Epistola
451 2972 526 3043 qumi
549 2970 582 3026 de
598 2979 690 3025 vetere
705 2969 878 3024 'testamento
895 2969 1080 3042 proteruntur,

59 3072 131 3129 qnae
154 3055 181 3110 in
205 3054 250 3111 iilo
273 3057 382 3111 minime
405 3056 587 3129 reperiuntur.

148 3143 211 3198 tto
226 3157 251 3195 a.
279 3133 298 3215 ἡ
324 3136 356 3196 δι’
378 3134 450 3214 ἁγία
472 3134 626 3213 ἐκκλησία]
650 3138 747 3194 Totum
770 3139 823 3194 hoe
845 3147 926 3211 eaput
949 3138 1081 3211 insignem

59 3224 144 3281 hahet
173 3242 251 3281 usum
282 3227 314 3280 ad
337 3226 504 3281 h'athoheum
531 3225 627 3297 ‹logma
651 3224 683 3303 ah
706 3224 910 3280 haeretieorum
933 3224 1027 3278 invirtia
1050 3238 1081 3280 ae

58 3311 196 3366 ratumniu
218 3310 414 3373 vindicandum,
438 3311 483 3384 qui
508 3320 537 3366 ut
561 3310 668 3364 mutium
694 3309 798 3365 unitum
821 3326 853 3364 ae
868 3309 1080 3365 moderationem

59 3402 191 3458 retinent,
214 3412 275 3451 euru
299 3394 331 3451 ah
347 3395 466 3452 Eerlesia
488 3394 668 3451 commendari
691 3395 799 3466 «paridem
823 3395 939 3467 nuptias,
963 3394 1010 3448 sed
1028 3394 1081 3449 vir-

56 3481 200 3552 ginitatem
224 3481 472 3554 continentiamque
495 3480 624 3553 praeferri
647 3479 745 3541 vident.
770 3478 918 3534 exclamant
941 3479 1029 3543 illieo,
1054 3487 1081 3534 et

59 3567 87 3620 in
111 3565 308 3621 consentimus
331 3566 386 3620 suis
413 3566 483 3637 apori
506 3565 644 3638 imperitos
667 3563 811 3636 perfidiose
834 3581 864 3618 ao
887 3563 984 3619 stolide
1007 3581 1082 3619 vona·

59 3649 194 3712 terantur.
217 3650 336 3706 damnari
358 3667 373 3704 a
392 3650 536 3706 Catholicis
559 3650 675 3722 nunptios,
700 3666 729 3705 ae
752 3649 874 3705 ethorum
898 3666 949 3703 usu
972 3649 1080 3722 pentum

57 3734 195 3791 interdici.

148 3822 210 3876 416
227 3817 253 3875 b.
281 3815 333 3872 ‘ino
355 3812 388 3874 δι’
410 3813 507 3892 paphie
521 3814 765 3890 xoru'ter'muprrr]
790 3817 978 3873 Theodorutus
993 3822 1080 3873 Asco-

57 3903 166 3967 drntas,
190 3903 231 3960 vel
252 3904 459 3976 herodrupitas,
490 3905 544 3959 sire
567 3904 773 3976 Taseorhupitas
795 3902 926 3975 appellat,
951 3903 995 3975 qui
1019 3902 1080 3957 iho-

56 4007 120 4045 rmn
143 3989 270 4062 dogmata
294 3989 417 4061 pluribus
440 3990 590 4062 exequitur.
622 3987 780 4044 philastrius
803 4005 866 4043 vero
889 3988 1080 4060 hseorhogitas

55 4092 73 4129 a
97 4074 341 4146 Paeulorynrhitis
366 4074 494 4129 secernit.

147 4152 261 4224 τιισκὸς
281 4151 352 4235 παρ’
371 4152 475 4225 αὐτοῖς
496 4149 664 4229 πάσσαλος]
688 4157 814 4230 hrungue
830 4174 879 4212 uon
895 4167 937 4213 eet
952 4175 967 4213 a
982 4173 1081 4213 recon-
