2586 4822
153 797 197 861 κθ
352 806 386 860 ιι.
421 810 485 858 ειΣ
503 811 577 858 τινα
594 810 718 861 σκότια
736 810 809 860 τοι·
824 810 963 861 mov.

154 962 190 1028 αἱ
219 962 411 1028 δεσποτικαὶ
440 966 500 1027 τοῦ
529 960 692 1027 δεσπότου
708 954 874 1044 ’δυνάμεις
904 971 978 1038 ταῖς
1007 959 1143 1026 ἐναντίαι

154 1058 331 1143 δυνάμεσιν
354 1059 463 1144 ἔλεγον
486 1055 568 1142 όμσῦ
591 1084 627 1124 τε
647 1059 699 1123 καί
727 1059 957 1125 κατέσπευδον.
992 1056 1048 1123 καὶ
1064 1056 1098 1122 οἱ
1110 1056 1143 1139 μί

154 1157 192 1223 τὸ
216 1157 438 1245 δεσμωτήριον
471 1157 506 1235 ἒξ
528 1151 635 1221 αὐτῶν
657 1157 723 1220 τῶν
746 1158 910 1238 θεμελίων
932 1161 1142 1221 κατέσκαπτε

155 1255 187 1320 οἱ
210 1256 245 1320 δὲ
266 1253 325 1332 τὰς
348 1253 496 1332 ἐναντίας
520 1253 669 1332 ἐξουσίας
690 1255 886 1319 κατεδίωκον
910 1252 1031 1318 ἐκτῶν
1054 1252 1143 1331 ἰξωτι

128 1373 219 1436 ερων
242 1359 399 1435 ταμιείων
422 1350 606 1438 φευγούσας
628 1349 806 1435 ἐνδότερον.
836 1354 889 1416 καί
914 1348 1007 1415 ἄλλοι
1031 1350 1092 1428 τὰς
1112 1374 1143 1419 κι

153 1449 305 1526 ταδύσεις
333 1451 385 1515 καί
413 1447 456 1514 τό
484 1448 627 1535 φρούρια
659 1451 712 1513 καί
744 1447 787 1514 τὰ
815 1447 963 1513 σπίλαια
992 1446 1143 1533 διηρεύνα

154 1550 205 1612 καί
231 1548 367 1631 ἔτρεχον,
397 1550 449 1612 καί
481 1546 586 1631 ἕτεροι
615 1542 713 1623 δίλλος
742 1542 842 1611 ἄλλον
864 1543 1008 1610 ἄλλοθεν
1033 1546 1143 1629 δέσμει

154 1646 200 1729 τῷ
224 1643 368 1730 δεσπότῃ
391 1649 617 1730 προσέφερον,
646 1645 699 1709 καί
730 1641 827 1709 ἄλλοι
852 1642 908 1707 τὸν
936 1643 1096 1725 τύραννον
1118 1642 1143 1711 δ.

154 1751 252 1824 σμοῖς
274 1735 406 1819 ἀλύτοις
429 1742 528 1821 ἔδεον,
560 1744 612 1807 καί
643 1741 749 1824 ἕτεροι
776 1741 853 1819 τοὺς
875 1734 937 1806 ἀπ’
968 1741 1091 1820 αἰῶνος
1117 1740 1143 1807 δ.

117 1846 270 1922 ιοσμίους
285 1835 439 1904 ἀπέλυον.
470 1845 522 1905 καί
539 1837 634 1905 ἄλλοι
651 1840 839 1917 ἰπίταττον,
856 1841 908 1903 καί
925 1838 1030 1921 ἕτεροι
1044 1835 1143 1920 ύπούι

152 1961 230 2022 χουν
253 1932 298 2014 ῶς
319 1936 465 2017 τάχιστα.
503 1941 557 2003 καί
581 1938 612 2001 οἱ
635 1938 694 2019 μὲν
717 1937 942 2020 εἰσερχομένου
964 1939 1022 2001 τούΙ
1046 1937 1143 2002 δεσπι

153 2060 211 2100 του
235 2033 401 2117 ἐνδότερον
424 2041 636 2118 προέτρεχον,
676 2034 706 2100 οἰ
737 2035 772 2100 δὲ
801 2030 845 2111 ῶς
866 2034 998 2118 βασιλεῖ
1020 2036 1073 2098 καί
1097 2038 1143 2100 δε

154 2131 319 2218 νικηφόρῳ
342 2138 558 2216 παρείποντο.
596 2133 719 2198 τούτων
743 2131 780 2220 δι’,1
805 2130 924 2197 λοιπόν
947 2127 1060 2209 οὕτως,
1086 2125 1143 2197 ἇλλ

153 2232 204 2294 καί
229 2224 312 2313 ὑπὲρ
335 2229 459 2295 τούτων
482 2230 515 2295 ἰν
537 2226 698 2314 τῷἍιδη
727 2236 902 2313 γινομένων
936 2254 971 2294 τε
999 2230 1052 2294 καί
1083 2235 1143 2313 βου

116 2333 258 2410 ἱεμένων
287 2329 339 2392 καί
369 2327 622 2410 δρυλλουμίνων
645 2324 802 2393 δυνόντων
831 2329 882 2391 καί
907 2332 1096 2408 σινομένων,
1126 2352 1143 2393 υ

153 2421 171 2510 ἡ
195 2428 252 2491 τού
278 2424 441 2490 δεσπότου
464 2431 632 2509 παρουσία
654 2418 739 2490 αότὰ
760 2424 801 2489 τὰ
823 2424 994 2490 κατώτατα
1023 2427 1091 2491 τῶν
1112 2450 1143 2491 κι

152 2523 307 2588 τωτύτων
335 2521 595 2606 καταλαμβάνειν
624 2522 769 2606 ἔμελλεν,
810 2515 953 2604 όἈδὰμ
983 2521 1123 2603 ἐκεῖνος,

152 2621 287 2687 πάντων
300 2613 490 2704 ἀνθρώπιον
503 2620 750 2705 πρωτόκτιστος
762 2621 814 2684 καί
833 2620 1100 2702 πρωτόπλαστος
1114 2646 1143 2687 ιιι

153 2717 392 2803 πρωτόδνητσς
414 2718 582 2802 ἰνδότερος
601 2718 745 2798 πόντων,
768 2717 852 2801 μετὰ
867 2717 993 2803 πολλῆς
1007 2721 1143 2805 τινοςτί

112 2843 144 2892 20
154 2811 336 2901 ἀσφαλείας
359 2817 493 2899 δέσμιος
514 2815 727 2898 κατεχόμενος
758 2812 854 2898 ἤκουε
876 2817 941 2879 τῶν
963 2819 1021 2880 τοῦ
1046 2817 1143 2883 δεσπι

152 2935 211 2977 του
234 2913 347 2978 ποδῶν
371 2912 456 2995 πρὸς
476 2912 553 2991 τοὺς
569 2915 723 2997 δεσμίους
741 2912 976 2996 εἰσερχομένου,
1000 2916 1052 2979 καί
1072 2914 1143 3000 έχνα

152 3032 224 3092 ρισε
252 3007 309 3096 την
338 3010 450 3097 φωνὴν
480 3005 579 3076 αὐτοῦ
609 3012 873 3095 περιπατοῦντος
902 3010 935 3076 ἰν
963 3014 1010 3095 τῷ
1041 3012 1143 3095 δεσμα

152 3113 263 3191 τηρίιμ,
286 3109 341 3172 καὶ
363 3111 520 3194 στραφεὶς
543 3109 628 3193 πρὸς
651 3106 801 3185 ἅπαντας
822 3107 900 3185 τοὺς
922 3107 981 3173 σύν
1004 3102 1094 3195 αύτῷ
1111 3103 1143 3176 ἂν

153 3205 273 3282 αἰῶνος
296 3205 449 3289 δεσμίους
472 3211 563 3293 φησί,
587 3206 698 3295 φωνην
721 3207 836 3272 ποδῶν
854 3229 944 3283 τινος
959 3199 1068 3271 ἀκούω
1085 3206 1143 3293 πρί

113 3297 237 3389 οεὴμᾶς
253 3301 487 3388 εἰσερχομένου.
518 3309 570 3371 καί
588 3304 643 3371 ἐὰν
660 3300 744 3380 ὅλως
760 3305 907 3370 ἐνταῦθα
922 3302 1044 3381 ἐκεῖνος
1059 3329 1143 3391 παρι

153 3406 309 3484 γενέσθαι
330 3403 537 3487 κατηξίωσεν,
572 3398 665 3490 ἡμεῖς
693 3405 758 3467 τῶν
782 3403 910 3484 δεσμῶν
934 3396 1143 3488 ηλιυδεριύθι

152 3523 220 3580 μεν.
251 3498 306 3564 ἐὰν
330 3495 414 3577 ὅλως
437 3499 559 3566 ἐκεῖνον
580 3494 656 3584 μεθ’
680 3495 772 3587 Ιἡμῶν
796 3494 972 3582 όφῶμεθα,
997 3495 1093 3583 ἡμεῖς
1111 3522 1143 3567 τι

145 3591 265 3662 (Ἅιδου
287 3597 506 3680 λυτρούμεθα.

241 3695 352 3758 Ταῦτα
380 3696 432 3759 καί
460 3692 503 3759 τὰ
529 3697 666 3760 τοιαῦτα
693 3697 751 3759 τοῦ
777 3688 884 3777 Ἀδὰμ
920 3693 1005 3777 πρὸς
1039 3694 1143 3761 πόνει

111 3792 229 3869 κριούς
250 3792 504 3876 συγκαταδίκους
527 3786 626 3858 αύιοῦ
649 3793 798 3876 λέγοντος
820 3792 975 3877 εἰσῆλθεν
1002 3785 1020 3853 ό
1045 3791 1143 3858 δεσπι

153 3914 209 3973 της
231 3887 317 3972 πρὸς
339 3882 466 3967 αὐτούς,
489 3890 527 3954 τὸ
550 3890 710 3976 νικητικὸν
736 3887 840 3955 ὅπλον
862 3891 920 3954 τοῦ
943 3892 1087 3971 σταυροῦ
1110 3913 1143 3955 ιιι

152 3991 261 4066 τίχων.
301 3981 337 4049 ὃν
360 3984 439 4050 ἰδῶν
463 3982 605 4071 δἈδδμ
630 3984 647 4051 ό
670 3987 935 4071 πρωτόπλαστος
966 3988 1022 4052 καὶ
1050 3989 1090 4074 τῇ
1119 3984 1143 4055 ἐι

153 4080 269 4167 πληξει
291 4080 329 4147 τὸ
352 4085 479 4168 στῆθος
500 4084 609 4171 τύψας
630 4083 747 4171 ἐβόησε
768 4084 853 4170 πρὸς
872 4083 1001 4163 πάντας
1014 4077 1143 4164 τοὺςδα
