2586 4822
166 784 230 876 'tas
466 838 468 842 ⁴
610 826 736 879 rouomr

251 983 278 1039 td
301 992 391 1039 autern
414 992 445 1039 ut
465 982 578 1047 taedius,
602 981 757 1056 diligentius
777 981 861 1055 atqua
880 978 1034 1037 distinctius
1056 980 1188 1055 expedia-

164 1086 235 1131 mus,
258 1069 284 1124 in
307 1069 400 1142 primis
422 1068 553 1142 optimum
576 1068 699 1141 proiecto
724 1069 775 1124 erit
796 1066 1017 1129 animadvertere,
1044 1074 1075 1120 ut
1097 1065 1187 1139 piuri-

165 1170 237 1210 mum
260 1170 315 1210 non
338 1169 399 1210 esse
421 1169 486 1208 usos
508 1162 623 1218 veteres,
646 1169 708 1209 eum
730 1151 864 1227 episeopis
887 1149 1048 1213 scriberent,
1074 1151 1185 1224 episeo-

165 1248 243 1314 patus
266 1255 360 1295 eorum
383 1238 473 1294 locum
496 1238 662 1311 exprimere;
685 1238 762 1293 cuius
777 1237 817 1293 rei
832 1235 1015 1309 exemplorum
1032 1234 1104 1309 pleni
1119 1245 1185 1293 suat

165 1324 234 1380 iibri.
265 1323 412 1397 Epistulam
435 1322 515 1378 etiam
538 1322 625 1387 ittam,
655 1339 770 1396 quacum
792 1320 959 1397 Epiphanius
983 1320 1101 1376 diodoro
1122 1321 1185 1394 epi·-
1219 1321 1224 1330 '

165 1425 250 1482 scopo
277 1407 375 1464 librum
404 1407 446 1462 ne
471 1409 584 1479 permis
610 1408 697 1473 misit,
727 1408 809 1464 tuisse
832 1405 912 1462 tatem
935 1420 989 1461 nou
1012 1405 1101 1461 sotum
1122 1421 1183 1463 moa

112 1494 218 1550 xaristo
238 1494 344 1555 suadet,
367 1492 415 1548 sed
438 1501 578 1565 praeterea
597 1509 628 1549 ex
644 1508 676 1548 eo
691 1492 862 1566 comprobari
878 1490 1010 1554 existimo,
1033 1490 1109 1566 qnod
1123 1490 1185 1547 talia

164 1579 198 1634 sit
220 1577 290 1651 apud
307 1577 471 1641 Facundum,
496 1588 523 1633 et
546 1576 606 1633 talis
628 1594 738 1652 quoque
761 1579 787 1633 in
806 1577 865 1635 cod.
883 1575 1018 1640 Vaticano,
1043 1575 1184 1650 undenso

164 1662 234 1719 iilam
257 1663 362 1736 accepi;
386 1679 475 1736 neque
498 1672 540 1719 est
562 1663 750 1728 omittendum,
774 1663 847 1737 quod
870 1661 950 1717 etiam
965 1660 1123 1717 Anastasius
1138 1661 1183 1717 Si·

164 1748 234 1803 naita
263 1747 361 1803 librum
390 1745 431 1803 De
452 1749 565 1819 pemmis
592 1747 704 1804 laudans
733 1746 785 1804 sub
811 1745 919 1803 nomine
942 1744 1003 1801 libri
1024 1744 1184 1819 Epiphanii

163 1834 202 1889 od
217 1833 378 1898 Diodorum,
402 1834 468 1888 haec
491 1831 578 1889 solum
601 1832 698 1889 hahet:
722 1823 900 1910 ’Enrtpnvioo
915 1821 993 1908 πρός
1007 1821 1182 1904 Διόδωρον.

162 1917 221 1974 Hoe
243 1918 367 1991 cognito,
398 1926 454 1974 tum
479 1918 649 1983 Facundum,
674 1927 730 1974 tum
753 1918 890 1992 Fpitomes
912 1925 1051 1972 auctorem
1074 1915 1184 1973 aliunde

163 2003 271 2076 quidem
304 2004 395 2075 potius
424 2019 503 2074 quam
532 2020 546 2056 a
571 2001 649 2059 titulo
672 2003 757 2076 ipsius
781 2002 911 2078 epistolae
935 1999 1091 2075 Epiphauii,
1120 2017 1183 2057 mu·

163 2095 253 2143 tuatos
276 2104 336 2142 esse
359 2087 467 2143 ltiodori
490 2087 661 2160 episcopatus
684 2105 793 2152 nomen,
817 2105 871 2144 non
894 2086 1028 2143 immerito
1051 2085 1183 2142 creditur.

164 2171 229 2227 Cum
259 2181 348 2226 autem
379 2171 494 2227 Facundi
524 2173 670 2228 auctoritas
699 2173 824 2246 anonymi
859 2171 999 2244 scriptoris
1027 2171 1182 2226 auctoritati

162 2255 349 2330 comparabitis
379 2273 439 2311 esse
462 2273 515 2313 non
539 2256 674 2322 videatur,
704 2275 736 2313 eo
759 2258 843 2332 magis
866 2255 938 2331 quod
963 2255 1103 2310 Facundus
1127 2272 1182 2312 non

162 2341 276 2398 multum
300 2350 362 2413 post
384 2340 525 2415 Epiphanii
547 2350 663 2398 aetatem
685 2343 827 2408 claruerit,
852 2351 881 2399 et
902 2343 974 2396 inter
996 2340 1114 2397 Graecos
1136 2341 1183 2397 din

160 2435 283 2482 vorsatus
306 2427 355 2488 sit,
385 2426 602 2500 sententiamque
625 2427 694 2484 idam
717 2428 744 2483 in
767 2427 837 2484 libro
859 2429 898 2482 od
919 2426 1108 2480 lastinianum
1130 2427 1183 2481 ins·

157 2521 326 2585 perator-em,
351 2521 378 2567 et
401 2511 526 2568 consulto
549 2512 666 2586 quidem,
689 2522 718 2568 ut
734 2512 880 2569 Diodorum
896 2511 1055 2567 Tarsensem
1079 2528 1092 2566 a
1116 2528 1182 2567 sau-

160 2598 210 2654 etis
234 2596 358 2652 Patribus
380 2595 517 2653 laudatum
540 2597 623 2653 tuisse
647 2598 824 2671 demonstret,
848 2597 1009 2659 inseruerit,
1032 2597 1105 2670 quod
1130 2596 1184 2652 Fa-

161 2682 249 2738 cundo
272 2682 308 2737 sit
330 2682 465 2747 standum,
488 2699 579 2738 nonne
602 2683 689 2756 primo
711 2683 810 2738 iutuitu
828 2683 905 2739 tacite
920 2682 946 2738 in
962 2691 1082 2737 mentem
1097 2684 1182 2747 venit,

161 2777 189 2824 ot
210 2767 287 2823 facite
308 2783 359 2840 pro
382 2784 470 2840 aequo
492 2764 609 2823 trahetur
631 2778 659 2824 et
681 2765 760 2823 tuto?

246 2852 343 2906 Verum
366 2860 460 2907 contra
476 2852 559 2907 sentit
575 2852 770 2917 Titiemoutius,
795 2853 840 2926 qui
858 2853 1012 2908 Facundum
1028 2851 1093 2906 alias
1107 2868 1181 2927 qno·

161 2952 214 3010 que
237 2934 364 3008 epistolas
387 2935 498 2991 interius
521 2935 712 2993 describendas
727 2936 845 3008 (duabus
860 2938 1040 3012 potissimum,
1065 2937 1181 3011 quibus·

160 3034 221 3075 eum
245 3019 364 3093 retiquae
387 3029 462 3075 certe
484 3021 656 3087 conveniunt,
681 3022 713 3078 ad
736 3021 917 3097 detegendum
940 3023 1032 3079 dotum
1051 3032 1180 3079 sternen-

160 3102 233 3160 tibus
255 3104 338 3166 viam,
362 3113 390 3160 ot
412 3121 525 3177 quarum
548 3106 631 3162 attera
654 3106 792 3164 Athanasii
814 3116 871 3172 est,
895 3108 978 3164 attera
1001 3108 1179 3181 quomrmdam

160 3190 350 3262 episcoporum
373 3189 499 3264 Aegypti)
527 3190 559 3245 ad
583 3191 730 3248 diodorum
754 3193 913 3250 Tarsensem
936 3209 1079 3267 perperam
1102 3201 1181 3249 reta·

159 3273 224 3331 lisse
253 3274 320 3329 adeo
349 3274 469 3331 animose
497 3277 651 3342 contendit,
681 3286 712 3333 ut
741 3277 928 3334 demonstrare
949 3295 980 3335 se
1002 3276 1068 3333 iliud
1090 3287 1180 3351 putet.

159 3358 301 3415 Enimvero
329 3360 484 3433 gravissima
511 3370 589 3426 sunt,
619 3378 689 3437 quae
711 3360 743 3418 ad
767 3363 819 3418 hoa
841 3363 980 3436 congerit,
1009 3372 1180 3436 argumenta,

160 3452 217 3499 not.
235 3446 273 3502 98
292 3453 318 3499 et
335 3446 373 3501 99
398 3444 440 3499 De
461 3442 639 3502 &Atianos
664 3458 716 3503 etc.
747 3447 845 3503 Eorum
868 3457 973 3521 partem
997 3448 1097 3522 repetit
1124 3446 1182 3504 uo-

159 3528 248 3603 pinius
270 3529 296 3583 in
320 3529 394 3584 ntor.
417 3539 491 3587 unct.
514 3532 579 3587 ecci.
602 3540 668 3588 tom.
685 3532 707 3587 ll
729 3533 814 3606 pand
836 3549 896 3606 pag.
915 3534 986 3590 231.

244 3612 424 3682 Quamobrem
447 3624 494 3671 aut
516 3615 689 3690 negdigentia,
713 3626 759 3673 aut
781 3616 869 3673 dedita
893 3634 975 3692 opera
997 3618 1024 3673 in
1047 3618 1089 3674 hia
1112 3634 1182 3693 peo-

159 3699 258 3755 caverit
274 3698 426 3763 Facundus,
449 3700 513 3757 hine
534 3710 609 3757 oerte
631 3701 776 3775 plurimum
799 3702 861 3758 iidei
884 3703 942 3759 eius
959 3701 1114 3760 auctoritati
1129 3703 1198 3761 de·-

159 3784 285 3848 trahitur,
309 3784 380 3840 trude
403 3801 457 3840 non
480 3785 564 3841 semel
586 3787 755 3843 convincitur
775 3788 802 3843 iu
825 3788 866 3852 iis,
889 3804 960 3861 quae
981 3787 1015 3843 ad
1031 3787 1182 3848 diodorum

159 3867 318 3925 Tarsensem
340 3878 475 3942 spectant,
497 3878 544 3926 aut
566 3871 674 3936 indicio,
698 3882 744 3928 aut
765 3873 818 3929 fide
840 3889 945 3928 carons.
975 3872 1045 3942 Quid
1060 3873 1136 3947 quod
1150 3883 1181 3932 ot

159 3952 192 4008 de
214 3952 359 4009 Theodoro
382 3953 573 4027 Mopsuesteno
596 3973 689 4029 agens,
715 3974 777 4013 oum
799 3973 860 4013 cum
884 3957 1181 4030 TheodoroTyanensi

158 4039 299 4096 contundit
320 4037 422 4094 uuvtt
446 4043 542 4112 capt,
566 4049 597 4095 ut
618 4041 720 4114 optime
742 4043 847 4098 monuit
871 4040 1051 4099 Simaondusi
1084 4043 1184 4120 tuqus

159 4138 224 4196 ergo
248 4123 319 4180 nulla
341 4133 384 4181 est
405 4140 510 4190 caussa,
533 4141 585 4199 qua
609 4126 746 4193 miremur,
770 4127 937 4201 quodetiam
953 4126 1095 4202 epistolam
1114 4128 1185 4205 Epi-
