2586 4822
150 816 221 881 dut
455 807 574 881 eriam
592 829 876 882 anxuxoransroxes

107 995 154 1046 420
245 976 444 1060 ἀλάβαστρον
469 974 583 1061 μάρου]
614 983 783 1042 Alabastrum
812 1003 842 1042 ex
871 985 914 1042 sui
943 986 1051 1060 generis
1078 985 1178 1059 laniate,

158 1089 214 1130 aon
244 1089 276 1127 ex
305 1072 373 1126 vitro
401 1070 446 1127 tit:
479 1065 585 1126 Βικλον
605 1071 669 1126 item
691 1071 756 1125 alias
778 1071 860 1128 fictile
876 1088 942 1135 aas,
965 1071 1029 1127 alias
1052 1071 1177 1127 vitreum.

160 1157 197 1214 de
220 1158 272 1213 hoc
293 1156 452 1212 Eustathius
474 1156 567 1212 etalii
590 1155 787 1231 Grammatioi.¹
890 1194 897 1211 ,

244 1234 261 1298 ὃ
290 1235 323 1297 δὲ
349 1231 441 1321 Ἠλία
470 1229 679 1314 ἕτοιμασθεὶς]
709 1241 796 1296 Locus
820 1248 863 1295 est
885 1240 951 1313 fleg.
969 1243 1056 1305 uto,
1073 1244 1101 1304 6,
1130 1240 1177 1296 ubi

158 1325 290 1383 Hebraico
312 1335 354 1381 est
374 1337 475 1399 nnatt-
505 1325 571 1381 txtt
592 1318 769 1399 καμψάκης.
800 1324 852 1379 Sed
875 1340 993 1397 quonam
1015 1334 1178 1400 argumento

156 1421 277 1486 quatuor
298 1411 381 1466 tuisse
403 1411 581 1467 sextariorum
602 1409 721 1482 colligat,
744 1409 834 1466 nultus
858 1410 945 1466 video.

171 1536 175 1543 -
248 1497 303 1554 tat
320 1513 344 1550 c.
371 1485 503 1562 Κάαθός
524 1491 605 1552 ἐστιν
627 1488 713 1550 ἕκτον
733 1488 855 1568 ξέστοο]
893 1495 977 1568 Vulgo
1000 1502 1089 1550 umen
1112 1512 1178 1551 sex-

157 1581 226 1637 tario
254 1582 289 1637 12
313 1581 402 1653 cyathi
424 1579 590 1636 tribuuntur.
621 1579 659 1634 ue
682 1596 736 1652 quo
760 1579 893 1652 Georgius
917 1579 1039 1653 Agricola
1061 1580 1117 1635 tt.

241 1658 387 1737 ,oadrada
409 1659 442 1720 da*
464 1659 551 1740 λέγει]
583 1664 654 1719 idern
678 1664 754 1719 tomis
776 1673 848 1720 extat
872 1664 1009 1729 fluenta,
1028 1666 1056 1721 6.
1094 1665 1178 1720 Forte

93 1777 102 1790 ·
156 1766 207 1824 pro
228 1744 387 1822 perdomiti,
409 1744 558 1822 μινακολθ
580 1749 792 1805 rescribendum.
825 1749 888 1805 Vide
911 1749 1055 1824 quasillis
1078 1748 1179 1805 ohser-

156 1851 259 1891 ramus.

246 1921 303 1978 182
320 1919 345 1974 d.
366 1912 407 1989 iv,
427 1914 463 1976 τὸ
482 1913 514 1974 ’ἰν
534 1912 625 1994 μέγα]
656 1917 724 1975 Hinc
746 1919 877 1975 sextarios
899 1921 971 1992 capit
987 1920 1033 1984 12,
1057 1919 1110 1974 hoc
1134 1927 1177 1975 est

157 2003 245 2077 Lagus
269 2004 390 2061 totidem.

241 2085 328 2154 Χοῦς
348 2084 411 2144 ἐστι
434 2081 547 2156 ’ξέστιον
567 2079 608 2161 η’]
640 2088 713 2143 dhus
734 2088 839 2145 Atticus
863 2097 889 2144 et
904 2090 1039 2145 Romanus
1061 2089 1177 2162 congius

157 2174 287 2230 sextarios
311 2173 392 2229 habet
414 2189 469 2229 non
491 2172 606 2246 amplius
630 2176 665 2237 6,
695 2189 764 2245 quae
788 2183 829 2229 est
851 2173 1010 2230 duodecima
1033 2191 1094 2246 pars
1119 2174 1178 2229 ue-

156 2267 252 2314 tretae.
284 2258 409 2313 Continet
433 2259 503 2314 enim
527 2267 641 2314 metreta
664 2259 796 2313 sextarios
820 2260 870 2314 72.

245 2345 301 2400 183
318 2360 342 2397 a.
365 2336 516 2400 τάλαντόν
535 2338 597 2399 ἐστι
619 2336 653 2399 τὸ
669 2335 875 2416 ὑπερβάλλον]
900 2342 937 2397 oe
953 2343 1075 2407 Talento,
1099 2343 1177 2398 eius-

153 2444 209 2503 que
237 2428 376 2500 multiplici
406 2429 534 2484 varietate
562 2428 659 2485 infiniti
681 2438 746 2483 sunt
768 2428 910 2484 doctomm
935 2428 1075 2483 hominum
1097 2444 1177 2483 rom-

156 2514 292 2575 mentarii,
322 2512 421 2586 quibus
449 2531 479 2569 ca
508 2513 652 2587 diligenter
679 2512 860 2585 explicantur,
891 2521 921 2567 ut
949 2512 1044 2569 otiosis
1074 2512 1125 2568 hac
1148 2514 1174 2568 in

153 2608 231 2672 parte
253 2597 331 2654 nobis
354 2615 414 2655 esse
436 2599 524 2655 liceat.
555 2598 696 2654 Talentum
720 2598 763 2653 hic
788 2596 924 2653 Iudaicum
947 2613 1108 2670 sacrumque
1125 2598 1176 2654 dc·

153 2683 254 2746 fluitur,
279 2683 352 2758 qarod
374 2684 459 2739 minas
482 2682 577 2740 habuit
603 2685 676 2746 120,
700 2683 752 2738 hoc
774 2691 817 2738 est
839 2681 920 2738 libras
943 2683 1076 2738 Romanas
1104 2685 1174 2740 125.

152 2767 218 2823 Nam
242 2767 318 2823 Libra
342 2768 482 2824 drachmas
505 2768 599 2824 habuit
615 2771 664 2831 96,
688 2768 759 2823 mina
782 2784 845 2823 vero
868 2776 987 2823 centum.
1018 2768 1175 2824 incentum

152 2852 244 2924 viginti
267 2852 355 2915 minis,
379 2852 522 2909 drachmae
543 2863 608 2910 sunt
635 2855 744 2917 12000,
769 2869 838 2926 (luae
860 2868 910 2925 per
933 2854 971 2908 96
995 2853 1093 2908 divisae
1109 2853 1175 2909 dant

147 2934 235 2992 libras
258 2937 390 2993 Romanas
417 2938 485 2994 125.

237 3010 271 3088 ’ἐξ
301 3015 394 3075 λεπτά
424 3013 588 3092 ταλάντου]
620 3021 694 3088 Quae
717 3022 771 3077 sint
794 3020 898 3078 Tateuti
920 3015 1031 3089 λεπτά,
1053 3038 1172 3092 quorum

153 3122 209 3167 aex,
233 3114 337 3178 septem
360 3104 466 3160 assibus
483 3105 597 3167 valeant,
621 3122 723 3178 quaeve
739 3116 843 3179 septem
859 3106 958 3161 assium
976 3100 1081 3175 λεπτὰ,
1105 3124 1174 3163 rcu-

152 3199 211 3247 tum
238 3190 376 3245 aestimata
405 3190 536 3253 denariis,
566 3190 612 3263 qxti
641 3191 779 3254 docuerit,
809 3208 933 3263 magnam
955 3208 970 3247 a
993 3209 1036 3247 me
1057 3181 1172 3264 gratiam

151 3275 239 3332 inibit.
280 3275 319 3329 tte
346 3272 466 3355 λςτιτοῖς
487 3268 639 3331 ταλάντου
662 3277 753 3331 nescio
776 3276 841 3348 quid
865 3276 1173 3349 Hesychiusadspersit

152 3361 179 3416 in
202 3377 267 3416 voce
284 3354 476 3433 Κοιλράντης.
506 3359 544 3415 lbi
568 3361 639 3416 enim
662 3354 696 3417 τὸ
713 3354 823 3416 λεπτὸν
838 3351 1094 3433 ἓξακισχιλιαστὸν
1109 3379 1173 3418 esse

146 3444 255 3502 -Taienti
278 3445 379 3508 docuit,
403 3444 498 3520 bisque
521 3445 592 3501 istud
609 3446 726 3518 repetiit.
768 3446 920 3514 Quinetiam
936 3444 998 3501 alibi
1019 3436 1171 3521 άσσάριον

151 3547 213 3588 case
235 3530 299 3585 dicit
322 3529 391 3584 idem
414 3547 446 3586 ac
466 3522 584 3587 λεπτόν.
614 3531 689 3586 Unde
711 3531 738 3586 in
754 3530 895 3586 'l'aientum
911 3546 958 3586 sex
973 3531 1073 3586 assium
1089 3531 1172 3587 mittin

145 3622 316 3688 conpetant,
340 3625 407 3687 qum
429 3624 457 3671 et
479 3615 603 3671 λεπτῶν.
634 3615 681 3672 Est
703 3626 731 3672 et
752 3615 786 3671 de
809 3613 929 3681 λεπτοῖς
950 3615 1063 3687 insignis
1081 3616 1171 3677 lorus.

144 3718 182 3758 ox
204 3700 320 3756 Budensi
344 3700 441 3755 dodico
464 3700 613 3773 productus
635 3718 649 3754 a
674 3701 824 3756 Camerario
847 3700 873 3754 in
897 3717 920 3755 c.
939 3701 976 3757 21
993 3700 1088 3757 Matth.
1122 3702 1170 3756 Ubi

145 3806 211 3847 cnm
235 3785 369 3842 Statorem
398 3784 532 3841 dimidiam
560 3786 656 3841 unciae
678 3778 781 3860 partem
806 3802 866 3841 esse
888 3785 1015 3848 dixisset,
1043 3784 1169 3843 subiicit:

146 3869 242 3933 πάλιν
262 3863 297 3925 δέ
318 3861 353 3924 τὸ
368 3864 488 3926 Σίκλον.
511 3860 528 3926 ὅ
551 3866 631 3926 ἐστιν
651 3860 747 3945 ἥμισυ
769 3872 825 3926 τοῦ
838 3872 1001 3945 στατῆρας,
1023 3863 1173 3946 τέταρτον

148 3963 205 4038 τῆς
226 3948 359 4054 afflicte,
383 3946 440 4026 ἔχει
462 3948 557 4010 λεπτά
580 3948 616 4012 κ’.
638 3947 673 4012 τὸ
695 3948 805 4012 λεπτὸν
825 3947 917 4028 ὁλκῆς
937 3956 1011 4026 μιᾶς
1032 3949 1095 4011 ἐστι
1119 3950 1171 4012 δέ·

145 4064 259 4117 maor,
282 4030 393 4115 όγιλοον
415 4040 470 4113 τῆς
491 4030 629 4115 οάγγίιις·
658 4029 745 4116 παρά
765 4057 825 4096 τισι
848 4034 883 4096 δὲ
905 4034 955 4094 καλ
977 4031 1091 4111 ὀβολὸς
1112 4058 1170 4097 κα-

150 4128 255 4186 λεῖται.
285 4123 344 4180 Mox
367 4124 404 4181 ait
427 4114 563 4198 νόμισμα
581 4117 661 4201 μέγα
681 4119 738 4199 μὲν
759 4113 833 4181 εἶναι
855 4125 898 4204 τῷ
915 4115 1096 4202 χαράγματι
1116 4119 1170 4181 καὶ
