2586 4822
144 716 206 783 168
601 722 715 774 amaru

142 887 286 947 ιοοιιιιοο
307 883 460 947 docuimus,
483 897 534 938 nee
555 888 619 937 aule
634 877 735 936 Aurelii
758 885 867 950 tempus
888 886 1005 935 exorsos
1021 877 1174 954 uuum

143 970 432 1048 passinianense
458 970 505 1030 ll,
527 974 559 1022 ut
580 963 675 1021 scribit
695 961 839 1019 Eusebius
882 962 975 1031 Quare
998 964 1084 1038 louge
1105 964 1172 1023 hh·

143 1057 211 1115 illud
232 1067 400 1159 lempna
364 1050 524 1110 anauuanni
545 1058 619 1106 sunt

231 1158 266 1208 ος
285 1159 324 1215 ην
340 1129 453 1213 χρόνος
472 1129 607 1210 μετὰ
572 1153 629 1208 την
649 1134 705 1190 τοῦ
726 1132 864 1208 σωτῆρος
885 1124 1065 1237 ἀνάληψιν]
1095 1135 1171 1192 ΑΙίιιΙ

146 1243 230 1301 agens
245 1223 411 1300 Epiphanius
434 1223 502 1277 haec
524 1219 641 1294 scripsit.
671 1218 729 1274 Non
754 1218 824 1273 enim
846 1226 920 1291 post·
914 1207 1098 1294 -άνάληψιν,
1118 1221 1170 1278 het

147 1322 190 1371 eol
211 1325 352 1367 ascensum
377 1307 497 1371 llomini,
526 1305 576 1361 seal
597 1312 660 1378 post
687 1303 747 1359 eius
767 1297 913 1378 γέννησιν,
935 1313 965 1360 οι
990 1305 1107 1362 natalem
1127 1307 1169 1365 93

146 1396 244 1469 elapsis
267 1397 344 1450 annis
366 1391 545 1465 Apoealvpsin
568 1389 681 1447 loannes
704 1388 800 1462 alligit.
846 1387 945 1444 Verum
969 1390 1100 1464 perplexe
1120 1390 1166 1447 ul-

145 1481 257 1538 modum
279 1477 402 1551 loquitur
416 1475 592 1549 Epiphanius,
616 1482 644 1531 et
665 1490 727 1530 cum
742 1482 821 1530 antea
836 1473 952 1529 lateri
928 1492 1008 1532 vasus
1023 1475 1067 1540 sil.
1089 1476 1169 1532 loan-

34 1570 45 1617 ·.
73 1600 84 1623 ι
146 1565 188 1623 uis
218 1572 341 1637 tempore
369 1560 474 1618 uullum
497 1559 631 1634 Thpalins
658 1557 799 1632 vestigium
822 1558 959 1615 Ecclesiae
991 1561 1164 1657 superluisae,

37 1644 42 1657 '
74 1642 82 1669 ¹
146 1665 208 1709 mox
235 1648 352 1721 idipsum
379 1654 443 1720 post
464 1646 656 1743 Apostolorum
684 1660 715 1700 ac
736 1644 843 1701 loannis
871 1652 993 1700 aetatem
1022 1645 1164 1718 contigisse

147 1734 226 1792 uicit:
250 1726 298 1788 ιλιό
321 1750 372 1788 κιιι
364 1724 564 1788 ἐσπούδασε
582 1718 652 1786 ul⁰
632 1745 719 1804 αγιον
732 1731 851 1802 πνεῦμα
866 1720 1069 1802 ἀποκαλύψαι
1081 1723 1160 1805 ἡμῖν,

146 1820 212 1884 πῶς
240 1809 342 1890 ἴμελλι
370 1806 595 1873 πλανᾶσθαι(
579 1833 598 1889 η
626 1808 770 1889 ἐκκλησία
797 1807 876 1887 μετὰ
897 1808 954 1870 τὸν
971 1809 1085 1892 χρόνον
1103 1817 1162 1871 τῶν

147 1895 336 1972 άποσιόλιυν,
359 1903 415 1957 τοῦ
431 1918 463 1956 τι
476 1891 617 1955 Ἰωάννου
640 1892 690 1954 καλ
712 1916 775 1954 των
795 1894 940 1973 καθιξης,
961 1902 1040 1974 quud
1061 1910 1162 1974 tempus

147 1988 224 2044 annis
248 1991 287 2045 93
309 1978 388 2058 μετὰ
409 1979 466 2059 τὴν
486 1986 541 2040 τοῦ
563 1985 702 2058 σωτῆρος
721 1975 878 2058 ἀνάληψιν
898 1983 1006 2042 delinit.
1039 1985 1066 2042 Si
1088 1985 1163 2042 (λιιι,

147 2074 281 2147 phrygum
304 2069 429 2126 Haeresis
459 2085 529 2124 anuo
553 2068 653 2124 Christi
669 2069 735 2133 156,
759 2068 811 2125 hoo
833 2078 876 2125 est
897 2071 1031 2127 Antonini
1049 2071 1120 2135 lu,
1114 2070 1161 2126 rni-

148 2157 214 2214 lium
237 2154 346 2218 hahuit,
369 2163 400 2210 ut
422 2161 516 2209 censet
537 2152 719 2226 Epiphanius,
745 2153 868 2211 Christus
890 2164 983 2211 aulem
1007 2173 1104 2230 passus
1123 2162 1160 2210 eal

147 2249 175 2297 el
196 2240 223 2295 iu
246 2238 352 2296 eoelum
375 2237 607 2294 subvectusanno
625 2240 663 2295 34
681 2237 787 2303 ιο133,
810 2239 905 2295 additis
926 2243 997 2306 103,
1022 2237 1158 2297 llualaual

147 2325 255 2382 circiter
282 2325 348 2388 126,
372 2323 471 2399 quihus
494 2322 592 2397 elapsis
615 2323 804 2395 Thynimrum
826 2324 974 2381 Ecclesiam
998 2325 1158 2383 intensius·

145 2418 233 2485 pulal,
256 2411 329 2484 quod
352 2425 386 2465 ue
408 2408 496 2482 ipsum
519 2408 627 2481 quidem
646 2415 754 2481 tempus
768 2409 802 2464 aal
817 2409 1021 2484 Calaphrygum
1037 2412 1156 2485 origin

146 2495 282 2552 convenil,
327 2494 416 2563 Quare
445 2493 496 2548 uisi
523 2492 695 2548 librariorum
723 2495 801 2567 culpa
823 2495 915 2550 vilium
939 2496 967 2551 iu
990 2509 1155 2554 numerurm

145 2590 225 2638 nolae
247 2579 401 2642 innumeril,
424 2577 603 2651 Epiphanium
626 2594 717 2634 errare
740 2595 853 2636 necesse
876 2589 926 2636 est.

231 2657 296 2722 κατ’
320 2659 433 2720 ἐκείνου
457 2663 578 2738 καιροῦ]
609 2661 703 2719 Scribe
726 2656 791 2719 κατ’
815 2659 916 2721 ἐκεῖνο.

93 2752 140 2806 214
232 2752 333 2809 anua.
364 2745 395 2805 ἐν
412 2738 536 2825 χρόνοις
556 2741 729 2822 Κλαυδίου]
761 2748 921 2822 Pompeiam,
945 2759 978 2806 ul
999 2767 1086 2825 supra
1105 2765 1155 2807 nu·

146 2837 265 2892 nuimus.
294 2834 360 2891 Nam
382 2833 433 2889 suh
457 2831 608 2889 Domitiano
631 2832 767 2905 relegatus
791 2842 842 2889 est.

231 2921 292 2978 456
308 2918 334 2974 d.
365 2911 471 2983 οἵτινές
496 2913 571 2973 εἰσιν
594 2907 764 2993 Ἀσσύριοι]
809 2919 908 2975 Persae
934 2919 968 2973 ad
999 2919 1156 2994 Euphraten

144 3005 254 3062 minime
275 3003 320 3061 sili
342 3013 415 3060 sunl.
446 3001 500 3059 Sed
521 3002 682 3068 πλοιυκῶς
704 3019 755 3075 pro
770 3003 913 3059 Persarum
935 3003 1055 3078 imperio
1073 3007 1159 3063 Pam

145 3089 294 3164 usurpavit.
329 3088 451 3157 Qualuor
472 3087 656 3151 llonarohiae‚
680 3104 749 3159 quae
772 3088 867 3146 llanl
890 3088 981 3162 capite
1003 3089 1160 3148 destribua-

145 3182 205 3239 lur,
228 3189 318 3245 usque
340 3184 414 3230 recle
435 3171 469 3228 ab
492 3172 641 3246 Epiphanio
664 3182 821 3230 numeratae
843 3183 921 3238 sunl,
952 3183 980 3230 et
1003 3175 1038 3231 au
1062 3180 1160 3250 Apoea-

144 3257 214 3332 lyps.
236 3256 326 3313 locum
349 3259 423 3314 illum
446 3255 512 3311 nihil
534 3257 644 3312 omnino
662 3257 772 3314 iaciunt.
803 3258 868 3314 llam
890 3259 957 3314 haec
979 3259 1093 3318 loannis
1112 3260 1158 3316 siaa

144 3343 177 3401 asi
200 3351 318 3400 extrema
340 3343 432 3399 munuli
456 3349 579 3413 tempora
599 3341 764 3407 reseruntur,
786 3343 886 3416 quibus
908 3348 936 3408 4,
961 3344 1016 3401 hoc
1039 3356 1084 3402 esl
1104 3344 1161 3402 uai-

144 3428 215 3487 sersi
231 3427 390 3494 Daemones,
413 3426 453 3482 vol
476 3442 569 3481 eorum
594 3426 740 3499 praecipui,
764 3428 811 3502 qui
833 3429 964 3485 haetenus
988 3429 1092 3504 alligati
1106 3431 1159 3487 iae·

145 3523 215 3580 raul,
239 3512 321 3570 soluti
342 3511 454 3569 vinculis
476 3510 503 3566 iu
526 3510 636 3567 humani
658 3512 766 3584 generis
788 3514 935 3586 perniciem
954 3516 1159 3588 grassabuntur.

97 3618 102 3627 ·
145 3599 218 3656 llaec
245 3598 441 3672 simplicissima
470 3594 522 3652 loci
550 3595 632 3651 huius
662 3597 793 3669 expositio
823 3608 941 3672 quatuor
968 3599 1029 3656 illas
1060 3611 1159 3658 velun

144 3683 314 3751 llouarchias
342 3682 473 3746 excludit,
503 3697 573 3755 quae
600 3697 635 3737 ne
662 3681 737 3754 ipsae
764 3683 873 3756 quidem
901 3682 934 3739 ah
957 3684 1112 3758 Epiphanio
1131 3698 1159 3742 aa

145 3769 275 3829 historiae
303 3770 413 3827 aemule
442 3774 643 3841 proponuntur.
688 3766 752 3823 h'am
781 3779 812 3826 ut
840 3770 961 3825 omilia-
991 3773 1160 3844 Assyrium

145 3855 260 3930 imperii.
283 3854 356 3927 quod
377 3852 535 3926 iampridem
549 3850 730 3916 interciderat,
754 3854 919 3910 mentionem
935 3855 1008 3928 apud
1028 3856 1160 3913 llauialsn

146 3941 205 3999 fieri
225 3939 341 4004 nullam,
370 3947 444 3996 carle
466 3935 580 4012 proximi
601 3935 634 3991 ab
656 3938 772 4009 Assyriis
795 3938 862 3995 lledi
885 3949 965 4003 suut,
989 3940 1055 3998 iude
1079 3941 1163 4015 llahy·

146 4025 221 4086 lonii.
251 4025 408 4100 Quanquam
423 4023 557 4098 Assyrius,
579 4021 630 4077 uisi
648 4020 734 4087 fallor,
758 4040 813 4081 nou
829 4034 935 4082 valeres
949 4023 1011 4082 illos
1028 4026 1162 4101 inlelligit,
