2586 4822
487 845 777 897 uuruuouensrouas.
1101 834 1143 898 85

115 999 250 1073 explicari
271 999 351 1056 uerba
374 1001 425 1055 ista
447 1011 577 1075 possunt:
608 1003 662 1057 sive
685 1018 717 1058 eo
741 1018 837 1066 seusu,
861 1019 942 1078 quem
965 1004 1141 1071 reddidimus,

115 1085 178 1140 sive
195 1100 276 1158 quem
292 1084 438 1141 Cornan-iun
454 1086 602 1159 expressit:
626 1085 674 1143 Sic
689 1086 763 1143 enim
776 1102 807 1142 re
819 1088 916 1159 saone
927 1091 1141 1160 praetendebat

208 1165 258 1225 καὶ
274 1160 439 1240 >stannus
460 1172 522 1227 τῶν
542 1160 614 1248 παρ’
638 1162 756 1244 αὐτοῖς]
785 1172 874 1227 ludaei
897 1187 947 1249 prr
971 1183 1066 1230 vocant
1089 1174 1144 1248 Sy-

116 1271 242 1329 nagogae
265 1256 427 1321 ministrum,
451 1257 493 1312 vel
515 1256 661 1312 aedituum.
693 1256 756 1313 Vide
779 1256 862 1312 liliam
885 1258 911 1312 in
935 1256 1037 1313 Thisbi.

211 1342 269 1398 135
285 1340 311 1395 d.
342 1331 461 1415 κόμητα
484 1333 543 1417 γὰρ
566 1331 661 1397 αὐτὸν
682 1335 862 1417 κατέστησε]
896 1342 1029 1398 Comitum
1052 1342 1144 1416 digni·
1182 1346 1185 1351 ’

117 1436 163 1481 tas
186 1427 275 1481 nudus
298 1426 356 1481 siue
378 1425 536 1498 magistratu
560 1444 590 1482 ac
613 1426 752 1483 inunctione
774 1426 934 1501 plerumque
958 1428 1052 1483 titulus
1081 1429 1140 1493 luit,

115 1518 151 1566 ut
174 1527 206 1566 ex
230 1510 419 1567 Theodosiana
443 1511 541 1568 Codice
570 1522 684 1567 constat.
730 1512 804 1567 Hanc
827 1511 1019 1568 Constantinus
1041 1512 1144 1586 pleris-

116 1612 183 1669 que,
208 1604 238 1651 ut
260 1597 343 1651 refert
365 1596 507 1660 Eusebius,
532 1597 676 1653 concessit.
717 1596 815 1653 Eadem
838 1615 887 1670 per
909 1598 1069 1653 honorarius
1092 1615 1144 1654 co-

116 1680 223 1736 dicillos
247 1699 260 1735 a
284 1681 408 1753 Principe
431 1681 631 1737 corrlerchatur.
663 1682 720 1750 Qua
743 1682 776 1737 de
800 1699 829 1738 re
852 1682 885 1737 aul
908 1681 1047 1737 Themistii
1069 1687 1140 1742 oni

115 1764 244 1839 pluribus
266 1765 470 1838 disputavimus,
501 1766 547 1821 ubi
571 1767 701 1821 eiusmodi
725 1766 839 1822 codicilli
863 1761 961 1823 δέλτοι
978 1759 1141 1845 σφυρήλα-

115 1866 166 1907 τοι
189 1849 359 1922 appellantur
380 1850 568 1907 alliennistio.
600 1851 628 1906 ln
651 1869 706 1925 quo
728 1851 840 1907 ridicula
863 1862 904 1908 est
919 1853 1050 1925 Anonymi
1072 1870 1142 1909 con-

115 1935 239 1999 iectoris,
263 1935 310 2007 qui
332 1936 365 1990 de
381 1935 579 1992 suburbicariis
603 1952 691 2009 nuper
705 1936 821 2009 scripsit,
844 1937 986 1993 oscitantia
1004 1953 1066 1992 curn
1081 1938 1141 2011 pari

116 2018 285 2092 impudentia
309 2021 462 2076 coniuncta.
494 2021 645 2095 Scripserat
661 2020 859 2078 Themistiusd
884 2016 990 2094 pltl,
1015 2039 1053 2086 se,
1078 2039 1141 2079 cum

116 2113 213 2178 posset
236 2105 362 2160 omuibus
384 2105 435 2160 illis
459 2123 490 2161 ex
512 2107 685 2179 lrnpcratoris
707 2105 866 2162 liberalitate
882 2107 1029 2162 commodis
1045 2111 1075 2163 ac
1091 2125 1142 2162 vo-

116 2188 268 2262 luptatibus
296 2190 449 2265 delitiisque
482 2192 597 2264 pertrui,
624 2182 723 2248 ὁπόσα
746 2195 813 2257 ταῖς
834 2186 951 2258 δέλτοις
972 2181 1147 2248 ἀκολουθεῖ

115 2277 187 2341 ταῖς
209 2266 432 2351 σφυρηλάτοις,
456 2276 509 2332 boc
532 2286 583 2339 est,
610 2294 683 2348 quae
706 2279 819 2332 tabutas
843 2277 909 2332 illus
933 2286 1141 2350 consequuntur

114 2361 220 2415 malleo
243 2361 374 2424 ductiles,
404 2361 592 2416 commturibus
622 2362 673 2417 illis
703 2361 835 2417 fructibus
863 2361 946 2417 luisse
969 2370 1138 2428 contentum,

116 2460 188 2518 quos
211 2445 281 2500 cives
304 2445 403 2501 caeteri
427 2446 541 2519 publicis
564 2447 675 2502 tesseris
697 2455 779 2519 atque
802 2447 974 2519 imperatoris
997 2447 1140 2520 largitione

113 2540 362 2602 consequerentur.
399 2530 456 2586 llor
478 2531 505 2586 in
528 2530 588 2586 loeo
612 2525 737 2596 δέλτους
759 2526 978 2608 σφυρηλάτους
1000 2532 1142 2588 coniector

116 2614 185 2669 nibil
207 2612 279 2670 aliud
302 2632 382 2688 quarn
406 2624 523 2671 tesseras
547 2631 607 2671 esse
624 2615 772 2672 contendit.
805 2615 902 2670 Verum
918 2615 983 2689 quid
999 2633 1059 2672 esse
1074 2625 1142 2689 pot-

116 2710 160 2755 est
188 2698 332 2755 absurdius
362 2717 441 2773 quarn
471 2717 503 2755 er
533 2701 642 2756 tesseris
664 2700 716 2755 illis
739 2701 920 2756 frumentariis
943 2701 1054 2756 credere
1075 2718 1141 2774 μο-

116 2779 193 2859 κρὸν
222 2784 294 2840 illum
324 2779 495 2860 κατάλογον
522 2787 577 2860 τῆς
605 2788 724 2862 τρυφῆς
752 2781 801 2840 καὶ
825 2786 880 2860 τῆς
902 2775 1069 2852 εὐπαθείας
1092 2802 1140 2842 rc-

115 2869 239 2924 dundare
262 2867 365 2942 posse?
393 2869 556 2926 Praesertim
579 2888 649 2934 cunr,
674 2871 713 2926 uti
736 2870 797 2935 diui,
822 2879 987 2926 tesserarum
1003 2869 1046 2925 illa
1062 2886 1149 2927 com-·

113 2953 205 3019 moda,
229 2971 298 3026 quac
320 2971 382 3009 cum
405 2957 519 3011 caeteris
538 2956 823 3028 conrmuuiaoaperet,
847 2954 898 3010 illis
915 2962 1043 3045 opponat,
1067 2971 1139 3028 quae

114 3042 185 3106 ταῖς
208 3034 259 3094 del
262 3055 323 3104 τοις
346 3030 519 3095 ἀκολουθεῖ
536 3043 603 3108 τοῖς
624 3031 842 3117 σφυρηλάτοις.
887 3025 943 3113 Age
966 3056 1045 3103 vero,
1076 3056 1147 3096 oum·

114 3142 156 3180 or.
176 3126 193 3179 6
218 3142 244 3197 p.
263 3126 319 3180 166
349 3133 492 3197 negata
457 3115 500 3180 ἐπ’
528 3121 624 3203 ἐκείνῃ
652 3126 691 3202 τῇ
720 3119 831 3205 dllrrp,
867 3141 919 3198 epra
946 3119 1139 3200 πολιαρχίου,

115 3209 169 3264 Ιιου
200 3218 242 3264 est
264 3208 343 3264 Urbis
366 3210 448 3265 Prae
445 3220 565 3266 ecttrrarn
596 3162 765 3275 olrtinuerat,
795 3210 903 3284 gloriari
927 3225 1004 3273 sese,
1033 3209 1081 3265 sed
1105 3209 1138 3265 de

114 3294 165 3348 alia
189 3294 290 3367 potius,
312 3286 352 3367 ἣν
373 3285 429 3348 οὐκ
451 3291 598 3368 ἐποίησαν
618 3291 853 3371 ἓλειροντουργοὶ
877 3287 949 3350 οὐδὲ
958 3285 1139 3368 χρυσοχόοι,

115 3380 169 3435 boc
197 3388 240 3434 est
263 3379 435 3451 lmperatoris
458 3379 529 3441 filio,
559 3397 638 3452 quem
662 3396 760 3452 pmcus
781 3380 843 3435 lidei
867 3397 932 3435 suae
955 3380 1137 3444 commiserat,

114 3474 194 3519 estne
219 3474 248 3518 ut
271 3464 472 3519 frumentariam
496 3474 624 3520 tesseram
648 3465 788 3521 coniector
809 3465 852 3520 liic
875 3463 1012 3521 sonrniet‘l
1056 3464 1090 3521 Ut
1104 3465 1139 3520 ad

114 3549 263 3621 losephum
286 3547 409 3612 redeam,
435 3549 528 3604 conler
550 3566 609 3604 cunr
634 3550 768 3606 hocloco
791 3566 860 3622 quae
882 3549 1015 3605 Eusebius
1040 3548 1136 3606 2et3

113 3633 149 3690 de
178 3633 232 3689 vita
255 3634 423 3689 Constantini
447 3636 538 3697 relert,
569 3644 670 3707 quianto
694 3635 738 3691 hic
760 3634 1011 3690 constituendarum
1035 3632 1138 3706 ubique

112 3718 298 3774 Ecclesiamm
323 3718 412 3773 studio
436 3718 596 3793 flagrauerit,
621 3730 705 3794 utque
728 3719 835 3776 easdem
851 3718 965 3791 publicis
982 3717 1137 3791 sumptibus

112 3802 286 3860 exaedificari
309 3803 432 3858 volucrit.

204 3888 263 3945 136
285 3888 310 3942 ιΙ.
357 3880 554 3962 Κυκούβιον]
600 3890 681 3945 Forte
719 3878 922 3958 Κουκούμιον.
967 3887 1055 3945 llabes
1091 3887 1137 3942 hic

111 3989 201 4045 aquae
230 3972 420 4030 benedictione
449 3984 624 4030 corrsecratae
647 3990 725 4028 ursum
747 3973 880 4045 insignem
903 3983 984 4046 abpue
1007 3973 1134 4028 lructmu.

112 4057 172 4122 Cui,
197 4075 259 4113 eum
282 4059 349 4114 haec
372 4057 528 4123 scriberem,
556 4059 635 4115 altine
656 4057 782 4132 quiddam
805 4074 835 4112 ac
857 4058 993 4131 geminum
1017 4056 1137 4113 occurrit

109 4143 184 4216 apud
208 4143 336 4199 Photium
359 4161 386 4199 u.
403 4145 442 4201 96
467 4161 498 4200 ex
521 4144 637 4218 Georgia
660 4142 837 4198 alexandrino
860 4143 887 4198 iu
913 4143 987 4198 botis
1002 4140 1030 4196 S.
1048 4140 1137 4214 Chry-
