2586 4822
337 793 373 847 H.
408 796 472 845 m
490 792 567 844 ΤΗΝ
583 795 709 846 mim
725 797 795 846 ’1Ὀῖ
813 798 959 848 KYPIOY.
1118 787 1153 845 11

136 946 209 1022 πῶς
228 945 284 1010 καί
307 952 380 1022 τοῖς
403 943 436 1010 ἐν
446 940 570 1010 (Ἅιδου
590 944 740 1031 ἐπεφάνη
759 945 802 1012 ’τὸ
823 946 977 1032 κήρυγμα.
1025 955 1058 1013 τί
1080 936 1156 1029 οῦν,·

90 1088 96 1093 -
138 1039 264 1119 πάντας
294 1036 411 1118 ἁπλῶς
439 1040 537 1120 σώζει
565 1042 741 1127 ἐπιφανείς
769 1042 803 1108 ἐν
818 1039 918 1128 Ἅιδη
941 1043 1038 1123 θεός,
1073 1040 1154 1126 οῦχὶ,

144 1129 219 1204 ῦλλά
246 1131 340 1204 κάκεῖ
366 1138 444 1215 τοὺς
473 1138 725 1216 πιστεύσαντας.
762 1141 844 1220 χθὲς
871 1139 912 1206 τὰ
940 1145 998 1225 τής
1028 1144 1156 1208 οἰκονο-

145 1238 220 1313 μίας,
245 1234 389 1319 σήμερον
411 1234 453 1300 τὰ
475 1238 532 1322 τής
552 1234 712 1313 ἐξουσίας.
741 1237 824 1316 χθὲς
839 1236 880 1302 τά
894 1241 951 1323 τής
967 1235 1154 1319 άσθενείας,

108 1323 276 1415 181σήμερον
299 1329 341 1396 τὰ
361 1335 420 1416 τής
442 1325 629 1409 αῦθεντίας.
666 1333 749 1413 χθὲς
777 1330 819 1397 τά
845 1338 903 1420 τής
933 1330 1180 1422 άνθρωπότη·ε

79 1420 87 1433 '
147 1447 199 1505 τος,
223 1427 367 1514 σήμερον
387 1427 430 1495 τὰ
450 1432 509 1513 τῆς
530 1427 692 1514 θεότητος
715 1428 922 1496 ἐνδείκνυται.
956 1434 1037 1513 χθὲς
1060 1433 1156 1516 ἐρρα-

142 1525 258 1604 πίζετσ,
283 1525 425 1613 σήμερον
447 1530 486 1611 τῇ
510 1521 664 1611 άστραπῇ
688 1529 745 1610 τής
760 1526 922 1613 θεότητος
944 1530 982 1592 τό
1005 1533 1063 1593 τοῦ
1078 1526 1156 1596 “Ac-

137 1618 193 1685 δοο
215 1623 349 1707 ῥαπίζει
372 1622 567 1708 οἰκητήριον.
600 1625 682 1705 χθὲς
704 1623 884 1705 ἐδεσμεῖτο,
910 1626 1051 1713 σήμερον
1075 1622 1155 1692 555-

131 1741 205 1796 τοις
227 1720 363 1803 δεσμοῖς
385 1723 584 1803 καταδεσμεῖ
604 1719 661 1785 τόν
684 1719 851 1801 τόραννον.
884 1725 966 1803 χθὲς
984 1723 1155 1790 κατεδικά-

128 1813 224 1894 ζετο,
262 1816 404 1905 σήμερον
433 1828 505 1896 τοῖς
537 1818 726 1894 καταδίκοις
759 1818 950 1902 ἐλευθερίαν
978 1821 1195 1903 χαρίζεται.1ο

121 1913 215 1994 χθὲς
236 1909 395 1999 ῦπσυργοί
425 1918 484 1980 τοῦ
507 1914 658 1982 Πιλάτου
682 1908 770 1998 αὐτῷ
795 1914 976 1995 ἐνέπαιζον,
1013 1917 1154 2002 σήμερον

123 2007 156 2073 σῖ
197 2012 344 2095 πυλωροὶ
379 2008 571 2078 τσῦἍιδου
603 2012 727 2089 ἰδόντες
757 2006 856 2078 αὐτὸν
886 2014 1032 2099 ἐφριξαν.
1072 2009 1156 2080 ἀλλὰ
1215 2087 1218 2095 ,

126 2104 195 2192 γὰρ
218 2112 274 2173 τοῦ
297 2113 355 2175 τοῦ
379 2113 528 2192 Χριστοῦ
553 2110 688 2187 πάθους
709 2109 767 2173 τὸν
789 2109 885 2194 λόγον
909 2108 1049 2176 ἄκουσον
1069 2104 1155 2176 άνῶ-

128 2224 243 2284 τερον·
287 2204 428 2272 άκουσον
456 2205 510 2272 καὶ
540 2205 700 2291 ὕμνησον·
741 2205 882 2272 άκουοον
912 2211 965 2273 καί
996 2208 1153 2285 δόξασαν·

135 2295 273 2368 άκουσσν
303 2303 357 2369 καὶ
380 2303 515 2388 κήρυξον
544 2309 627 2371 θεοῦ
653 2303 779 2387 μεγάλα
807 2304 1000 2385 θαυμάσια,
1035 2308 1108 2381 πῶς
1137 2299 1196 2372 διε

107 2393 232 2477 ’ῃνὸμος
253 2396 437 2486 ὑποχωρεῖ,
472 2406 546 2481 πῶς
567 2400 587 2490 ή
609 2401 704 2484 χάρις
727 2400 886 2479 ἐπανθεῖ,
917 2406 991 2480 πῶς
1006 2402 1039 2467 05
1052 2401 1156 2467 τόποι

146 2503 364 2581 παρέρχονται,
394 2503 468 2577 πῶς
489 2527 509 2616 η
498 2495 675 2584 ίάλήθεια
694 2499 894 2583 κηρύττεται,
920 2503 993 2576 πῶς
1014 2500 1048 2565 αλ
1065 2506 1154 2565 σκιαί

150 2589 371 2674 διαβαίνουσιν,
396 2599 470 2673 πῶς
493 2591 510 2661 5
532 2593 676 2681 ήλιος
643 2623 701 2680 την
718 2596 808 2661 οίκοι·
809 2601 908 2709 μένην
925 2599 1056 2682 πληροῖ,
1081 2599 1155 2673 πῶς

153 2679 167 2768 ή
187 2691 305 2758 παλαιὰ
327 2694 479 2758 πεπαλαί
466 2704 573 2770 ίωται,
598 2697 672 2770 πῶς
696 2687 713 2778 ή
736 2692 828 2778 καινή
850 2699 1050 2777 βεβαιοῦται,
1082 2696 1156 2770 πῶς

154 2779 187 2845 τό
204 2779 318 2872 άρχαῖα
341 2790 525 2874 παρῆλθεν,
548 2792 600 2855 καὶ
624 2793 698 2866 πιῦς
719 2789 762 2852 τὰ
784 2795 840 2854 νέα
864 2789 1061 2877 ἐπήνθησεν.
1097 2789 1195 2862 δύσεο

156 2876 250 2947 λαοί
238 2911 270 2952 εν
299 2885 387 2951 Σιὼν
415 2885 498 2952 κατά
525 2885 582 2952 τόν
611 2890 669 2951 τσῦ
699 2889 848 2969 Χριστοῦ
875 2887 1013 2964 πάθους
1043 2887 1155 2971 καιρὸν

156 2981 414 3067 παραγεγόνασιν,
451 2978 468 3047 5
492 2983 528 3062 ἐξ
541 2977 746 3048 Ἰουδαίων“
731 2985 813 3063 ομοῦ
843 2985 895 3049 καὶ
926 2979 943 3047 5
973 2983 1008 3062 ἐξ
1036 2983 1154 3049 ἐθνῶν.

158 3070 201 3138 δάο
213 3082 369 3163 βασιλεῖς,
392 3080 543 3158 Πιλάτος
560 3106 614 3146 και
604 3075 789 3164 Ἡριόδής·
814 3077 906 3145 550³
889 3091 1058 3163 αρχιερεῖς,
1080 3069 1157 3147 Αν-

156 3191 200 3248 wc
218 3181 265 3243 καί
286 3177 496 3262 Καϊάφας(
489 3203 543 3244 ινα
564 3177 606 3243 τά
629 3173 727 3242 δόος
711 3180 793 3261 ομοῦ
818 3177 930 3258 πάσχα
952 3185 1092 3261 γένηται,
1117 3177 1155 3242 τὸ

157 3265 201 3343 555
219 3273 504 3356 καταπαυόμενον,
538 3274 577 3339 τό
607 3275 641 3339 55
670 3277 728 3339 τοῦ
752 3277 900 3358 Χριστοῦ
930 3274 1196 3357 ἐναρχόμενον.2σ

139 3359 202 3429 ίέὑο
213 3376 329 3438 θυσίαι
344 3371 427 3438 κατὰ
441 3371 499 3458 τήν
514 3369 614 3458 αὐτήν
631 3371 773 3453 ἑσπέραν
791 3371 1015 3444 ἐπετελοῦντο,
1039 3371 1154 3459 ἐπειδή

158 3459 199 3524 καὶ
216 3467 302 3555 διττή
327 3474 482 3554 σωτηρία,
508 3469 635 3548 ζώντων
660 3470 742 3552 λέγω
762 3470 813 3533 καί
831 3471 960 3550 νεκρῶν,
986 3469 1156 3585 ἐπραγμα-

156 3556 253 3631 τεύετο.
296 3564 353 3631 καὶ
382 3561 400 3630 5
428 3568 487 3648 μὲν
513 3561 669 3643 Ἰουδαῖος
699 3565 830 3648 ἐδεσμει
858 3565 953 3631 θόιυν
988 3561 1155 3648 άμνόνν
1121 3566 1155 3631 ἐν

158 3664 298 3764 “spuma
279 3657 359 3727 555
381 3662 417 3741 ἐξ
431 3662 540 3729 ἐθνῶν
557 3662 669 3729 θεόν’
655 3689 689 3728 εν
705 3668 810 3746 σαρκι
847 3665 901 3727 καὶ
918 3687 934 3726 ο
924 3658 1063 3745 (μέν’
1024 3688 1062 3726 τε
1053 3663 1157 3746 σκιᾷ

77 3768 82 3775 ’
158 3740 339 3838 ἦῖέιιζεν,“
322 3784 340 3824 ο
370 3760 405 3824 55
433 3763 480 3845 τῷ
508 3756 591 3846 ήλίιυ
614 3763 686 3844 θεῶ
717 3765 924 3843 προσέτρεχε.
965 3757 1019 3823 καὶ
1042 3758 1075 3823 05
1096 3759 1197 3839 μένεο

157 3845 291 3934 δήσαντες
313 3856 462 3938 Χριστόν
486 3850 739 3942 άπεπέμποντο,
770 3857 802 3922 οἱ
826 3856 861 3922 δὲ
884 3855 919 3933 ἐξ
941 3854 1049 3921 ἐθνῶν
1072 3876 1157 3936 προ-

157 3941 311 4030 55559'
272 3953 373 4019 αυτόν
403 3953 562 4038 ἐδέχοντο.
608 3953 663 4021 καὶ
685 3953 799 4037 οἱμὲν
821 3950 1034 4035 κτηνσθιτον,
1066 3950 1097 4014 οἱ
1122 3951 1157 4016 55

156 4042 311 4132 θέὁσωμον
339 4058 465 4118 θυσίαν
494 4058 714 4138 προσέφερον.
758 4045 826 4116 ἀλλ’
859 4048 892 4113 ολ
919 4050 979 4131 μὲν
1003 4042 1157 4113 Ἰουδαῖοι
