2586 4822
450 1674 615 1736 ntotttsu
637 1674 782 1737 PETtht

320 1824 928 1928 t'tttnnntnnstonus

522 2049 724 2060 ...μ-ο

194 2221 262 2276 Cum
287 2221 320 2277 de
342 2222 477 2278 mensuris
501 2232 528 2279 et
551 2222 727 2296 ponderibus,
750 2240 866 2296 qnorum
890 2223 917 2278 in
941 2224 1025 2279 sacris
1047 2222 1138 2279 literis

110 2325 174 2361 usus
204 2316 263 2370 est,
292 2306 425 2379 agennum
454 2307 505 2363 sibi
533 2309 586 2364 boc
613 2309 640 2364 in
663 2307 755 2364 libello
776 2309 966 2382 proposuerit,
996 2324 1131 2382 perpsncs

111 2402 199 2446 tannen
223 2392 259 2447 de
281 2393 333 2448 hoc
354 2401 515 2465 argumento
537 2391 589 2448 snb
610 2392 683 2449 illius
705 2393 792 2449 finem
807 2393 923 2466 attingit,
948 2393 1131 2466 msioremqne
1183 2406 1188 2419 ·

110 2488 214 2548 partem
239 2476 265 2530 in
290 2493 320 2530 ea
342 2477 524 2550 disputatione
553 2477 682 2540 collocat,
712 2495 765 2552 qua
787 2495 926 2534 sacrorum
949 2479 1131 2550 Interpretnm

111 2557 147 2616 ui
171 2551 386 2636 ἱστορούμενα,
408 2571 490 2637 etque
505 2562 629 2636 origenis
653 2562 680 2617 in
703 2562 897 2619 concinnandis
919 2561 1059 2618 codicibus
1075 2563 1131 2616 suis

112 2647 267 2702 institutum
294 2647 477 2722 persequitur.
521 2648 550 2702 ln
581 2647 671 2719 operis
699 2647 784 2720 ipsius
810 2647 884 2703 editu
906 2657 985 2703 notas
1008 2646 1131 2719 explicet,

112 2749 178 2803 quac
208 2731 236 2786 in
265 2731 349 2787 sacris
378 2731 465 2788 literis
492 2731 704 2806 usurpabuntur.
751 2732 789 2788 De
814 2732 913 2805 quibus
936 2732 991 2806 egit
1012 2731 1131 2788 Isidorus

115 2817 185 2890 orig.
199 2819 223 2880 1,
243 2817 292 2873 20.
322 2817 413 2872 Sixtus
436 2817 564 2874 Senensis
587 2817 635 2874 lib.
653 2819 681 2875 3.
726 2816 874 2874 Nonnullae
902 2818 997 2881 etiam,
1032 2814 1131 2890 quibus

115 2901 173 2957 olins
199 2918 265 2956 usus
289 2911 331 2957 est
351 2900 438 2967 Pisto,
461 2901 596 2976 Diogenes
617 2902 645 2958 in
667 2903 727 2959 eius
749 2903 801 2958 vitu
823 2910 977 2976 percenset.

201 2985 303 3043 1581).
326 2977 524 3062 παράκεινται
546 2981 582 3044 δὲ
602 2991 672 3056 τοῖς
691 2979 813 3061 αὐτοῖς]
844 2987 952 3045 Priores
976 2989 1057 3043 hasce
1080 3004 1132 3042 no-

116 3079 168 3133 tas,
199 3069 297 3143 quibus
327 3071 457 3128 orationis
480 3072 658 3146 Propheticee
687 3073 790 3147 flgnrne
819 3074 905 3129 variae
928 3081 955 3128 et
978 3073 1132 3127 conforme-

118 3157 201 3210 tiones
223 3155 425 3218 discernuntur,
449 3156 540 3213 Sirius
563 3158 663 3214 omisit.

197 3235 300 3313 instes)
323 3235 359 3297 δέ
377 3241 468 3313 τινες]
497 3241 563 3296 Nem
586 3241 710 3317 plerique
732 3252 853 3298 veterum
876 3241 1031 3297 maiusculis
1046 3240 1132 3295 literis

118 3326 171 3379 sine.
193 3334 306 3381 accentu
330 3325 385 3381 nttn
408 3334 436 3381 et
458 3326 585 3399 prosodia
607 3326 771 3383 scribebant.

202 3411 258 3466 159
275 3429 299 3466 n.
323 3402 339 3467 ὁ
361 3403 544 3488 ἀστερίσκος
566 3393 656 3479 οὗτος
676 3405 754 3469 ἔνθα
775 3402 969 3486 παράκειται]
1000 3410 1038 3466 De
1058 3417 1133 3465 nste-

117 3495 244 3550 risrornm
268 3504 296 3550 et
317 3494 460 3552 obelorum
482 3514 535 3554 usu
557 3498 612 3571 egit
633 3497 742 3571 snepius
763 3496 952 3569 Hieronymus,
977 3505 1006 3551 ut
1021 3495 1132 3570 spots

117 3580 139 3633 in
162 3579 230 3634 nun
255 3579 375 3636 isidorus
396 3590 425 3637 et
446 3581 500 3637 elii.

195 3661 333 3732 σπανίως
354 3659 388 3722 δὲ
409 3661 461 3722 καὶ
483 3660 568 3743 παρὰ
587 3659 785 3741 Θεοδοτίωνι]
815 3665 944 3721 Nimirum
967 3665 1041 3737 qnod
1056 3666 1132 3738 prio-

117 3766 155 3804 res
178 3750 217 3805 illi
240 3750 295 3805 duo
317 3752 484 3824 Interpretes
508 3750 659 3824 exprimere
679 3752 791 3807 verbum
814 3750 848 3807 de
870 3750 951 3807 verbo
967 3749 1129 3811 studuerint,

116 3845 140 3889 ut
161 3836 200 3890 ait
221 3835 417 3908 Hieronymus,
442 3835 593 3892 Theodotio
616 3837 679 3892 txx
702 3835 824 3892 seniores
846 3837 931 3909 magis
953 3843 1064 3891 secutus
1086 3835 1129 3888 sit.

203 3922 256 3977 161
276 3937 300 3975 a.
323 3910 539 3994 ἑβδομήκοντα
562 3911 619 3977 tv'o
639 3915 698 3997 γὰρ
712 3912 811 3994 ὄντες]
835 3920 908 3976 Hanc
924 3919 1062 3976 historiam
1078 3926 1131 3973 tem

116 4016 215 4062 veteres
245 4006 370 4079 pien'que
398 4022 479 4079 quam
507 4005 674 4063 recentiores
696 4006 881 4079 copiosissime
905 4005 1131 4078 perscripserunt.

116 4088 157 4146 tut
181 4090 320 4147 nonnulis·
337 4099 427 4147 umen
450 4091 572 4164 inspersi
593 4100 669 4156 sunt,
692 4107 761 4164 quse
783 4108 863 4162 aegre
886 4088 1028 4145 admodum
1053 4088 1131 4144 ficiem

114 4173 245 4235 obtinent.
275 4175 363 4244 orate
384 4185 428 4235 est
447 4176 515 4233 ittud
535 4177 570 4235 de
591 4176 676 4242 ceilh,
698 4192 767 4251 ques
792 4179 831 4234 36
853 4175 937 4231 fuisse
959 4183 1053 4230 censet
1068 4174 1134 4248 Epi-

941 4270 979 4322 ³2

1138 1687 1185 1738 :tte
