2586 4822
475 868 765 923 suiututrrsiouts.
1067 858 1131 925 269

115 1020 166 1096 qui
185 1028 283 1095 postea
302 1020 441 1096 lampsaci
466 1034 665 1090 convenerunt,
694 1023 882 1082 Valentiniano
901 1035 929 1083 et
950 1024 1061 1085 Valente
1081 1029 1135 1085 iui-

114 1104 278 1180 perautibus
298 1105 383 1162 luisse
398 1097 564 1180 ὃμοοοσίοο
578 1117 805 1183 propugnatores.
835 1109 989 1184 Legentlnm
1005 1120 1048 1169 est
1062 1113 1136 1169 euim

116 1181 185 1247 ὅσοι
214 1183 301 1246 ἄλλοι
328 1183 504 1265 ὁμοιούσιον
536 1196 580 1272 τῷ
607 1190 700 1271 πατρὶ
729 1186 782 1250 τὸν
807 1187 875 1252 υἱὸν
902 1190 996 1271 λέγειν
1021 1188 1135 1272 ἠξίουν.

116 1275 260 1340 ostentm
283 1292 337 1332 non
360 1276 504 1333 Sozomeui
525 1295 611 1343 error,
635 1279 683 1334 sed
704 1278 815 1335 librarii.

205 1364 265 1419 874
281 1360 309 1416 h.
340 1353 517 1429 Εὐστιίθιος
535 1354 716 1431 Ἐπίσκοπος
729 1355 919 1441 Ἔπιφανίας]
950 1364 1037 1422 Scrib.
1049 1357 1136 1420 Ἔνα-

116 1442 255 1521 piaretur.
299 1447 358 1514 Quo
394 1448 502 1503 nomine
539 1443 692 1520 complures
727 1460 882 1504 censentur.
926 1450 973 1506 Est
1002 1452 1072 1506 enim
1101 1451 1136 1506 etl

117 1532 248 1586 Orontem
270 1549 332 1595 titre,
356 1531 438 1587 altero
462 1533 494 1587 eil
516 1533 688 1606 Euphraten,
711 1533 761 1589 ulia
784 1535 809 1590 iu
834 1535 937 1598 Cilicia,
961 1545 991 1590 ut
1014 1536 1047 1591 ile
1070 1535 1136 1591 reli-

116 1617 180 1687 quis
202 1617 304 1701 silenus.
547 1619 552 1630 '

202 1693 350 1768 Εὐδόξιος
367 1693 559 1773 Ἐπίσκοπος]
590 1703 649 1758 lion
672 1703 753 1758 uliitur
775 1703 873 1776 opinor
899 1721 959 1758 esse
983 1722 1061 1778 quoru
1078 1708 1135 1759 ltn-

115 1785 284 1840 tiochenuui.
326 1786 374 1841 llic
397 1786 466 1841 enirn
490 1789 660 1842 coniunctam
683 1805 744 1843 cuin
766 1789 861 1843 nescio
884 1805 1006 1843 caussam
1029 1789 1133 1854 habuit,

115 1888 179 1925 cuni
208 1888 295 1942 eoque
324 1871 351 1925 in
376 1871 540 1938 seleuciensi
570 1882 702 1927 conventu
732 1891 746 1927 a
769 1873 939 1928 Seruiarionis
961 1874 988 1928 iu
1011 1874 1134 1930 ordinem

114 1956 252 2019 retlnctus,
276 1955 391 2011 vicissim
413 1957 473 2012 illos
495 1958 521 2012 iu
546 1957 843 2030 Constantinopolitano
866 1958 985 2013 Concilio
1007 1959 1133 2031 perculit.

114 2040 171 2095 Sed
194 2041 216 2095 si
238 2041 260 2095 is
284 2051 334 2103 est,
357 2042 455 2096 mirum
477 2041 568 2106 valtle,
591 2041 727 2114 quomodo
749 2059 803 2099 uon
826 2052 889 2115 post
912 2043 1056 2116 Georgium
1079 2043 1136 2099 sol-

114 2134 171 2182 tem
193 2125 400 2181 Alexandrinum
423 2125 630 2198 subscripserit,
661 2128 706 2200 qui
730 2127 824 2201 utique
846 2137 908 2183 ante
932 2128 1084 2185 Orientales'
1104 2132 1184 2185 etam

113 2210 200 2284 Syros
222 2209 370 2283 Episcopus
393 2212 571 2267 nominandus
594 2212 651 2267 luit.

203 2296 263 2352 874
279 2311 304 2351 c.
333 2289 532 2373 Παγκράτιος
544 2287 724 2363 Ἐπίσκοπος
737 2292 930 2370 Πηλουσίου]
958 2298 1009 2367 Qui
1031 2307 1059 2355 et
1075 2298 1136 2353 Sir-

112 2379 213 2436 miensi
235 2379 330 2437 tertiae
351 2380 517 2437 Prolessioui
539 2398 600 2437 euru
622 2381 728 2447 llarco,
754 2381 851 2438 Basilio
877 2399 908 2439 ee
930 2384 1043 2439 caeteris
1066 2382 1135 2439 sub·

113 2465 271 2538 scripserat.

203 2553 262 2608 875
279 2567 303 2606 t.
333 2541 362 2605 oi
383 2553 531 2624 νοονεχεΐς
551 2544 676 2626 ταύτην]
707 2551 800 2606 Variae
821 2561 885 2606 sunt
907 2550 940 2606 alt
961 2552 1067 2606 Arianis
1090 2552 1134 2607 tli-

111 2635 201 2691 versis
216 2634 384 2708 temporibus
400 2636 487 2691 editae
503 2637 685 2709 professiones
701 2635 772 2699 filei,
786 2651 900 2708 querum
916 2653 1010 2691 inoveiu
1023 2637 1133 2692 omuino

111 2720 149 2776 ad
173 2720 500 2794 Constantinopolitsnuut
529 2739 617 2794 usque
641 2719 868 2785 Conciliebulutn,
898 2720 971 2793 quotl
1000 2720 1136 2777 aSeleu-

112 2805 200 2861 ciensi
222 2806 343 2878 proxime
366 2814 408 2861 est
430 2805 560 2871 habiturn,
583 2814 708 2862 recenset
729 2805 870 2871 Socrates,
894 2805 942 2861 sed
964 2814 992 2861 et
1013 2807 1135 2861 Athana-

112 2890 173 2946 sius
195 2890 242 2946 lib.
258 2891 291 2946 de
308 2888 408 2963 Synod.
433 2907 465 2946 er
486 2907 541 2963 quo
564 2899 653 2947 tamen
676 2890 770 2947 decem
788 2890 962 2964 colliguntur.
993 2890 1065 2959 Quas
1080 2891 1134 2946 hoc

110 2974 177 3032 loco
200 2976 327 3048 attingam
351 2975 476 3030 breviter.

202 3060 288 3115 Prima
311 3061 372 3116 utet
395 3053 515 3126 ἴκθοσις
536 3060 693 3116 Autioeliiae
708 3060 904 3116 Eucaeniorum
926 3069 1049 3132 ternpore
1064 3059 1135 3115 scri·

111 3154 161 3219 pte
184 3144 336 3200 Marcellino
360 3156 387 3201 et
409 3145 527 3201 Probiuo
551 3145 625 3199 Coss.
649 3148 680 3200 l.
699 3149 768 3209 stt,
786 3144 832 3199 ubi
856 3145 888 3200 de
911 3137 999 3225 οὐσία
1022 3143 1133 3199 verbum

112 3229 231 3284 nullum.
275 3230 397 3286 Secunda
426 3233 452 3286 iu
478 3229 573 3286 eoileru
597 3229 774 3286 conciliabulo
798 3229 884 3294 edita,
914 3229 994 3302 paulo
1017 3227 1133 3302 longior,

114 3313 163 3369 ulii
187 3315 280 3369 Filium
303 3318 450 3390 μονογενῆ
472 3310 548 3371 θεὸν
569 3332 599 3370 ee
621 3316 676 3389 τῆς
697 3308 803 3381 οὐσίας
823 3307 925 3371 εἰκόνα
947 3314 1131 3370 nominarunt.

114 3400 206 3455 Tertia
230 3399 327 3455 ibitlcm
350 3418 363 3453 a
383 3401 575 3473 Tlicopluouio
598 3401 759 3472 conscripta,
783 3416 852 3472 quae
876 3408 903 3456 et
925 3392 1031 3466 οὐσίας
1053 3417 1135 3455 vocu-

112 3483 211 3539 liuluui
241 3485 392 3557 supprimit.
438 3487 537 3553 Quarta
562 3503 663 3558 puucos
686 3494 748 3558 post
769 3502 877 3541 meuses
899 3503 949 3558 per
969 3484 1132 3548 Narcissum,

112 3569 219 3631 llnriru,
243 3570 363 3643 aliosque
385 3571 411 3624 iu
428 3571 524 3627 Callias
547 3570 580 3625 ail
596 3572 769 3626 Constantem
785 3571 874 3625 inissa.
906 3571 934 3624 lu
951 3569 1001 3623 hee
1016 3569 1133 3623 destinati

114 3656 163 3726 qui
195 3655 315 3710 tlicereut
342 3651 374 3722 ἐξ
396 3646 451 3710 οὐκ
472 3646 568 3711 ὄντων
590 3648 644 3710 τὸν
664 3648 746 3724 οἷὸν,
777 3648 793 3728 ἢ
818 3651 848 3721 ἐξ
870 3644 975 3727 ἑτέρας
995 3644 1133 3708 ὑποστά-

113 3756 195 3805 σεως
222 3736 270 3794 καὶ
298 3734 341 3813 μὴ
372 3737 403 3796 ἐκ
430 3742 484 3796 τοῦ
513 3739 590 3794 θεοῦ
616 3734 774 3814 γενέσθαι,
804 3750 850 3795 aut
879 3739 961 3794 luisse
989 3737 1133 3810 aliquando

113 3835 224 3898 teinpus
247 3842 308 3880 eum
333 3843 385 3880 nou
409 3836 490 3881 esset.
533 3824 629 3892 Quinte
653 3834 715 3897 post
732 3824 876 3880 trieuuiuiu
894 3824 919 3878 iu
938 3823 1036 3877 ltaliuui
1052 3824 1133 3878 missa

110 3904 330 3985 μακρόστιχος,
354 3912 405 3966 Ιιοο
428 3920 470 3967 est
492 3911 599 3982 longior
619 3910 762 3983 appellata.
799 3910 884 3977 Oetam
906 3909 1014 3980 qiiiilcm
1036 3908 1134 3963 Antio-

112 3996 193 4051 chiae
215 4005 367 4051 contextam
390 3997 416 4051 in
432 3995 579 4052 trinalibus
603 3996 719 4068 reperio.
751 3995 804 4050 Seil
826 3997 879 4050 hoc
901 4010 990 4066 neque
1006 3993 1133 4048 Socrates

110 4097 143 4136 ac
167 4081 345 4147 Sozourenus,
369 4099 458 4156 neque
479 4080 642 4138 Athanasius
663 4081 795 4135 referunt.
826 4080 854 4134 lu
877 4096 930 4152 qua
954 4080 1005 4152 τῆς
1028 4069 1135 4143 οὐσίας

109 4167 216 4223 tuentio
239 4167 321 4224 nulla.
352 4167 431 4224 Sexta
454 4169 480 4225 in
498 4164 616 4225 Concilio
632 4165 772 4222 Sirmiensi
789 4173 884 4222 contra
899 4163 1045 4220 Pliotiuum
1061 4161 1133 4219 edlu
