2586 4822
142 780 185 842 52
321 788 355 843 ι’.
388 791 585 841 ammon
601 791 664 840 m
681 792 756 839 σιιιι
774 787 980 840 οιιοιοιιοιι.

137 944 204 1031 γὰρ
226 938 383 1027 ὐπάρχὲις
403 938 423 1028 ή
445 941 502 1008 τὸν
526 941 621 1026 λόγον
645 940 678 1007 έκ
701 943 761 1006 σοῦ
777 946 993 1024 σαρκωθέντα
1011 942 1157 1007 τεκοῦσα.

145 1040 304 1119 θεοτόκος
324 1036 483 1123 ὑπάρχεις
505 1035 523 1126 ή
546 1039 603 1105 τὸν
626 1039 707 1105 θεὸν
731 1037 826 1123 λόγον
850 1038 883 1104 ἐν
905 1041 1019 1124 μορφῇ
1042 1036 1157 1105 δοόλοι

144 1136 301 1228 κυήσασα.
340 1137 499 1216 θεοτόκος
521 1133 687 1222 ὑπάρχεις,
712 1132 765 1201 ὅτι
788 1134 868 1201 θεόν
891 1133 986 1220 λόγον
1002 1135 1157 1221 δεξαμένη

146 1242 361 1320 σαρκωθέντα
394 1236 506 1312 ἔτεκες.
555 1233 715 1310 θεοτόκος
747 1227 904 1317 ὑπάρχεις
936 1229 956 1318 ή
988 1234 1073 1321 μόνη
1106 1237 1157 1302 τοί

123 1334 248 1417 ιμόνου
269 1336 427 1418 μονογενῆ
451 1332 521 1397 υίὸν
543 1334 602 1397 τοῦ
626 1332 707 1397 θεοῦ
729 1330 921 1418 γεννήσασα,
946 1325 983 1396 οὐ
1001 1330 1157 1414 πρόσκαι-

145 1456 204 1518 ρον
232 1431 312 1497 θεὸν
340 1430 537 1518 γεννήσασα,
572 1421 639 1494 ἀλλ’
671 1427 806 1494 αἰώνιον
833 1427 891 1494 τὸν
919 1428 986 1512 πρὸ
1019 1433 1082 1495 σοῦ
1109 1431 1157 1497 καί

145 1529 280 1596 πάντων
303 1527 384 1596 θεὸν
408 1526 441 1593 ἒκ
463 1528 524 1592 σοῦ
547 1530 770 1610 σαρκωθέντα.
804 1524 842 1591 τό
866 1524 1010 1593 άσπιλον
1033 1526 1157 1611 πρόβαΙ

145 1650 212 1705 τον,
236 1622 254 1712 ή
277 1625 335 1692 τὸν
358 1620 461 1708 ἀμνὸν
483 1627 622 1690 τεκοῦσα
637 1624 794 1707 Χριστὸν,
820 1619 836 1709 ή
862 1623 1001 1708 δάμαλις
1027 1620 1157 1711 ήάττει·

147 1724 281 1809 ρόζυγσς
301 1719 321 1809 ἡ
343 1722 400 1789 τὸν
421 1721 545 1807 μόσχον
568 1722 767 1809 γεννήσασα·
798 1716 814 1808 ή
832 1721 929 1805 νοερὰ
944 1726 1001 1808 τής
1016 1730 1157 1803 πίστεως

112 1821 302 1907 ιοτράπεζα,
326 1816 346 1908 ή
369 1818 425 1888 τόν
448 1817 548 1905 άρτον
570 1823 628 1909 τής
650 1820 733 1905 ζωής
755 1822 801 1905 τῷ
814 1820 926 1906 κόσμῳ
942 1820 1156 1908 χορηγήσασα

146 1926 180 1985 τί
202 1921 307 1999 εὐπως
344 1921 396 1984 καὶ
425 1925 458 1983 τί
486 1916 617 2004 λαλήσιυ
645 1916 703 2003 τήν
734 1912 902 2002 όλόρριζον
931 1918 1049 1999 δόξαν,
1086 1944 1157 2005 περ.

147 2016 265 2101 ταύτης
287 2018 345 2101 τῆς
374 2012 469 2093 ὁσίας
496 2014 593 2101 κόρης
620 2018 677 2102 τής
705 2009 880 2092 ἀείπαιδος
907 2018 961 2080 καί.
990 2023 1157 2101 παρθένοι

149 2112 204 2178 διὰ
225 2116 283 2178 τοῦ
307 2112 481 2198 προφήτου
505 2114 590 2196 λέγει
613 2108 630 2175 ὁ
653 2110 734 2190 θεὸς
761 2112 816 2178 “ε’κ
838 2115 898 2178 σοῑ·
920 2136 977 2194 μοι
1001 2112 1157 2192 ἐξελεύσε-

148 2235 204 2275 ται
226 2205 416 2298 ήγούμενος,
454 2211 512 2275 τοῦ
543 2203 627 2276 εἶναι
655 2209 702 2288 είς
731 2205 872 2292 ἀρχοντα
898 2209 932 2276 έν
961 2214 1007 2296 τῷ
1028 2207 1157 2299 Ἰσραήλ

111 2310 199 2377 ιεκαί
231 2306 340 2387 ἔξοδοι
369 2301 468 2373 αὐτοῦ
498 2300 555 2372 ἀπ’
587 2300 685 2394 ἀρχῆς
714 2305 750 2386 ἐξ
777 2304 905 2395 ήμεριῦυ
933 2307 1062 2387 αἰῶνος.
1113 2308 1157 2377 ὐπ’

148 2409 245 2471 τοῦτο
269 2404 369 2471 δώσει
391 2400 509 2483 αὐτοὺς
532 2404 593 2482 ἕως
615 2407 730 2489 καιροῦ
745 2404 926 2491 τικτούσης,
949 2409 1089 2485 τέξεται,
1114 2432 1157 2474 κα.

149 2503 181 2570 οί
209 2504 384 2571 ἐπίλοιποι
412 2505 478 2568 τῶν
507 2496 659 2589 ἀδελφῶν
688 2498 787 2567 αὐτοῦ
817 2502 1079 2587 ἐπιστρέφουσιν
1110 2503 1157 2571 ἐπι

148 2602 224 2680 τοὺς
246 2600 336 2679 υἱοὺς
355 2594 496 2688 Ἰσραήλ·
533 2603 585 2665 καὶ
610 2600 765 2685 στήσεται
787 2600 841 2666 καὶ
864 2597 986 2684 ὄψεται
1007 2605 1060 2667 καὶ
1088 2626 1157 2669 που

148 2709 246 2782 μανεῖ
274 2706 431 2781 ποίμνιον
461 2691 560 2763 αὐτοῦ
589 2697 622 2763 έν
652 2699 738 2780 ἰοχάί
772 2698 910 2782 κύριος.”
958 2688 984 2763 ιύ
1013 2706 1157 2784 παρθέν-

111 2792 235 2881 υσάγία,
260 2796 371 2882 φωτὸς
389 2796 524 2861 αίωνίσυ
539 2790 733 2879 ὑπάρχουσα
746 2796 861 2881 μήτηρ,
885 2796 996 2883 φωτὸς
1017 2800 1078 2861 τοῦ
1094 2821 1150 2885 φοι

148 2899 302 2970 τίσοντας
324 2892 357 2958 ἐν
381 2887 532 2977 οὐρανοῖς
553 2892 613 2971 τάς
634 2894 699 2957 τῶν
722 2886 865 2976 ἀγγέλων
888 2894 1061 2978 στρατιάς·
1094 2919 1150 2983 φω

149 2990 206 3068 τὸς
226 2993 284 3054 τοῦ
301 2996 508 3075 φωτίσαντος
523 2992 589 3055 τῶν
605 2992 757 3077 Σεραφὶμ
772 2990 810 3055 τὸ
826 2985 1041 3076 ἀνεκλάλητον
1058 2989 1157 3077 ὐμμαι

151 3086 262 3175 φωτὸς
283 3089 341 3151 τοῦ
365 3093 573 3174 φωτίσαντος
601 3090 771 3172 λαμπραῖς
799 3088 952 3170 λαμπάσι
976 3088 1031 3153 τὸν
1054 3086 1157 3178 ήλιοιΙ

150 3183 262 3273 φωτὸς
283 3186 341 3249 τοῦ
363 3190 571 3271 φωτίσαντος
598 3183 640 3251 τὰ
666 3191 795 3269 πέρατα
823 3188 880 3271 τής
908 3186 1100 3273 οἰκουμένης
1127 3212 1157 3253 ι-

110 3282 274 3367 ρητριάδι·
318 3280 430 3368 φωτός
458 3285 516 3347 τοῦ
544 3282 697 3361 είπόντος
730 3282 813 3368 “έγώ
843 3284 911 3367 είμι
938 3282 976 3349 τὸ
1005 3288 1080 3371 φῶς
1109 3308 1157 3351 τα

149 3380 272 3465 κόσμου
282 3380 306 3415 ·”
345 3378 456 3466 φωτὸς
477 3383 536 3445 τοῦ
559 3381 725 3467 εἰρηκότος
753 3378 836 3465 “έγιύ
859 3384 932 3467 φῶς
962 3380 1008 3459 είς
1030 3380 1090 3449 τὸν
1113 3384 1157 3449 uf:

150 3502 232 3561 σμον
256 3476 434 3563 έλήλυθα·”
476 3478 587 3563 φωτὸς
614 3481 674 3544 τοῐ·
702 3473 952 3565 ἀναληφθέντος
980 3483 1037 3544 καὶ
1059 3504 1157 3597 φωτι

150 3598 268 3654 σαντος
290 3575 324 3642 ἓν
346 3569 499 3657 οὐρανοῖς
521 3578 573 3640 καὶ
598 3575 652 3641 ἐπὶ
675 3577 733 3661 γής
753 3574 795 3640 τὰ
818 3574 1002 3658 σι’·μπαντα.
1048 3604 1076 3643 ιο
1099 3600 1157 3644 πα

150 3678 245 3758 ναγίο
267 3678 431 3755 παρθένε,
466 3666 664 3757 ήστρατιάς
692 3668 834 3755 ἀγγέλων
864 3676 1028 3751 ξενίοασα.
1075 3677 1157 3755 ξένε

110 3769 208 3854 εογάρ
233 3772 348 3851 θαῦμα
370 3770 403 3837 λυ
426 3763 578 3852 οὐρανοῖς
599 3768 676 3855 γυνή
698 3769 756 3835 τὸν
778 3767 872 3855 ήλιον
893 3772 1157 3859 περιγίεβλημέτε

150 3869 241 3947 ξένον
263 3868 379 3949 θαῦμα
402 3866 435 3933 ἔν
458 3862 611 3950 οὐρανοῖς
632 3866 709 3954 γυνή
732 3867 770 3931 τὸ
793 3870 865 3954 φῶς
884 3868 917 3935 έν
933 3864 1093 3954 ἀγκάλαις
1106 3876 1157 3955 βε

150 3963 310 4029 στάσασα.
348 3964 439 4041 ξένον
461 3967 578 4048 θαῦμα
600 3964 633 4031 ἓν
650 3958 801 4050 οὐρανοῖς
816 3966 1021 4050 Χερουβικὸς
1042 3966 1157 4051 θρόνα

149 4062 267 4146 ἕτερος.
314 4062 405 4139 ξένον
426 4063 543 4145 θαῦμα
566 4062 599 4129 έν
622 4058 776 4147 οὐρανοῖς
796 4063 948 4148 γυναικὸς
971 4064 1043 4143 υίὸς
1065 4059 1157 4151 αὐτῆ
