2586 4822
493 847 601 899 consto
620 851 761 909 mitons.
1081 839 1136 901 itit

108 1020 229 1079 prorsus
257 1004 401 1078 impervia,
431 1005 570 1061 montibus
598 1022 715 1080 namque
744 1007 846 1063 saxosis
875 1007 939 1063 irino
967 1018 1049 1080 atque
1079 1008 1140 1064 inde

111 1089 245 1146 vallatur:
269 1091 306 1145 ita
328 1098 359 1144 ut
380 1089 404 1144 si
425 1091 487 1162 quis
510 1091 637 1163 desuper,
660 1107 675 1144 a
698 1090 898 1147 summitatibus
921 1092 1053 1148 montium
1076 1101 1139 1148 tan·
1169 1135 1174 1145 ,

112 1191 194 1249 quani
218 1174 252 1230 de
275 1173 360 1230 muris
382 1174 494 1246 aspiciat
517 1175 604 1231 solum
628 1176 765 1240 convallis,
800 1175 940 1249 pervidere
963 1193 1017 1232 non
1041 1178 1137 1249 possit,

115 1260 161 1314 scd
184 1277 199 1316 a
223 1258 408 1333 profunditate
430 1259 516 1333 caligo
534 1259 687 1324 tenebrosa,
711 1262 792 1317 veluti
812 1263 894 1317 cliuos
911 1261 1024 1316 alicuius
1040 1278 1140 1317 occur-

116 1353 164 1399 rat.
203 1343 289 1417 Igitur
310 1344 356 1418 qui
379 1343 526 1401 mittuntur
553 1361 567 1400 a
596 1345 707 1419 regibus
727 1348 802 1420 iuxta
827 1346 1075 1410 commanentibus,
1107 1348 1165 1404 adli

118 1428 229 1485 istorum
252 1428 371 1502 lapidum
395 1429 627 1502 perquisitionum,
658 1430 807 1486 secundnm
836 1431 1066 1504 dispensationem
1090 1448 1142 1486 ne-

121 1514 248 1570 cessitatis
271 1511 322 1569 sibi
345 1514 515 1578 commissae,
539 1514 662 1587 iugulant
683 1532 777 1588 agnos,
805 1527 832 1572 ct
855 1516 1023 1572 excoriantes
1047 1516 1140 1571 ‹limit-

123 1606 177 1654 tunt
198 1598 318 1671 desuper
339 1615 355 1654 e
377 1599 448 1655 saxis
470 1599 497 1654 in
520 1598 585 1654 illud
608 1599 690 1654 chaos
714 1601 841 1656 convallis
863 1601 1033 1665 immensum,
1069 1600 1140 1674 lapi-

127 1682 228 1758 desque,
251 1692 283 1739 ut
297 1683 398 1747 icrunt,
422 1700 554 1756 agnorum
570 1683 769 1739 ‹locoriatorum
786 1685 913 1740 carnibus
929 1685 1137 1742 adhaerescunt.

131 1768 226 1840 hquilac
249 1784 313 1823 reto
335 1768 362 1823 in
385 1768 470 1841 petris
499 1785 608 1823 sursum
637 1779 774 1825 morantes
807 1779 919 1843 accepto
942 1771 1030 1825 caratis
1053 1770 1179 1828 odorett)

108 1850 303 1916 elnonensium,
333 1854 502 1926 eductosque
531 1853 683 1909 decuriatos
712 1872 797 1927 agrios
826 1855 959 1918 exedunt,
989 1864 1017 1910 et
1038 1854 1140 1926 lapides

136 1934 176 1990 illic
193 1938 218 1993 iu
239 1937 353 1993 summis
381 1937 520 1994 montibus
551 1947 701 1994 remanent.
753 1939 873 1994 {lampati
903 1956 984 2011 ergo,
1015 1940 1060 2012 qui
1091 1956 1140 2012 per

139 2019 302 2079 huiuscemodi
333 2033 471 2095 capturam
500 2022 532 2078 ad
555 2023 732 2095 inquirendos
760 2025 915 2097 praedictos
947 2024 1050 2097 lapides
1073 2024 1140 2079 diii-

140 2115 227 2176 putor,
255 2108 395 2163 intuentes
418 2107 464 2163 ubi
487 2116 551 2163 sunt
573 2108 670 2165 ductae
693 2125 824 2181 agnorum
855 2126 951 2166 carnes
976 2109 1009 2164 ab
1032 2109 1137 2181 aquilis,

142 2201 189 2246 cont
206 2192 276 2256 illuc,
300 2201 328 2248 et
351 2192 518 2248 invenientes
541 2192 642 2266 lapides
665 2193 790 2251 allorunt.
847 2194 946 2250 Omnes
970 2193 1072 2267 lapidos
1094 2193 1179 2250 istite

142 2274 302 2351 cuiuscunque
325 2276 377 2332 sub
400 2276 555 2334 diversitate
577 2278 676 2334 coloris
699 2281 839 2343 assistunt,
863 2298 923 2336 cum
947 2279 1001 2334 sint
1016 2279 1137 2351 pretiosi,

143 2365 208 2416 tanen
229 2363 297 2419 hanc
320 2362 421 2418 habent
445 2361 605 2426 efficaciam,
636 2372 665 2418 ut
694 2365 858 2437 superpositi
883 2363 1046 2420 carbonibus
1069 2363 1139 2435 ignis

143 2443 336 2512 vehementibus,
365 2447 416 2521 ipsi
439 2447 547 2521 quidem
570 2448 679 2503 minime
701 2449 857 2512 laedantur,
887 2448 1020 2505 carbones
1048 2456 1138 2502 autom

144 2531 240 2595 protinus
262 2532 483 2605 exstingnuntur.
519 2532 577 2587 lion
600 2533 688 2588 solum
711 2543 801 2589 autom
825 2533 886 2597 boc,
911 2533 958 2589 sed
981 2532 1061 2586 etiam
1084 2530 1140 2587 tol-

144 2606 257 2688 linquis
279 2633 312 2672 ex
335 2615 378 2672 bis
399 2616 543 2692 lapidibus,
567 2626 594 2673 ct
617 2617 753 2673 involvens
776 2618 919 2691 diligenter
934 2619 960 2673 in
977 2616 1076 2678 orario,
1100 2613 1180 2671 volit)

145 2691 164 2746 iu
179 2697 255 2773 aliquo
277 2701 380 2765 linteo,
408 2719 569 2777 ponensque
598 2719 681 2775 super
709 2701 842 2758 carbones
869 2702 938 2776 ignis
968 2717 1048 2756 manu
1072 2700 1140 2756 reti-

146 2792 201 2845 nens,
220 2785 275 2859 ipse
298 2784 408 2860 quidem
429 2788 520 2843 calore
543 2787 722 2851 cruciabitur,
746 2787 860 2844 linteum
884 2805 962 2851 sero,
992 2803 1047 2858 quo
1071 2784 1138 2857 lapis

146 2872 176 2917 est
191 2867 326 2935 insolutus,
350 2874 402 2943 (et)
425 2872 501 2927 nullo
523 2872 604 2927 modo
620 2872 743 2936 laeditur,
768 2881 814 2928 aut
831 2871 918 2946 aliqua
935 2871 1043 2927 ustione
1060 2886 1140 2925 rena-

148 2952 185 3002 ιιι.
216 2955 310 3011 Fertur
331 2964 421 3012 autem
443 2956 511 3030 lapis
541 2956 592 3014 iste
621 2956 693 3011 utilis
723 2973 783 3012 csso
817 2956 975 3012 mulieribus
1004 2965 1139 3028 quatcnus

148 3045 208 3092 Otene
226 3050 317 3114 partus
346 3040 449 3115 absque
478 3040 635 3098 difficultate
663 3040 823 3097 liberentur.
863 3041 1019 3098 phantasias
1048 3045 1179 3096 antemio

148 3115 223 3182 pellere
242 3125 366 3182 similiter
387 3125 494 3183 dicitur.

455 3327 498 3383 nb
521 3329 640 3384 tartha
663 3329 805 3385 acuatu.

209 3465 318 3521 Achates
340 3473 430 3519 autent
454 3463 521 3536 lapis
543 3473 586 3519 est
607 3464 764 3520 aestimatus
787 3481 848 3520 osse
872 3454 1066 3537 porilcutius‘),
1093 3462 1138 3533 qui

148 3533 291 3607 hiacinthum
314 3549 430 3622 lapidem
452 3549 572 3621 ponitur.
616 3549 664 3604 Est
686 3557 775 3604 autem
799 3549 890 3622 specie
914 3545 1058 3612 mirabilis3
1092 3564 1141 3601 co-

116 3615 188 3679 32¹⁰ft
206 3633 349 3698 caeruleus,
374 3631 535 3689 exteriorem
557 3633 687 3689 circulum
703 3632 806 3690 habens
823 3633 923 3690 album.
959 3631 991 3689 Et
1007 3632 1051 3688 hic
1067 3631 1136 3686 circa
1148 3636 1179 3686 30

147 3701 259 3780 Stl‘tbiask
280 3717 426 3782 invonitur,
449 3717 496 3774 list
518 3726 608 3774 autem
632 3719 658 3775 in
682 3718 815 3794 lapidibus
838 3719 897 3775 istis
920 3719 1030 3775 achates
1047 3715 1138 3773 colore

147 3810 420 3838 x*

154 3938 157 3947 ι
206 3884 220 3939 ιι
237 3885 266 3933 Ει
286 3884 397 3947 Epitomc
416 3882 515 3932 Genneri
536 3884 617 3934 Latino
636 3885 695 3935 hacc
712 3886 789 3934 versio
808 3885 932 3934 reformari
952 3886 983 3933 ita
1002 3889 1095 3946 potest,
1116 3888 1140 3927 ut

145 3946 239 4013 tuition,
258 3952 334 4000 luisse
353 3954 393 4014 qui
413 3953 543 4013 putauerit,
562 3955 670 4003 achatem
689 3968 741 4003 earn
760 3955 835 4016 ipsam
855 3968 909 4003 esse
929 3966 1058 4015 geminum,
1078 3962 1140 4010 quae

141 4012 249 4070 tadoneus
268 4020 364 4080 dicitur,
384 4028 407 4067 ct
426 4021 495 4068 cuius
513 4021 603 4070 mentio
622 4024 734 4086 superius
752 4022 813 4070 lacta
832 4031 877 4082 est,
897 4022 937 4070 ubi
957 4020 986 4067 de
1005 4016 1139 4078 hyacintho.

141 4078 195 4131 inno
209 4087 243 4137 bic
262 4097 285 4137 et
303 4088 400 4140 laudata
420 4087 528 4151 Epitotne
547 4098 611 4138 recte
631 4092 702 4139 habet
720 4087 880 4155 neptiaoatos.

204 4154 225 4213 it
241 4157 337 4222 Scythia
356 4156 419 4219 apud
439 4157 588 4220 geographos
606 4158 690 4222 duplex
711 4168 754 4221 est,
774 4158 899 4220 Europaeo
918 4165 941 4203 ct
960 4151 1071 4202 Asiatica.
