2586 4822
436 854 727 906 uuiuuoueasioues.
1031 846 1094 910 tlt)

156 1011 238 1086 Atqui
260 1027 292 1068 ex
313 1010 456 1085 Epiphaoii
478 1012 582 1067 ratione
606 1010 772 1085 colliguntur
793 1011 856 1069 unul
879 1012 1007 1072 duntaxat
1030 1019 1091 1077 943

66 1113 84 1154 a
107 1096 213 1154 diluvio
235 1095 269 1152 ad
289 1094 415 1152 Abruumi
437 1104 537 1152 ortum.
564 1095 718 1152 biberentia
740 1105 784 1152 est
799 1112 934 1153 annorum
951 1101 1021 1165 230,
1044 1104 1093 1177 qui

68 1184 96 1238 in
120 1183 185 1238 Lxx
200 1182 344 1238 Saniorum
368 1181 493 1237 Editione
516 1198 547 1236 er
574 1184 631 1238 130
652 1180 751 1237 Cainan
775 1190 802 1237 et
824 1184 946 1239 centenis
962 1185 1092 1243 Nachorls

68 1278 250 1341 consurgtmt.
280 1267 366 1340 Vulgo
390 1267 461 1321 cuim
484 1265 591 1322 Nachor
617 1268 674 1323 179
698 1265 865 1346 tribuuntur,
889 1268 921 1324 ab
941 1269 1092 1343 Epiphanio

66 1369 134 1411 vero
159 1356 208 1410 79.
253 1353 288 1408 dt
308 1368 372 1408 vcro
395 1352 423 1407 in
445 1351 616 1408 Praelatione
638 1351 719 1407 huius
742 1352 833 1425 operis
856 1362 884 1408 et
906 1354 933 1409 in
955 1357 1091 1413 Ancorato

66 1440 167 1514 patu
191 1437 299 1494 easdem
320 1436 379 1492 illas
401 1431 504 1511 γενεὰς
525 1446 668 1510 pertexeus
692 1437 791 1492 Cainan
814 1437 937 1494 inseruit.
969 1440 1002 1496 Ut
1025 1440 1092 1499 illud

67 1532 207 1598 appareat,
231 1523 296 1578 Lxx
319 1521 461 1578 Seniorum
485 1522 631 1578 editionem
654 1523 705 1577 hac
727 1523 754 1577 in
776 1532 854 1596 parte
877 1524 974 1579 variam
998 1534 1025 1581 ot
1048 1526 1092 1580 iu—

66 1609 231 1683 terpolatam
253 1607 347 1663 luisse.
377 1606 442 1661 Nam
465 1606 507 1662 alii
530 1607 637 1663 codices
654 1606 752 1662 Cainan
775 1607 952 1675 asciscebant,
976 1610 1020 1666 alii
1043 1628 1091 1666 ex-

64 1693 241 1771 pungebant,
272 1692 405 1765 siquidem
437 1691 508 1764 apud
537 1690 683 1747 Eusebium
712 1692 782 1748 Edit.
812 1692 929 1750 Graecae
957 1698 1020 1769 p.9
1058 1712 1091 1752 ex

65 1779 194 1837 Alricano
216 1787 244 1834 et
265 1777 330 1833 Lxx
352 1776 560 1850 interpretibus,
584 1792 634 1831 nec
657 1793 711 1831 aion
735 1793 767 1832 en
789 1778 1019 1836 Samaritanorum
1034 1781 1091 1838 He-

65 1864 167 1921 braicis
190 1861 386 1935 exemplaribus
408 1862 437 1917 in
460 1863 540 1917 huius
556 1860 731 1934 genealogiae
746 1871 873 1919 contextu
890 1863 989 1920 Cainan
1005 1867 1091 1922 omis-

66 1968 116 2007 sus
140 1958 191 2013 est,
215 1965 265 2004 nec
287 1963 420 2003 annorum
442 1962 546 2002 summa
570 1948 631 2003 942
654 1945 759 2002 excedit
780 1946 909 2003 adiluvio
925 1949 958 2004 ad
974 1951 1090 2007 natalem

65 2034 208 2091 Abraami:
238 2042 306 2107 quot
334 2031 457 2087 videlicet
485 2048 571 2087 annos
594 2031 759 2104 Epiphanius
789 2032 841 2088 hoc
871 2032 931 2089 loco
954 2044 1088 2093 numerat.

67 2123 158 2190 Quare
180 2118 325 2174 Eusebium
350 2116 392 2172 hic
415 2116 523 2190 quidem
546 2126 657 2172 secutus
681 2125 732 2171 est.

88 2264 95 2284 -.
154 2204 192 2259 lle
208 2204 325 2259 Cainauo
346 2211 425 2257 vetus
448 2210 490 2257 est
512 2202 643 2274 quaestio,
668 2218 737 2274 quae
759 2218 774 2257 a
796 2202 995 2259 recentioribus
1018 2206 1090 2261 varie

65 2288 214 2363 disceptari
243 2288 322 2344 solet.
366 2286 430 2342 llihi
458 2287 716 2359 praetermittendus
745 2288 854 2343 omuino
878 2288 997 2352 videtur,
1027 2306 1089 2346 cum

65 2394 119 2432 nec
136 2376 163 2430 iu
179 2372 309 2429 hebraica
325 2372 445 2434 veritate,
470 2388 520 2426 nec
536 2372 562 2426 in
579 2371 734 2426 latinorum
752 2372 870 2428 editione
885 2382 958 2429 extet
973 2374 1088 2448 uspiam.

65 2461 147 2530 Quod
170 2459 240 2514 enirn
263 2457 355 2512 vitium
378 2456 404 2510 in
428 2454 565 2512 ldebraeos
592 2455 700 2511 cortices
721 2457 864 2529 irrepsisse
886 2459 1009 2514 nonnulli
1032 2469 1091 2515 sta-

65 2554 164 2608 tuunt,
194 2543 272 2598 uirnis
301 2543 353 2597 hoc
381 2541 469 2596 otiose
491 2542 611 2614 fingitur.
656 2542 744 2596 Lucae
766 2543 916 2599 authoritas
938 2545 1088 2616 graviorem

64 2632 131 2687 lacit
158 2626 379 2685 controversiam.
424 2626 477 2681 Sed
503 2636 531 2681 et
553 2627 616 2681 huic
638 2641 653 2681 a
676 2626 726 2699 piis
749 2635 776 2681 et
799 2627 911 2682 eruditis
935 2629 997 2682 uiris
1020 2629 1141 2691 iam-223

62 2716 173 2791 pridem
202 2713 367 2768 satisfactum
398 2721 449 2766 est.
496 2711 562 2765 Cum
591 2712 661 2791 enim
685 2712 849 2767 Graecorum
879 2713 986 2767 codices
1007 2714 1088 2787 vulgo

65 2802 214 2859 Cainanum
237 2795 404 2860 exhiberent,
428 2795 524 2859 Lucas,
547 2795 594 2868 qui
610 2795 718 2851 Graecis
741 2795 886 2861 scribebat,
910 2813 965 2853 nou
981 2796 1089 2856 aliunde

63 2885 253 2961 genealogiam
286 2882 365 2936 istam
395 2897 475 2955 quam
505 2897 536 2936 es
560 2880 666 2935 illorum
688 2880 764 2936 libris
787 2882 943 2954 exscripsit,
973 2883 1089 2956 ideoque

64 2983 93 3028 et
117 2970 265 3026 Gainannm
288 2965 411 3030 inseruit,
436 2982 516 3037 quern
539 2965 562 3020 si
584 2964 685 3037 alioqui
708 2966 946 3039 praetermitteret,
971 2968 1089 3025 Graecos

62 3059 143 3130 ipsos
172 3053 331 3110 ollenderet.
377 3052 466 3119 Quare
495 3050 560 3105 nihil
583 3049 741 3106 alterutram
765 3051 791 3106 in
814 3062 918 3124 partem
941 3053 1087 3120 alllrmaus,

63 3159 135 3218 quas
157 3139 184 3195 in
201 3139 301 3194 Graeca
325 3135 443 3191 editione
465 3135 656 3210 generationes
678 3146 826 3208 repererat,
850 3137 1007 3211 simpliciter
1025 3139 1090 3195 red-

63 3226 144 3284 didit.
188 3221 420 3291 Quemadmodum
444 3221 465 3276 si
494 3221 555 3294 quis
584 3220 731 3294 Aethiopas
755 3220 919 3278 Catholicam
947 3225 980 3278 ad
1008 3223 1089 3281 iidem

61 3311 218 3387 perducere
240 3307 343 3371 volens,
367 3322 462 3379 regum
476 3304 584 3360 illorum
600 3305 801 3362 successionem
818 3323 849 3362 ex
864 3308 979 3381 vulgatis
994 3324 1090 3366 eorum

60 3394 216 3454 Annalibus
245 3399 418 3465 excerperet,
448 3391 555 3445 tametsi
584 3391 715 3464 quispiam
745 3392 867 3448 intrusus
895 3394 922 3448 in
946 3410 1090 3451 nnmerum

61 3483 172 3544 luisset,
196 3495 250 3534 nou
273 3477 340 3533 haec
363 3475 493 3532 Catholici
509 3474 663 3548 ScriptoriS,
688 3477 735 3531 sed
758 3477 932 3533 historiarum
956 3487 983 3535 et
997 3482 1091 3535 Aona·

60 3568 132 3624 lium
161 3581 222 3620 esse
251 3563 330 3635 culpa
359 3562 525 3617 crederetur.
571 3560 628 3616 Hoc
656 3577 708 3634 ego
738 3576 799 3616 cnm
829 3562 953 3619 Perrerio
982 3574 1088 3630 nostro,
1165 3550 1174 3571 ⁸

60 3651 207 3714 lansenio,
232 3646 422 3711 Genebrardo,
445 3644 558 3718 aliisque
581 3644 668 3701 doctis
691 3654 719 3701 et
740 3646 792 3719 piis
814 3646 999 3720 Scriptorihus
1021 3665 1090 3723 pro-

59 3735 157 3794 babile
180 3750 290 3790 censeo.

153 3822 215 3878 473
231 3836 256 3873 a.
277 3808 373 3890 Ἔβερ
402 3809 437 3871 δὲ
460 3816 549 3895 γεννᾷ
575 3810 628 3872 τὸν
653 3809 769 3887 wella]
814 3815 940 3872 blendum
968 3827 1010 3874 est
1032 3834 1088 3877 non

58 3903 218 3982 Epiphanii,
253 3902 301 3958 sed
322 3901 423 3957 librarii
446 3900 472 3955 in
495 3916 671 3956 numerorum
693 3910 767 3958 nota.
809 3901 873 3976 Leg.
896 3901 995 3978 itaque·
1012 3897 1089 3981 pau,
1110 3901 1135 3947 ἰ

59 4002 95 4050 ut
119 4008 153 4048 ex
176 3988 302 4064 sequenti
325 3985 485 4043 collectione
506 3987 650 4058 perspicue
673 3996 789 4043 constat.
871 4014 875 4026 ·

153 4078 214 4134 473
231 4092 254 4129 c.
286 4064 365 4128 κατὰ
387 4063 420 4125 δὲ
441 4071 551 4146 ψῆφον
572 4061 675 4125 ἄλλων
695 4064 905 4149 ἀντιγράφων]
951 4072 1088 4141 Quaenam

56 4165 108 4225 illa
133 4162 189 4218 siut
211 4156 381 4232 exemplaria,
405 4171 475 4228 quae
497 4155 531 4211 ab
553 4163 615 4212 ortu
632 4155 695 4212 Sem
717 4155 751 4211 ad
775 4158 813 4214 80
837 4156 877 4212 uel
895 4158 934 4214 90
953 4155 1088 4222 dbranml,

885 4255 893 4288 1
900 4254 914 4287 ⁴)
922 4253 937 4285 u
