2586 4822
154 741 196 802 46
609 749 723 799 reruni

154 919 224 967 tuoe.
255 908 343 976 Quare
358 907 438 979 friget
453 906 521 962 haec
536 905 708 962 novae-vocis
724 903 887 961 observatio.
918 905 1007 960 boens
1023 913 1067 960 cst
1080 904 1178 961 llatth.

155 997 204 1058 23,
223 997 249 1059 5,
275 995 301 1048 in
325 1010 379 1065 quo
402 993 434 1047 ad
450 991 605 1064 Totaphoth
629 1000 656 1046 et
672 989 794 1046 frontalia
813 990 936 1045 Christus
951 999 1110 1062 respectum
1126 991 1180 1045 ha-

85 1118 88 1123 ·
153 1078 245 1135 buisse
268 1079 382 1134 videtur.
412 1077 477 1132 llam
500 1076 659 1131 Pharisaeos
683 1075 884 1148 perstringens:
908 1074 1054 1139 Dilatont,
1077 1075 1176 1149 inquit,

150 1165 411 1238 phylacteriorum
436 1170 461 1216 et
483 1152 664 1233 magnifica-ut
685 1161 820 1233 fiatur-ies.
851 1161 937 1228 Quem
955 1161 987 1216 ad
1003 1160 1095 1216 locum
1112 1159 1179 1215 llic-

152 1267 258 1322 ronym.
275 1247 481 1304 Pharisaeorum
504 1245 725 1318 superstitionem
749 1255 834 1309 notat,
858 1245 904 1319 qui
927 1245 1000 1317 quod
1016 1244 1179 1318 simpliciter

153 1352 168 1390 a
191 1334 246 1391 [leo
269 1333 423 1388 mandatum
446 1340 511 1396 erat,
536 1339 566 1385 ut
587 1330 615 1385 in
631 1330 701 1402 Lege
724 1330 876 1386 rircditanda
892 1330 1116 1403 observandaquc
1132 1347 1178 1385 as-

153 1419 230 1475 sidue
252 1427 438 1481 versarentur,
470 1417 562 1489 utique
588 1415 632 1470 illa
654 1425 717 1471 ante
740 1415 834 1472 oculos
856 1425 989 1489 perpetuo
1012 1416 1093 1489 quasi
1117 1433 1179 1471 [τιυ-

152 1505 303 1560 nimentum
325 1502 460 1577 quoddam
483 1510 595 1566 extaret,
618 1501 653 1555 ita
678 1501 847 1573 interpretati
869 1510 942 1565 suut,
970 1501 1049 1575 quasi
1072 1501 1178 1556 descri-

152 1598 225 1662 ptam
248 1589 275 1643 iu
298 1587 460 1643 membranis
483 1587 570 1659 legem
593 1595 620 1641 et
643 1586 777 1642 frontibus
801 1585 934 1658 alligatam
950 1587 1053 1659 gestari
1070 1587 1177 1659 praeci-

153 1682 239 1746 peret.
285 1673 416 1741 Quocirca
444 1674 511 1729 haee
539 1672 630 1745 opinio
654 1671 807 1743 llierongani
837 1671 901 1734 luit,
932 1671 1038 1727 nullum
1062 1671 1176 1727 ludaeos

101 1773 102 1777 ’
152 1760 307 1815 rnarulatum
341 1757 467 1814 habuisse
496 1758 529 1813 de
552 1757 727 1830 phylacteriis
756 1774 786 1813 ac
814 1755 975 1811 frontalibus
999 1756 1174 1819 membranis,

153 1844 199 1901 sed
223 1861 313 1900 crasse
336 1843 396 1899 illos
419 1853 447 1898 et
468 1843 592 1915 irrugierite
608 1840 729 1897 birinum
752 1842 886 1896 uioiiitum
909 1842 1057 1914 accepisse.
1089 1842 1175 1910 Quam

152 1929 187 1986 ob
211 1946 332 1985 caussam
355 1929 484 1984 acerrime
507 1945 522 1982 a
544 1927 680 2000 Scaligero
704 1928 886 2000 reprehensus
910 1936 960 1990 est,
984 1927 1032 2000 qui
1055 1945 1088 1982 ex
1110 1925 1174 1998 ipsis

152 2014 219 2086 legis
243 2014 329 2068 verbis
353 2021 456 2086 pugnat
479 2013 505 2067 in
528 2012 647 2067 Elencho
671 2029 694 2066 c.
710 2014 737 2074 l,
771 2029 802 2067 ea
823 2012 881 2084 ipsa
905 2011 1072 2084 phylacteria
1094 2028 1173 2084 prac-

153 2099 252 2171 scripta
274 2099 367 2154 luisse.
398 2098 456 2153 Nou
480 2097 585 2152 inficior
606 2097 676 2151 idem
697 2107 724 2152 et
740 2097 877 2169 plerisque
893 2097 944 2151 l’P.
961 2096 1056 2161 videri,
1081 2108 1108 2152 et
1123 2096 1172 2151 iut-

152 2183 245 2256 primis
268 2183 380 2246 lustino,
404 2183 431 2237 in
456 2182 565 2254 llialogo
588 2199 649 2236 curn
666 2182 819 2255 Tryphone,
844 2181 876 2236 de
899 2181 1038 2253 gestandis
1062 2182 1173 2254 alligan-

153 2267 247 2341 disque
271 2266 441 2331 frontalibus,
465 2268 618 2322 mandatum
642 2267 746 2322 ludaeis
770 2268 880 2323 editum.
912 2266 966 2322 Sed
989 2285 1021 2322 cx
1039 2266 1107 2340 legis
1124 2268 1171 2322 hoc

153 2351 241 2408 verbis
264 2362 357 2424 aperte
380 2353 468 2424 colligi
493 2369 581 2425 grosse,
606 2352 677 2425 qrrud
703 2361 778 2424 putat
794 2352 922 2424 Scaliger,
947 2351 999 2406 hoe
1023 2370 1087 2406 tero
1112 2368 1172 2424 pee-

152 2455 233 2509 nego.
277 2439 310 2493 llt
333 2438 417 2493 multo
441 2438 504 2493 inihi
528 2437 694 2510 probabilior
715 2437 870 2509 Hieronymi
894 2437 1029 2492 cernentia
1054 2437 1168 2493 ridetur:

153 2541 214 2580 cum
237 2524 422 2596 antiquissima
445 2523 606 2580 ludaeorum
629 2522 798 2577 rorrsuetudo
815 2540 869 2578 aron
885 2521 970 2577 maius
987 2523 1038 2576 hac
1056 2523 1082 2577 in
1098 2530 1169 2594 parte

153 2609 346 2682 praeiudicium
369 2608 476 2673 all'erat,
507 2625 586 2680 utram
609 2608 729 2663 sescenti
750 2607 794 2662 alii
816 2607 900 2671 rituS,
924 2623 955 2661 ac
978 2599 1170 2683 decriptione

153 2695 363 2767 nugacissirnae,
393 2710 461 2766 tatros
490 2693 543 2747 iarn
567 2702 622 2747 tuna
646 2692 744 2747 Christi
767 2692 870 2747 ltomiui
895 2702 1017 2763 tempore
1041 2711 1073 2748 eu
1097 2690 1171 2764 Legis

154 2779 242 2834 verbis
264 2796 319 2833 non
342 2779 430 2834 miuus
453 2778 549 2833 stolide
572 2794 652 2850 altram
675 2777 849 2849 pertinaciter
864 2776 1017 2832 eliciebant·
1061 2777 1097 2833 lle
1113 2777 1171 2833 llm-

153 2863 219 2919 briis
242 2863 320 2919 aliter
342 2864 523 2918 sentiendum.
571 2862 675 2918 Etenim
698 2862 775 2917 Narin.
796 2866 839 2923 la'».
859 2863 897 2919 38
922 2863 1063 2934 conceptis
1086 2861 1170 2917 serbis

152 2947 281 3004 iubentur
302 2949 427 3020 finebrios
446 2965 499 3019 per
510 2948 666 3018 palliorum
682 2948 801 3017 coagulos
817 2946 930 3010 bebere,
954 2946 1106 3020 iisdemque
1121 2947 1171 3001 adt·

153 3041 196 3088 tae
218 3032 417 3102 hyacinthinae
440 3033 596 3104 adiungere.
638 3032 768 3087 l'imbrias
791 3030 921 3087 llebraice
944 3031 1033 3087 lloscs
1057 3045 1169 3091 murs:

152 3118 217 3172 bllll
240 3109 407 3187 κράσπεδα.
445 3117 527 3171 Vittas
550 3128 641 3173 autent
664 3117 707 3172 illc
728 3114 823 3181 balet
847 3117 891 3171 isti
914 3113 1045 3188 κλῶσμα
1069 3125 1168 3173 secant.

152 3200 190 3255 lte
213 3201 311 3272 quibus
334 3219 388 3258 non
411 3201 499 3257 solum
521 3201 645 3266 hebraei,
669 3202 767 3258 sedet
790 3211 925 3257 nostrates
949 3200 1040 3256 Critici
1064 3202 1170 3275 copiose

153 3284 299 3340 disserunt.

238 3365 373 3426 τουτέστι
396 3365 512 3427 πλατέα
533 3362 658 3446 σήματα
672 3363 848 3447 πορφύρας]
872 3371 936 3426 llira
952 3370 1077 3427 vocabuli
1094 3372 1169 3426 huius

111 3455 216 3517 aaaron
243 3451 459 3529 φυλακτηρίων
486 3457 689 3530 interpretatio,
720 3457 807 3512 claros
831 3473 891 3511 csse
915 3472 1071 3527 paurpureus
1094 3456 1168 3517 latos,

153 3540 199 3611 qui
222 3539 334 3596 colobiis
358 3551 384 3597 et
400 3540 570 3613 struaridibus
586 3542 768 3605 inmorentur,
793 3541 825 3596 ad
842 3541 957 3595 cundem
973 3541 1094 3613 modurn.
1117 3556 1169 3614 quc

152 3624 264 3680 Romani
287 3626 433 3682 Senatores
456 3626 498 3681 sui
522 3626 623 3682 ordinis
646 3627 751 3699 insigne
774 3624 927 3698 gestabant.
959 3624 1015 3680 lloc
1032 3643 1106 3689 vero,
1128 3625 1170 3680 iu-

152 3726 247 3782 quam,
282 3710 465 3767 admirandum
490 3712 580 3784 liutius
608 3729 688 3785 quam
711 3720 757 3766 aut
780 3711 838 3766 sine
861 3710 912 3765 alie
934 3709 1032 3766 idoneo
1056 3711 1169 3766 authore

151 3794 230 3850 nimis
253 3795 478 3867 amplectendum,
502 3805 548 3852 aut
563 3796 652 3853 acrius
668 3796 932 3869 reprehenderulum,
956 3795 1029 3868 qarod
1046 3797 1075 3851 iu
1090 3795 1170 3851 Eleu-

151 3880 203 3937 eho
225 3879 345 3952 Scaliger
365 3881 491 3936 instituit.
535 3880 616 3956 atqui
639 3891 730 3936 utrum
754 3880 912 3936 llalrnaticas
934 3880 1015 3943 istas,
1039 3890 1068 3936 et
1092 3879 1171 3935 Golo-

151 3963 246 4022 bionas
269 3965 384 4021 clavatus
407 3965 543 4022 Pharisaei
565 3965 630 4022 olim
652 3965 795 4038 gesserint,
820 3983 905 4037 eaque
921 3964 1092 4038 phylacteria
1112 3964 1170 4038 ple-

150 4050 228 4124 rique
258 4050 469 4115 nominaverint,
496 4068 598 4117 necne,
622 4050 729 4109 aliunde
752 4061 877 4107 constare
899 4067 954 4107 non
974 4060 1069 4124 potest
1091 4058 1118 4106 et
1139 4064 1170 4105 cx
