2586 4822
179 374 187 387 1

215 802 276 864 tud
659 815 783 866 roocnu

184 998 187 1005 ¹
211 971 336 1027 fortassis
363 988 418 1026 non
447 971 521 1026 ualde
549 971 581 1026 ad
610 989 667 1027 rem
696 973 848 1044 pertinere,
879 970 928 1026 sed
951 980 1039 1026 minen
1061 969 1129 1025 nihil
1149 968 1234 1026 obest

212 1057 313 1113 dicore.
359 1056 469 1113 Constat
498 1056 531 1112 de
560 1056 700 1129 Epipiranii
728 1056 842 1111 ninicitin
868 1072 931 1112 oum
955 1055 1072 1113 donoro
1100 1055 1232 1131 episeopo

213 1141 291 1215 Tyri:
322 1150 484 1214 putamusne
512 1150 601 1196 auten
632 1150 758 1197 constare
785 1142 865 1196 etiem
888 1140 1058 1196 deamicitia
1081 1156 1144 1196 curn
1168 1140 1233 1197 uio-

212 1226 282 1283 doro
304 1223 451 1282 Tamensii
494 1227 560 1281 Cum
589 1226 669 1281 divisa
699 1235 772 1282 esset
795 1235 860 1281 mne
881 1226 1012 1299 temporis
1033 1224 1151 1281 Ecclesia
1175 1226 1235 1281 dn-

214 1312 356 1375 tiochena,
385 1310 491 1366 duobus
520 1311 655 1384 episcopis
683 1328 741 1367 eam
763 1309 815 1366 sibi
838 1309 1033 1366 vindicantibus
1056 1310 1183 1366 Ftasiano
1206 1319 1235 1366 et

213 1396 336 1459 Paulino,
359 1412 476 1468 quorum
501 1406 616 1470 uterque
638 1405 666 1452 et
689 1406 818 1469 patronos
842 1394 959 1451 habebat
981 1412 1063 1458 snos,
1090 1405 1120 1451 et
1141 1404 1236 1451 saeta-

214 1490 303 1538 torcs:
329 1480 452 1536 Flaviano
477 1480 607 1536 Diodorus
624 1480 763 1536 Tarsensis
786 1480 907 1554 impense
929 1479 1043 1544 invehet,
1066 1479 1236 1554 Epiphanius

213 1574 304 1623 autem
327 1565 454 1622 Paulino:
478 1575 506 1622 ct
527 1568 639 1639 insuper
661 1566 793 1622 [diodorus
816 1562 955 1621 Tarsensis
977 1564 1107 1638 magister
1127 1565 1180 1622 tuit
1195 1565 1235 1621 io.

215 1650 416 1724 chrysostomi,
445 1667 524 1724 quem
555 1652 625 1707 inter
651 1660 679 1706 et
706 1651 883 1723 Epiphanium
913 1651 984 1707 iratrd
1012 1650 1084 1706 leurs
1112 1651 1235 1725 quidem,

215 1735 279 1792 iicet
294 1736 422 1811 utrinque
437 1746 531 1792 sancto
544 1737 632 1792 inimo
645 1736 767 1808 agitatas,
785 1735 935 1791 inimicitias
947 1735 1079 1792 exarsisse
1089 1751 1142 1791 non
1157 1735 1235 1792 ditet.

677 1909 705 1976 s.
724 1904 767 1960 rx.

214 2023 372 2095 Inquiritur
392 2025 424 2079 in
447 2031 561 2097 tempus,
585 2040 638 2096 quo
661 2022 839 2097 Epiphanius
862 2025 964 2079 librum
982 2022 1019 2080 iic
1035 2024 1148 2097 gemmis
1166 2038 1237 2079 eno·

253 2110 334 2172 ror-it,
359 2117 384 2163 et
404 2108 469 2164 dinc
492 2126 553 2163 curn
575 2108 699 2164 Diodoro
725 2108 858 2164 Torrensi
879 2110 1036 2165 dediemm
1057 2125 1113 2164 non
1136 2125 1201 2164 esre

628 2196 816 2268 confiscentur.

301 2327 355 2384 Sed
379 2328 465 2401 ipsum
489 2329 568 2383 etiam
592 2338 707 2402 ternpus,
730 2346 784 2402 quo
808 2325 905 2384 librum
928 2328 970 2382 De
983 2330 1097 2399 pennus
1118 2326 1154 2383 ab
1171 2327 1240 2402 Epi·

154 2470 159 2484 ,
216 2415 315 2488 phanio
339 2431 399 2469 esse
422 2414 551 2487 scriptum
575 2414 697 2477 coniicit,
722 2414 838 2470 Facundi
862 2430 981 2469 errorem
1006 2414 1031 2469 iu
1048 2413 1141 2486 primis
1157 2430 1240 2470 com·

216 2499 333 2572 probare
363 2498 482 2554 ridetur:
513 2499 638 2554 nimiruum
666 2516 726 2555 cum
756 2498 935 2572 Hieronymus
963 2497 1061 2554 librum
1091 2515 1172 2553 snum
1194 2498 1239 2554 Dc

213 2585 401 2657 serenioribus
429 2585 626 2640 ecciesiasticis
654 2585 770 2657 scripsit,
800 2595 829 2640 et
850 2584 969 2640 nondum
992 2583 1171 2656 Epiptmnium
1194 2582 1239 2639 lde

215 2671 328 2741 ymnis
352 2670 492 2742 scripsisse
514 2671 644 2733 coniicro,
668 2679 696 2724 et
718 2670 769 2724 iam
793 2669 938 2725 Diodorum
962 2669 1037 2723 Tarsi
1059 2679 1147 2725 morte
1171 2669 1240 2725 ron-

217 2766 290 2813 ctum
314 2755 396 2810 fuisso
419 2754 564 2811 conitendo.

231 2898 234 2907 ,
302 2840 379 2906 Quod
408 2848 512 2911 spectat
535 2839 568 2894 ad
591 2838 654 2894 iliud
677 2839 808 2911 primum:
837 2854 898 2893 cum
920 2834 1019 2892 librum
1043 2839 1114 2893 hunc
1135 2835 1241 2893 fliero-

218 2940 299 2996 nymo
321 2922 354 2977 air
378 2923 526 2995 Epiphanio
550 2941 610 2978 esse
632 2924 722 2978 datum
746 2923 818 2979 dono
840 2923 966 2985 sciamus,
991 2932 1018 2979 et
1040 2922 1115 2978 uerte
1134 2921 1172 2980 sit
1186 2938 1242 2977 eo·

217 3008 304 3081 gitnre
326 3007 352 3061 id
374 3008 521 3081 contigisse
544 3024 598 3064 non
621 3007 734 3063 multum
761 3018 823 3080 post
844 3007 905 3064 iibri
927 3008 1047 3064 ciusdem
1070 3006 1238 3072 editionem:

147 3101 362 3166 ntrrrrpmeteree
392 3109 454 3147 uero
482 3109 543 3148 cum
571 3101 679 3148 constet
706 3090 739 3148 ab
762 3093 925 3165 Hieronymo
954 3109 1015 3148 cum
1043 3091 1153 3166 plurimi
1175 3109 1242 3149 esse

218 3178 332 3238 motum,
364 3177 399 3233 ita
429 3187 458 3233 ut
486 3194 539 3233 non
568 3176 653 3233 semei
680 3179 793 3233 summis
820 3177 947 3233 laudibus
974 3176 1151 3233 celebrauerit
1173 3175 1241 3235 deta

218 3262 446 3320 commemorandi
475 3263 549 3319 ilium
572 3263 729 3318 occasione:
759 3264 852 3335 ecquis
873 3272 917 3318 eat
940 3261 1041 3319 iodeias
1064 3261 1241 3319 verosimilli-

218 3364 290 3403 mnm
313 3364 384 3410 esse.
408 3347 480 3421 quod
503 3365 591 3421 neque
614 3347 677 3403 dum
700 3348 818 3420 scriptus
839 3347 883 3403 iile
900 3356 973 3403 esset
986 3364 1030 3402 nn.
1047 3346 1148 3403 Christi
1165 3348 1241 3411 392,

218 3449 273 3506 quo
297 3432 474 3504 Hieronymus
497 3433 604 3506 scripsit
629 3432 807 3503 Cotoiopum,
838 3450 898 3488 cum
922 3431 958 3488 ibi
981 3433 1040 3489 eius
1061 3449 1116 3488 uon
1139 3432 1242 3489 meni-

157 3564 160 3569 .
219 3518 299 3581 uerit,
324 3515 369 3572 ulii
391 3516 424 3572 de
448 3517 577 3573 industria
600 3517 843 3573 ecclesiasticorum
859 3517 1023 3590 scriptorum
1038 3533 1120 3590 opera
1137 3533 1243 3574 reuera-

218 3611 277 3665 set,
301 3601 373 3656 inter
393 3619 463 3674 quoe
484 3603 564 3658 etiam
587 3602 630 3657 iiio
654 3600 815 3676 Epiphanii?
849 3602 995 3674 Equidem,
1018 3619 1079 3658 mrm
1101 3600 1243 3675 Hieronp-

219 3704 280 3743 mus
303 3689 430 3759 capttd
454 3688 487 3742 de
511 3687 659 3761 Epiphanio
689 3688 819 3761 loquens,
848 3696 994 3760 postqnam
1022 3688 1080 3743 ciue
1102 3703 1174 3759 opus
1194 3685 1243 3743 De

216 3773 383 3851 horrendus
405 3773 663 3835 commemoraverit,
686 3772 810 3828 sirbiicit:
833 3771 967 3844 Superest
986 3788 1074 3844 usque
1094 3772 1189 3837 dedic,
1211 3780 1242 3828 et

217 3859 250 3913 in
271 3865 396 3912 extremo
417 3857 475 3911 inm
496 3865 635 3911 aertectute
656 3859 741 3912 corio
762 3858 838 3913 cudit
858 3874 962 3929 operm·
985 3875 1044 3921 seu,
1066 3864 1098 3914 ut
1112 3856 1180 3913 alias
1193 3855 1243 3913 le·

220 3943 308 4015 gitur,
338 3943 488 4014 opuscuio;
517 3942 588 3996 inter
616 3942 682 3997 haec
710 3942 765 4015 ipse
795 3942 926 4015 opustuio
952 3941 1051 3999 librum
1084 3942 1166 3999 ctiam
1193 3941 1243 3999 Dc

216 4029 331 4096 menia
354 4026 609 4099 subintelligendum
632 4044 693 4082 esse
716 4044 769 4082 non
792 4027 896 4083 dubito.

161 4111 163 4115 '
304 4111 398 4184 Nerpue
419 4130 482 4167 vero
497 4112 566 4207 quis
575 4121 661 4184 putot.
685 4112 750 4168 iliud
766 4129 809 4168 me
824 4110 1022 4186 imprudentem
1038 4112 1099 4169 sine
1114 4112 1244 4171 enimd-
