2586 4822
442 841 730 894 taruannenstunas.
1033 828 1095 894 tot

70 1012 193 1071 quorum
218 994 332 1054 altimus
353 996 551 1071 Sardanapalus
578 996 612 1053 ab
630 996 744 1055 Arbace
770 997 885 1072 imperio
911 1007 1010 1056 exutus
1040 1009 1093 1066 est,

70 1080 123 1138 sed
145 1082 329 1155 posteriores,
362 1082 409 1156 qui
431 1083 550 1139 55515515
571 1090 663 1139 vetere
684 1083 732 1139 1115
753 1082 975 1157 amplissimoque
995 1100 1092 1157 55355,

71 1183 105 1222 ex
129 1167 187 1223 eius
210 1168 295 1223 ruinis
318 1167 423 1224 excitati
446 1176 519 1229 sunt,
543 1176 573 1224 ut
596 1176 624 1224 et
638 1167 846 1242 Babyloniorum
862 1168 1015 1243 imperium.
1039 1169 1094 1227 Sed

70 1260 192 1324 utroque
219 1251 346 1308 videatur
373 1252 525 1326 antiquiora
547 1252 687 1310 iledorum
719 1254 812 1317 initia,
841 1253 952 1327 siquid
974 1253 1093 1312 diodoro

69 1354 103 1392 ac
125 1337 239 1393 caeteris
269 1337 394 1393 omuibus
417 1337 557 1394 historicis
579 1338 708 1394 creditur.
753 1338 809 1407 Qua
832 1338 866 1394 de
888 1356 918 1395 re
941 1339 976 1394 ita
999 1340 1093 1413 paucio

68 1422 173 1496 accipe.
205 1421 271 1477 Cum
294 1440 327 1479 ex
348 1424 469 1479 omnium
491 1423 575 1478 terme
593 1422 763 1495 Scriptorum
785 1423 951 1480 authoritate
973 1434 1091 1490 constet,

69 1516 135 1563 ante
159 1508 256 1579 Cyrum
280 1517 308 1564 et
330 1508 436 1570 Persas,
460 1508 572 1563 maxima
595 1508 649 1564 duo
671 1508 784 1582 lmperia
807 1508 942 1573 horruisse,
965 1510 1094 1582 Assyrio·

68 1608 132 1647 rum
154 1609 169 1646 a
192 1592 260 1648 Nino
282 1601 309 1648 et
324 1592 472 1657 Alecturum,
498 1592 595 1666 Cyrum
618 1602 708 1649 autem
724 1593 829 1667 lllymp.
844 1597 883 1650 55
906 1610 977 1649 5555
993 1595 1091 1668 primo,

67 1676 268 1740 5551555515,
292 1678 347 1733 sive
369 1678 461 1750 potius
484 1677 590 1734 labente
613 1679 745 1752 coepisse,
769 1679 874 1742 demus,
898 1679 924 1735 id
939 1681 1012 1752 quod
1028 1679 1091 1737 alibi
1193 1722 1204 1749 ,

66 1761 317 1827 demonstrabitur,
344 1771 460 1819 exeunte
482 1779 552 1817 5555
576 1763 661 1836 primo
685 1763 790 1836 Olymp.
809 1766 847 1820 55
872 1764 970 1836 Cyrum
993 1767 1092 1839 Astya-

66 1864 123 1920 355
145 1847 250 1910 vicisse,
274 1865 360 1902 annus
385 1848 428 1903 bic
451 1848 502 1903 erit
523 1847 552 1902 in
575 1848 674 1903 luliana
697 1848 812 1905 Periodo
830 1851 921 1912 4155,
946 1850 1092 1906 55151115-

64 1933 207 2005 nysienam
236 1949 325 1988 aerem
351 1935 421 1989 560.
465 1936 535 1988 Ante
567 1933 640 1988 hunc
675 1933 758 2006 igitur
789 1950 889 1989 annum
918 1934 1090 2007 Assyriorum

64 2016 262 2090 Medorumque
297 2027 419 2090 tempora
452 2017 608 2073 collocanda
640 2027 720 2085 suut;
754 2035 824 2092 quae
852 2017 887 2074 ob
916 2027 1090 2084 vetustatem.

64 2101 292 2177 Scriptorumque
308 2103 505 2158 dissensionem
521 2119 615 2176 parum
631 2113 714 2167 certa.
734 2104 773 2159 sie
789 2104 935 2160 ordinanda
951 2114 1090 2177 putamus.

63 2186 206 2243 lledorum
229 2188 373 2261 imperium
403 2188 490 2244 Ctesia
521 2197 548 2244 et
571 2187 687 2244 11155555
716 2188 832 2245 testibus
856 2192 915 2247 300
945 2191 1029 2245 lerme
1057 2204 1090 2248 55

68 2275 104 2329 11
130 2289 216 2328 annus
239 2272 365 2329 obtinuit.
406 2273 502 2345 Coepit
524 2273 607 2346 igitur
627 2290 699 2329 anno
720 2273 782 2328 Per.
807 2274 855 2329 151.
881 2277 972 2332 3838.
1003 2277 1090 2348 Assy-

63 2359 168 2413 riorum
192 2375 276 2432 55355
299 2358 372 2415 mille
394 2376 426 2414 ac
442 2369 580 2414 trecentos
596 2357 705 2415 circiter
719 2375 733 2413 a
749 2358 814 2414 11515
830 2358 982 2421 tribuimus,
1007 2377 1089 2432 prae·

64 2453 149 2500 eunte
172 2445 198 2499 in
221 2444 362 2500 Chronieis
385 2443 512 2499 Eusebio.
551 2442 733 2512 Quamobrem
755 2444 860 2500 initium
884 2445 938 2500 11511
961 2446 1089 2503 convenit

62 2546 136 2585 5555
159 2529 221 2584 Ρ55.
244 2529 361 2585 luliauae
378 2531 470 2586 2539.
501 2528 538 2584 En
562 2528 592 2584 iis
615 2544 787 2600 consequens
810 2539 852 2584 est
867 2528 1005 2585 Alecturum
1028 2531 1089 2602 pri-
1133 2534 1137 2539 '

61 2613 168 2670 moralia
197 2623 307 2670 eentum
337 2615 413 2669 annis
437 2613 607 2688 Olympiadas
629 2613 818 2677 antecessisse,
843 2630 957 2688 quarum
981 2614 1087 2671 initium
1163 2632 1168 2641 ’

61 2716 151 2755 annuis
181 2710 223 2756 est
251 2700 277 2755 in
307 2700 368 2755 Per.
398 2700 447 2756 lul.
473 2702 564 2757 3838.
610 2697 764 2754 Constituto
793 2698 932 2754 bledorum
961 2699 1086 2770 imperio.

61 2783 117 2840 duo
146 2785 279 2859 quantiam
303 2784 352 2840 5115
375 2784 503 2857 paulatim
525 2784 721 2847 ellloruerunt,
751 2785 922 2857 Assyriorum
945 2782 1086 2857 55115113-

59 2868 208 2934 loniorum,
232 2886 301 2944 quae
316 2871 418 2942 Assyrii
440 2870 511 2925 illius
533 2869 639 2924 maximi
662 2886 693 2924 ae
715 2868 835 2924 diuturni
857 2869 930 2925 velut
945 2869 1086 2942 naufragio

25 2960 30 2977 ⁸
60 2953 188 3009 disiectas
216 2954 317 3027 ubique
352 2953 456 3009 tabulas
490 2954 673 3026 arripuerunt.
719 2953 840 3026 (luorum
873 2954 944 3026 apud
976 2963 1089 3009 exteros

60 3039 218 3112 Scriptores
247 3039 387 3113 pertenuis
417 3048 458 3094 est
487 3048 514 3095 et
542 3038 659 3094 obscura
687 3038 835 3103 memoria,
858 3038 885 3094 iu
908 3038 997 3094 Sacris
1020 3055 1084 3094 vero

57 3124 147 3180 literis
177 3141 239 3180 cum
267 3124 424 3185 amborum.
454 3132 512 3180 tum
533 3123 743 3198 babyloniorum
764 3125 924 3196 praesertim
946 3123 1085 3180 luculenta

60 3219 103 3267 est
126 3226 157 3265 ac
181 3210 308 3282 frequens
331 3210 441 3265 mentio.
487 3209 539 3265 Sed
559 3210 663 3282 priores
678 3209 987 3281 memoranturAssyrii.
1011 3225 1085 3281 quo·

57 3311 120 3350 rum
145 3296 247 3368 primus
271 3299 289 3352 4
315 3295 496 3367 11531519
520 3295 639 3350 occurrit
661 3292 739 3356 Phul,
766 3292 812 3366 qui
836 3302 864 3349 et
885 3293 1017 3349 belochus
1040 3293 1085 3348 di-

57 3379 140 3435 citur.
172 3378 249 3435 11555
272 3397 286 3434 5
309 3380 392 3436 biudis
415 3380 546 3436 defecisse
569 3377 709 3452 probabile
731 3387 782 3434 est.
814 3378 952 3435 Successit
969 3378 1088 3450 15315111-

56 3464 204 3521 Pbalastar
225 3463 289 3520 ibid.
313 3482 383 3521 com.
402 3467 451 3522 29.
482 3466 547 3522 lude
563 3464 746 3521 salmanassar
768 3464 869 3537 dheg.
891 3467 936 3527 17,
954 3466 983 3522 3.
1014 3463 1082 3519 Tum

56 3549 246 3606 Sennacherib
276 3551 333 3606 eius
359 3549 471 3607 1111554
495 3551 561 3623 1153.
589 3551 635 3612 18,
656 3552 701 3606 13.
731 3549 889 3605 Postremus
913 3549 962 3603 luit
984 3551 1084 3604 Assar-

53 3635 149 3692 55555
172 3638 255 3698 elil,
274 3637 322 3692 37.
354 3635 408 3690 lam
431 3651 495 3690 vero
517 3634 620 3708 primus
643 3635 814 3707 Assyriorum
837 3634 988 3706 principum
1013 3633 1082 3689 thul

54 3720 109 3777 sub
132 3719 264 3776 14555555
288 3720 393 3776 Israelis
416 3729 443 3776 et
464 3720 557 3774 Aueria
580 3717 660 3774 ludae
683 3736 747 3792 5535
769 3717 927 3774 collocatur.
972 3720 1081 3774 Azarias

54 3806 116 3862 iuiit
148 3822 219 3861 anno
242 3805 303 3860 Per.
327 3805 376 3860 151.
406 3812 436 3859 51
464 3803 626 3859 arbitramur
655 3805 746 3861 3905.
792 3803 880 3871 Quare
906 3805 1080 3877 Assyriorum

55 3907 190 3964 regnum.
222 3889 295 3965 qnod
323 3889 374 3944 sab
398 3889 488 3944 Azaria
518 3888 658 3945 luridatum
688 3898 744 3953 est,
773 3887 854 3961 15535
877 3889 1014 3961 posterius
1024 3897 1080 3945 sest
1248 3904 1263 3935 s

55 3976 198 4033 Hedomm
220 3975 306 4038 initio,
331 3974 452 4030 videlicet
467 3972 545 4029 anuis
560 3974 616 4030 lere
634 3976 682 4031 te.
709 3973 749 4030 Ad
764 3973 831 4030 baec
846 3973 973 4029 Ezechias
989 3972 1131 4045 coepitltt

56 4078 88 4117 ex
101 4060 303 4133 chronologiae
314 4069 424 4115 nostrae
435 4059 581 4115 ratiociniis
594 4058 654 4114 Per.
663 4059 712 4114 151.
724 4061 815 4117 3987.
837 4058 908 4130 Ergo
920 4071 1007 4112 annus
1018 4057 1077 4112 eius

58 4150 106 4213 14,
120 4163 177 4221 quo
185 4144 369 4203 Sennacherib
385 4145 543 4201 interlectos
555 4145 669 4209 videtur,
686 4153 727 4201 est
735 4144 796 4200 Per.
805 4143 853 4199 lul.
864 4147 945 4201 4000
958 4141 1076 4199 circiter.
