2586 4822
653 464 668 497 Ο

501 822 610 872 ιΕΙιΒΙΟ
629 821 770 879 salluui.

460 1027 503 1084 llll
527 1027 647 1084 LllPlllll
670 1024 811 1084 lasetud.

209 1149 294 1221 Iaspis
318 1157 359 1204 est
381 1147 449 1221 lapis
472 1146 546 1203 velut
567 1147 686 1220 speciem
709 1145 842 1218 smaragdi
858 1146 988 1212 reserens,
1012 1149 1059 1221 qui
1074 1149 1143 1222 apud

130 1234 195 1288 ostia
216 1233 428 1290 Thermodontis
457 1232 574 1287 lluminis
603 1231 753 1295 invenitur,
784 1240 812 1287 et
839 1232 910 1305 apud
938 1227 1143 1301 sonatsonat),

103 1315 182 1372 llnou
203 1335 272 1391 quae
295 1319 321 1373 in
345 1317 433 1391 Cypro
456 1325 513 1373 est:
537 1315 585 1372 sed
608 1316 768 1372 naturaliter
790 1317 1039 1388 Amathusiorum⁸l
1058 1335 1146 1390 geue-

137 1403 195 1458 ratio
223 1402 362 1476 multiplex
391 1401 519 1457 habetur.
563 1400 612 1457 llic
635 1417 698 1457 vero
720 1401 789 1473 lapis
812 1401 881 1456 hano
903 1400 985 1457 lubet
1008 1404 1169 1475 speciemza

141 1484 182 1540 sub
207 1487 348 1561 smaragdo
379 1495 422 1543 est
451 1486 674 1549 interviresceus‚
704 1486 753 1541 sed
775 1484 919 1542 obtunsior
941 1494 968 1541 et
990 1486 1142 1553 obscurior,

144 1569 293 1644 interiusque
315 1588 416 1645 corpus
437 1570 520 1627 habet
542 1570 624 1627 viride
647 1570 679 1626 ad
702 1571 789 1627 instar
810 1571 945 1645 aeruginis
968 1573 1047 1627 aeris.
1090 1573 1144 1628 lle-

146 1652 259 1713 lectautur
280 1666 371 1714 autem
394 1656 568 1729 phantasiae,
592 1655 618 1712 id
641 1666 684 1712 est
705 1655 905 1729 speculationes
928 1655 992 1712 huic
1015 1656 1141 1722 insidere,

149 1738 200 1797 sicut
218 1751 351 1806 asserunt,
375 1741 421 1814 qui
443 1740 565 1797 sabulosa
588 1732 837 1811 commemorant‘).
868 1740 916 1796 list
938 1749 966 1796 et
987 1740 1037 1796 alia
1060 1742 1141 1816 iaspis

150 1822 239 1881 allidior
271 1843 352 1900 quam
384 1841 472 1893 mare;
503 1824 570 1882 llore
603 1842 666 1882 vero
697 1826 869 1897 tincturaquc
896 1825 1061 1899 pressiorsst:
1093 1827 1142 1882 alia
1159 1835 1185 1882 tu

153 1952 434 1968 —u——u—

151 2025 324 2086 conspiciendus,
351 2034 377 2073 ut
395 2026 494 2073 liaberet
512 2027 668 2088 conpedibus
687 2029 754 2089 quoni
772 2041 829 2088 opos
848 2027 934 2088 lapidis
952 2030 1094 2090 sapphirini,
1121 2035 1147 2076 ut

151 2088 214 2149 legitur
230 2093 300 2142 Exodi
320 2093 458 2156 capllell,
472 2093 509 2142 10.
546 2093 668 2141 Enimvero
694 2093 831 2154 supplnirum
851 2093 984 2143 tabularum
1004 2110 1030 2142 er
1050 2096 1146 2158 snpplti-

151 2158 189 2205 duo
204 2161 238 2209 llei
255 2162 342 2210 throno
362 2162 466 2211 excisum
485 2160 560 2208 luisse
578 2168 659 2223 aperte
678 2160 816 2208 dictitnruut
827 2161 933 2217 ltabhini,
953 2170 976 2209 et
990 2177 1070 2211 earum
1086 2179 1146 2226 pon·

152 2224 185 2272 dus
197 2227 295 2278 lecerunt
313 2229 468 2292 quadraginta
487 2236 545 2277 sata.
583 2229 639 2277 Vide
658 2237 726 2276 notas
745 2229 847 2277 maiores
867 2231 946 2278 Drusii
966 2237 1023 2279 tom.
1040 2232 1047 2279 l
1069 2234 1144 2283 t'ritic.

153 2308 195 2342 too.
210 2305 248 2345 etc.

214 2364 235 2416 dl
257 2365 336 2414 Locus
355 2364 414 2413 mire
433 2371 570 2425 corruptus.
606 2363 710 2426 Utraque
731 2363 838 2426 Epitome
858 2365 929 2412 lrabet
948 2365 1062 2427 iaspidem
1083 2369 1144 2416 inve-

154 2427 185 2475 niri
203 2434 256 2494 apud
275 2433 418 2482 Amathunta
437 2432 516 2495 Cypri.
552 2431 634 2494 ltaque
654 2439 696 2480 aut
714 2425 744 2477 τὸ
763 2449 809 2482 son
827 2432 958 2480 oscitanter
976 2441 1011 2481 cst
1031 2433 1144 2495 additum,

154 2503 183 2543 ant
200 2500 279 2564 aliquid
303 2500 368 2550 alind
393 2500 523 2549 oscitanter
542 2508 578 2547 est
597 2500 799 2563 praetermissum.
837 2501 954 2549 Fortassis
973 2501 1102 2563 scripserat
1120 2506 1144 2552 S.

154 2559 270 2626 Epiphanius
289 2569 428 2630 smaragdos
447 2567 545 2616 inveniri
564 2568 627 2630 apud
647 2569 798 2628 Amathunta,
816 2584 862 2616 non
880 2585 939 2632 quoe
952 2571 1144 2621 tronslordnnrm

154 2639 187 2682 est.
208 2639 242 2686 aad
259 2654 318 2701 qnos
337 2645 369 2686 est
388 2639 411 2685 in
431 2636 518 2700 Cypro:
544 2637 657 2683 dmatltns
676 2636 738 2683 enim
758 2635 872 2698 oppidum
892 2637 1018 2684 marimum
1038 2638 1143 2685 omnium

155 2705 170 2743 et
183 2705 350 2753 munitissimum
370 2704 431 2752 inter
449 2719 490 2762 ea,
510 2717 571 2766 quac
590 2712 655 2752 trans
674 2703 799 2752 Iordanem
819 2711 899 2763 erant,
917 2717 930 2752 a
950 2705 1052 2766 loseplto
1070 2709 1144 2768 Antip.

154 2762 352 2835 lil.llllesp.13‚
378 2781 401 2820 et
420 2774 450 2821 Hc
469 2772 528 2821 dello
547 2772 596 2820 lud.
617 2772 675 2820 llb.l
696 2771 786 2835 copss.
812 2780 972 2831 memoratur,
996 2786 1090 2820 necnon
1114 2774 1143 2821 ab

154 2844 223 2888 anctore
239 2843 269 2890 lte
287 2843 346 2890 locis
364 2842 388 2890 S.
407 2840 540 2903 Scriptores
558 2848 604 2889 etc.
640 2841 674 2889 lle
687 2842 830 2889 Amathonte
848 2847 927 2888 nutem
947 2839 1006 2887 urbe
1024 2842 1047 2887 in
1066 2841 1143 2889 insula

155 2899 208 2963 Cypro
221 2908 381 2967 celeberrima,
400 2907 464 2955 uude
482 2908 525 2955 toti
544 2908 615 2956 etiam
635 2908 727 2957 insulae
740 2908 817 2972 Cypro
828 2908 982 2956 Amathusiae
1001 2922 1087 2957 nomen
1106 2918 1142 2957 est

154 2966 210 3021 laturo
225 2984 282 3025 teste
299 2975 389 3034 Plinio,
414 2974 471 3024 uiltll
491 2976 592 3025 interest
609 2976 703 3036 dicere,
730 2985 752 3025 et
771 2984 829 3025 sotis
848 2976 878 3024 sit
897 2976 1031 3037 recordari,
1055 2978 1143 3027 anatolii

154 3041 244 3095 teanum
260 3045 306 3094 dici
325 3045 355 3093 ab
375 3043 457 3093 ovidio
471 3044 560 3093 Helori.
580 3044 648 3094 linx
666 3060 685 3094 ι.
697 3043 746 3093 220
765 3053 789 3093 et
806 3060 825 3093 ι.
836 3044 894 3105 530,
911 3046 999 3094 metalli
1016 3048 1142 3107 procidam.

213 3114 232 3169 ιι
253 3112 327 3161 eod:
354 3114 395 3162 sed
419 3119 525 3161 notorem
548 3113 622 3162 littam
640 3114 813 3162 Hutllusiornm.
851 3113 951 3161 Restitui
971 3119 1040 3174 prout
1059 3114 1087 3160 als
1106 3113 1142 3160 in·

154 3176 227 3234 temate
244 3180 317 3229 luisse
336 3181 452 3243 scriptum
471 3180 563 3228 censui.

213 3247 227 3295 lt
249 3250 405 3314 Hieronymus
425 3249 481 3296 liinc
500 3255 564 3296 certe
583 3256 704 3296 mutuatus
723 3256 772 3309 est,
800 3261 862 3310 quae
882 3248 953 3296 ltabet
971 3247 1057 3297 tinxt
1078 3251 1143 3298 tuni-

153 3318 201 3357 ιιιιι.
218 3319 240 3364 in
262 3318 338 3367 laniae
361 3316 486 3378 espttv:
512 3317 630 3379 laspidunt
652 3319 725 3366 molto
749 3324 801 3365 sunt
827 3331 927 3378 peneto:
952 3317 1013 3365 olitis
1032 3325 1065 3366 est
1083 3320 1144 3367 enim

153 3386 241 3444 leuandi
259 3387 345 3435 lolem
363 3386 547 3443 similitudinem,
567 3389 607 3448 put
625 3388 738 3448 reperitur
755 3387 779 3432 in
797 3385 899 3445 sonitibus
914 3384 1086 3434 Thermodontis
1098 3388 1144 3446 tlu-

139 3447 211 3508 .'tt'tt't,
232 3461 251 3500 et
275 3460 370 3502 voretur
388 3458 552 3513 scotomatus,
577 3469 621 3516 spuo
641 3455 717 3501 omnio
734 3454 896 3516 plautasmotu
913 3455 990 3513 sopori
1008 3462 1143 3514 nutumoot;

150 3513 195 3561 elias
207 3522 296 3570 viridior
313 3523 380 3580 nturi,
401 3529 421 3569 et
440 3523 524 3569 tinctos
542 3522 610 3583 puori
627 3522 742 3580 floridus:
761 3522 820 3569 lianc
839 3521 986 3581 totamque
1003 3523 1140 3580 mortaldo,

150 3587 165 3626 ιι
178 3584 195 3629 ia
208 3590 390 3650 nefandissimis
409 3589 521 3652 speculas
539 3590 589 3637 eius
607 3589 673 3637 nasci
691 3592 808 3650 aeternam
827 3589 898 3636 olium
915 3602 967 3635 aero
986 3589 1052 3637 iaetu
1067 3590 1143 3638 locros

147 3647 283 3720 Hyrcanaeque
308 3664 329 3706 et
347 3672 410 3705 more
429 3656 535 3718 Caspium
553 3657 663 3719 reperiri,
691 3663 712 3705 et
729 3658 851 3718 praecipue
868 3657 935 3703 iusto
953 3656 1027 3704 losum
1046 3656 1143 3704 Netteia.

145 3715 176 3765 Ειι
191 3730 206 3769 et
221 3725 278 3772 nlius
296 3726 378 3788 iaspis,
398 3725 446 3771 rici
464 3730 485 3772 et
502 3739 596 3786 spumae
612 3725 755 3772 morinorum
770 3725 881 3783 ductarum
899 3723 990 3782 similis,
1011 3729 1031 3770 et
1046 3724 1143 3771 clemen-

143 3794 169 3834 ιιι
183 3794 240 3852 poesi
255 3795 323 3841 misto
342 3807 423 3840 cruore
440 3793 590 3840 subrutilans.
628 3791 748 3839 Hactenus
763 3791 787 3840 S.
802 3790 968 3852 Hieronymus.
1005 3789 1084 3838 Honet
1102 3804 1143 3837 au·

140 3861 179 3903 tem
194 3858 312 3908 vallarsius
331 3859 354 3907 in
374 3857 530 3907 Ambrosiano
549 3858 633 3908 codice
652 3871 700 3906 non
719 3861 880 3921 prammotios,
901 3857 944 3905 sed
964 3857 1061 3905 Graecis
1081 3857 1142 3904 litte-

136 3926 164 3972 ris
179 3925 288 3976 iureuisse
307 3927 423 3989 scriptum
436 3921 675 3987 AMAoOYCtOC,
695 3926 759 3975 unde
777 3933 841 3975 recte
861 3926 958 3975 coniicit
977 3924 1086 3973 fortassis
1104 3939 1141 3972 ve-

132 4007 178 4043 ruut
197 3995 281 4058 lapidis
306 4009 393 4045 nomen
418 3993 493 4043 luisse
513 3985 708 4060 Ἀμαθούσιος,
738 3995 857 4057 siquidem
886 3993 951 4042 illum
978 3986 1041 4055 περι
1064 3983 1141 4055 Ἄμα-

127 4059 231 4115 ιοῡνια.
253 4078 316 4127 quae
335 4065 358 4112 in
379 4064 456 4125 Cypro
475 4071 519 4122 est,
537 4063 635 4112 inueniri
655 4064 764 4112 docuerit
784 4063 937 4125 Epiphanius.

203 4144 225 4194 pt
243 4132 353 4196 Epitome
373 4131 481 4193 Gesneri,
499 4127 648 4196 βαθυτέρα.
