2586 4822
129 813 149 873 2
495 821 515 872 ι.
543 821 605 869 σιτ
622 821 666 870 τι
685 820 778 869 Bm.

128 980 235 1039 νίσκοι
250 972 402 1057 βοήσατε,
419 971 460 1036 τὰ
477 972 558 1053 ἔθνη
576 969 769 1056 συνάχθητε.
805 972 898 1034 πάσα
913 976 1029 1048 κτίσις,
1053 971 1153 1034 πᾶσα

129 1070 243 1157 φύσις,
279 1072 373 1134 πᾶσα
402 1067 509 1148 τάξις,
544 1072 639 1134 πᾶσα
668 1067 771 1154 πνοὴ,
805 1069 899 1133 πᾶσα
922 1063 941 1154 ἦ
964 1070 1018 1154 γῆ,
1055 1069 1154 1132 πᾶσα

128 1162 220 1247 άξία,
256 1170 350 1232 πᾶσα
377 1161 503 1251 ἡλικία,
532 1169 627 1230 πᾶσα
655 1164 831 1247 ἐθναρχία,
867 1166 961 1229 πᾶσα
983 1165 1152 1248 βασιλεία,

127 1265 307 1349 βασιλικῶς
328 1266 375 1348 τῷ
397 1263 530 1345 βασιλεῖ
552 1266 617 1326 τῶν
639 1262 804 1344 βασιλέων
820 1256 1072 1347 άπαντήσωμεν,
1098 1261 1153 1327 δε-

103 1364 296 1437 σσποτικῶς
318 1362 364 1443 τῷ
389 1357 534 1443 δεσπότῃ
566 1362 631 1423 τῶν
655 1359 827 1424 δεσποτῶν
857 1357 1149 1444 προσκυνήσωμεν.

127 1461 173 1542 τῷ
196 1461 268 1542 θεῷ
298 1459 363 1521 τῶν
391 1458 482 1522 θεῶν
506 1459 628 1533 θιῑκῶς
651 1451 908 1538 άναμέλψωμεν,
939 1460 986 1540 τῷ
1016 1461 1151 1541 νυμφίῳ

126 1559 185 1640 τῆς
207 1550 403 1638 άφθαρσίας
425 1552 626 1638 θεονδμφως
646 1551 862 1635 χορεύσωμεν,
889 1552 947 1630 τὰς
970 1552 1181 1636 λαμπάδαςΒ

129 1652 265 1737 φαιδροὶ
289 1652 440 1736 φαιδρῶς
456 1649 681 1734 ίφαψώμεθα,
705 1648 782 1727 τοὺς
795 1654 935 1731 χιτῶνας
953 1655 1019 1714 τῶν
1037 1652 1152 1731 ψυχῶν

127 1753 333 1830 θεοπρεπῶς
361 1746 603 1828 ἓξαλλάξωμεν,
632 1771 692 1822 τος
721 1749 779 1810 τοῦ
807 1753 882 1829 βίου
918 1743 1015 1824 ὁδοὺς
1042 1747 1153 1824 καλῶς

89 1845 365 1926 ιοὲτοιμάοωμεν,
388 1843 448 1921 τὰς
471 1844 620 1921 εἰσόδους
642 1845 708 1907 τῶν
731 1847 843 1925 ψυχῶν
866 1846 912 1927 τῷ
928 1845 1061 1927 βασιλεῖ
1079 1844 1155 1907 δια-

128 1944 303 2022 νοίξωμεν,
338 1938 379 2004 τά
401 1944 482 2023 βαΐα
504 1947 561 2024 της
596 1947 682 2024 νίκης
710 1934 757 2017 ῶς
779 1943 890 2026 νικητῇ
917 1944 976 2005 τοῦ
999 1940 1153 2005 θανάτου

127 2037 355 2122 βαστάοωμεν,
388 2035 465 2113 τοὺς
487 2037 626 2114 κλάδους
648 2039 713 2101 τῶν
736 2037 856 2103 ἐλαιῶν
883 2040 931 2123 τῷ
954 2038 988 2104 ίκ
1011 2043 1155 2121 Μαρίας

127 2133 237 2217 κλάδῳ
270 2136 474 2215 θεοπρεπῶς
507 2132 711 2210 ίπισειὸντες
747 2134 789 2199 τὰ
824 2130 966 2218 άγχέλων
1000 2137 1048 2220 τῷ
1079 2138 1154 2219 θεῷ

127 2233 194 2295 τῶν
217 2223 359 2313 άχχέλων
381 2225 584 2315 ὑμνήσωμεν,
607 2229 691 2311 μετὰ
712 2233 779 2295 τῶν
797 2232 929 2296 παίδων
945 2234 1155 2315 θεοπρεπῶς

91 2341 118 2390 15
129 2321 369 2409 άνακράξωμεν,
392 2325 476 2408 μετὰ
496 2330 556 2391 τοῦ
580 2325 676 2408 ὄχλου
691 2326 733 2392 τὰ
747 2331 807 2391 τοῦ
824 2325 990 2409 ὄχλουκαὶ
1008 2330 1040 2394 οί
1057 2327 1154 2411 ὄχλοι

126 2426 310 2513 βοησωμεν,
335 2420 467 2489 ῶσαννά
489 2423 522 2489 ἐν
544 2435 616 2501 τοῖς
637 2419 804 2506 ὑψίστοις,
829 2422 1041 2511 εὐλογημένος
1063 2422 1153 2508 δίρ-

42 2546 51 2581 ·ι
125 2524 264 2606 χδμενος
285 2523 319 2589 ίν
342 2518 480 2605 ὀνόματι
502 2530 624 2604 κυρίου,
658 2519 740 2597 θεὸς
761 2521 881 2605 κύριος,
904 2523 959 2588 καὶ
982 2522 1182 2608 έπέφανενσ

126 2616 215 2707 ἡμῖν,
239 2620 385 2706 έπέφανε
406 2628 479 2694 τοῖς
502 2617 535 2683 ἒν
558 2618 667 2683 σκότει
689 2620 743 2682 καὶ
767 2622 844 2704 σκιᾷ
866 2618 1017 2685 θανάτου
1041 2626 1153 2706 καθη-

126 2724 239 2799 μένοις
260 2714 348 2802 ἡμίν.
392 2715 557 2801 έπέφονευ
581 2710 598 2799 ἡ
622 2716 688 2778 τῶν
711 2715 936 2780 πεπτωκότων
957 2710 1152 2795 ἀνάστασις,

87 2814 292 2898 τοέπέφανεν
312 2810 332 2901 η
355 2815 421 2877 τῶν
444 2811 661 2894 αἰχμαλώτων
684 2804 878 2893 άνάρρυσις,
913 2810 1062 2898 ’ἐπέψαυε
1084 2816 1154 2878 τῶν

127 2910 260 2994 τυφλῶν
294 2905 313 2992 ἡ
348 2904 546 2991 άνάβλεψις,
582 2907 746 2993 ἐπέφανεν
780 2904 800 2992 ἦ
832 2912 898 2974 τῶν
931 2908 1154 2975 πενθούντων

127 3004 349 3090 παράκλησις,
382 3004 546 3089 ἕπέφανεν
575 2999 594 3088 ἡ
624 3007 690 3069 τῶν
724 3004 919 3072 κοπιώντων
949 3004 1153 3086 ἀνάπαυσις,

128 3101 292 3187 έπέφανεν
315 3095 334 3185 ἡ
357 3104 423 3166 τῶν
446 3101 623 3183 διψώντων
647 3096 821 3184 άνάψυξις,
852 3102 1016 3188 ίπέφανεν
1039 3099 1060 3188 ἡ
1084 3107 1153 3169 τῶν

127 3203 424 3280 καταπονουμένων
457 3198 634 3285 ἐκδίκησις,
670 3198 834 3284 έπέφανεν
863 3196 881 3284 ἡ
910 3204 976 3266 τῶν
999 3195 1153 3286 άπεγνω-

87 3310 118 3362 2⁶
128 3301 255 3377 ομένων
271 3295 442 3380 λύτρωσις,
464 3296 628 3382 ίπέφανεν
643 3291 661 3381 ἡ
678 3299 744 3362 τῶν
760 3290 1022 3380 ἀπεγνωσμένων
1038 3298 1181 3383 παρά-1)

127 3393 249 3475 κλησις,
273 3391 438 3478 ίπέφανεν
461 3389 478 3478 ἡ
502 3396 568 3458 τῶν
590 3393 817 3476 χωριζομένων
840 3394 966 3474 ένωοις,
996 3394 1151 3482 ἐπεφάνη

22 3552 25 3557 .
126 3485 233 3572 ἡτῶν
256 3496 553 3572 καταπονουμένων
575 3486 747 3576 ἐκδίκησις,
778 3490 927 3577 ἐπεφάνη
956 3487 975 3577 ἡ
1003 3494 1073 3558 τῶν
1096 3517 1152 3558 νο-
1185 3534 1192 3555 .

127 3586 273 3651 σοίντων
298 3587 403 3664 ίασις,
434 3585 583 3672 ἐπεφάνη
612 3582 631 3673 ἡ
661 3590 728 3653 τῶν
748 3588 991 3670 χειμαζομένων
1012 3588 1150 3677 γαλήνη.

127 3682 256 3748 διὸκαὶ
279 3677 373 3766 ἡμεῖς
396 3684 428 3747 ol
452 3684 552 3766 δῆμοι
573 3682 657 3765 μετὰ
678 3687 736 3748 τοῦ
760 3682 858 3765 ὄχλον
880 3683 1065 3771 βοήσωμεν,
1096 3687 1153 3753 λέ-

85 3800 237 3864 αοχοντες
260 3779 401 3863 σήμερον
423 3783 576 3865 Χριστῷ,
603 3775 749 3859 ώααννὰ,
773 3787 939 3860 τουτέστι,
973 3785 1087 3848 σῶσον
1109 3784 1151 3869 δὴ

128 3871 201 3941 δέν
226 3871 383 3958 ὑψίστοις
408 3875 499 3953 θεός.
545 3865 572 3940 ῶ
598 3881 720 3941 καινῶν
747 3885 801 3943 καί
831 3877 1030 3961 παραδόξων
1060 3904 1154 3964 πρα·

126 3970 258 4054 γμάτων
281 3975 334 4036 καὶ
358 3972 557 4052 θαυμάτων·
579 3974 661 4054 χθὲς
675 3973 823 4058 Χριστὸς
845 3975 879 4041 ίκ
901 3978 1022 4059 νεκρῶν
1039 3973 1153 4062 ἤγειρε

126 4068 296 4151 Λάζαρον,
319 4070 371 4134 καί
396 4066 538 4154 σήμερον
560 4065 578 4133 δ
601 4063 700 4149 αὐτὸς
721 4071 779 4139 έπὶ
805 4071 863 4138 τὸν
885 4073 1034 4140 θάνατον
1059 4074 1152 4160 ἔρχε-
