2586 4822
151 759 192 826 38
608 772 721 822 earnm

149 933 224 1007 festa
251 949 269 987 a
294 929 445 988 Gortltem's
472 930 616 986 dissident.
661 927 764 983 Esseni
784 929 892 982 neutris
915 930 1115 993 adversantes,
1147 927 1178 981 ἰιι

151 1033 337 1092 quotcumque
365 1017 531 1081 inciderint,
561 1016 622 1070 sine
651 1016 708 1070 ullo
738 1014 899 1068 discrimine
920 1015 995 1085 [este
1018 1031 1084 1068 cum
1104 1013 1178 1086 ipsis

151 1105 262 1159 obeunt.
293 1104 323 1157 ln
346 1102 478 1157 Breviorio
503 1101 579 1156 Turni
601 1099 692 1161 liuius,
716 1098 789 1172 quod
809 1099 903 1171 Operis
926 1099 1002 1155 initio
1025 1099 1177 1172 praefixum

152 1198 210 1253 est,
240 1189 267 1244 in
291 1187 452 1251 Gertbcnis,
481 1203 530 1258 pro
554 1203 587 1240 eo
612 1183 684 1257 qtred
709 1193 749 1238 cst
772 1178 857 1260 παρὰ
881 1178 953 1250 τοὺς
975 1180 1176 1255 saporante,

151 1290 295 1348 perperam
317 1272 417 1344 legitur
439 1264 524 1346 παρὰ
548 1263 620 1336 τοὺς
637 1262 809 1344 Ἐβραίους.
854 1269 918 1324 Nam
942 1278 969 1324 et
993 1269 1176 1325 llamascenus

152 1358 233 1414 Libro
257 1358 289 1412 de
312 1354 491 1421 Haeresibus‚
515 1355 562 1427 qui
586 1354 651 1409 nihil
675 1354 746 1408 aliud
770 1363 811 1409 est
834 1372 913 1429 quam
937 1355 1080 1428 Epiphanii
1103 1359 1177 1410 Ana-

152 1443 346 1516 cepbalaeosis,
371 1441 462 1513 paucis
485 1440 617 1513 ademptis
641 1447 688 1493 aut
710 1440 866 1504 immutatis,
890 1440 925 1494 ita
950 1449 1086 1512 utsupra
1109 1457 1177 1513 pro-

111 1528 303 1602 wposuirnns
328 1525 484 1598 exscripsit:
507 1525 569 1581 lieet
593 1524 697 1588 vitiose,
721 1534 752 1579 ut
774 1525 937 1587 monuimus,
961 1525 1110 1579 lebusaaet'
1126 1542 1176 1599 pro

150 1611 288 1670 setoaeis
320 1611 454 1684 legantur.
500 1609 681 1679 Quamobrem
715 1611 787 1681 quod
820 1610 985 1665 Essenorum
1018 1610 1176 1665 institutum

151 1697 233 1753 luerit
262 1713 293 1752 ex
322 1713 354 1752 eo
383 1695 443 1751 leco
473 1704 594 1761 constat;
625 1712 721 1767 nempe
750 1704 778 1749 ut
801 1712 831 1749 se
854 1696 879 1749 in
903 1705 1047 1767 utramque
1071 1705 1175 1768 partem

152 1789 291 1837 versantes
314 1783 346 1836 ad
369 1780 510 1836 amborum
534 1796 623 1835 mores
640 1780 919 1852 consuetudinemque
936 1780 1080 1853 lingerent.
1112 1780 1174 1835 ldeo

152 1867 307 1923 Gortbenos
331 1865 413 1928 solos,
437 1883 468 1921 ae
485 1866 629 1921 llositbeos
653 1882 713 1919 eum
730 1864 860 1920 Selnraeis
878 1866 1029 1922 simultates
1047 1882 1174 1921 exercere

152 1952 226 2007 dixit.
258 1951 361 2020 Quibus
384 1951 575 2007 animadversis
598 1952 634 2006 ita
655 1949 731 2004 locus
755 1950 806 2005 iste
829 1950 1038 2005 contemnendus.
1056 1950 1120 2005 mibi
1135 1950 1174 2004 σ’-

153 2035 247 2100 detur,
279 2028 315 2091 od
337 2029 400 2110 μὴν
422 2030 612 2110 ἐπείσθησαν
633 2038 697 2101 τοῖς
719 2030 900 2105 Σιβοοοιόις
924 2033 952 2090 Γ
951 2032 1099 2109 ορθηνοὶ,
1127 2030 1173 2090 καὶ

153 2114 181 2175 οἱ
205 2110 301 2177 ἄλλοι.
344 2113 483 2194 Ἐσσηνοὶ
513 2114 546 2175 δὲ
574 2110 661 2195 ἔγγὺς
682 2121 744 2175 τῶν
766 2111 868 2174 ἄλλοιν
888 2112 1038 2194 γινόμενοι
1063 2115 1102 2176 τὰ
1126 2114 1174 2176 ἶσα

152 2200 275 2271 ἐκείνοις
296 2196 492 2283 πράττουσιν.
529 2205 578 2260 Ubi
602 2206 663 2261 τῶν
685 2194 788 2258 ἄλλων
809 2206 876 2259 idem
902 2214 943 2260 est
966 2215 1048 2278 atque
1073 2197 1173 2261 ἕκατί-

154 2307 226 2368 ρων,
242 2291 452 2345 alterulrorum.
477 2290 829 2346 CaeterumGortbenorum
846 2289 1005 2345 vocabulum
1021 2292 1095 2345 varie
1107 2289 1173 2345 solet

154 2375 276 2448 exprimi.
321 2375 385 2431 Nam
408 2384 455 2431 aut
477 2372 508 2431 Γ
506 2370 635 2451 οοθηνοὶ
660 2375 801 2438 dicuntur,
831 2384 877 2430 ant
900 2372 1104 2450 Γοοθιιιηνοί.
1146 2376 1171 2430 ln

152 2459 381 2534 Anacepbalaeosi
405 2458 434 2516 Γ
432 2455 581 2539 οροθηνοὶ
610 2460 747 2523 mendose,
778 2468 807 2515 ut
837 2459 968 2525 arbitror;
1002 2470 1032 2517 ut
1056 2470 1084 2515 et
1107 2459 1172 2534 apud

152 2544 299 2601 Eusebium
323 2543 352 2601 Γ
351 2541 523 2624 ορθηωνοὶ,
553 2544 586 2601 ab
610 2546 740 2608 authore,
764 2545 809 2618 qni
835 2541 992 2621 Γορθιιΐος
1014 2545 1171 2619 appellatur.

153 2630 242 2700 Quare
264 2627 294 2686 Γ
293 2627 455 2710 ορθαιηνοὶ
479 2631 579 2686 rectius
602 2630 707 2685 videtur
730 2630 875 2702 Scaligero.

241 2718 278 2774 30
296 2716 322 2772 b.
355 2713 404 2772 καὶ
434 2711 573 2791 νηστείας
597 2715 652 2789 τῆς
673 2705 744 2788 παρ’
769 2706 885 2786 αὐτοῖς]
923 2715 1114 2787 Espiationum
1136 2715 1173 2769 le·

153 2809 235 2865 stura,
259 2802 313 2857 sive
336 2801 476 2875 llippurim
498 2800 632 2873 intelligit,
657 2800 730 2874 quod
758 2803 791 2856 to
816 2800 883 2855 Tisri
907 2799 1092 2855 celebrabant.

240 2877 269 2940 οἱ
292 2880 325 2941 δὲ
347 2876 434 2940 ἄλλοι
458 2877 513 2958 οὐχ
536 2876 617 2940 οὕτω
636 2884 787 2957 ποιοῦσιν]
804 2876 906 2939 Ἄλλοι
923 2884 1023 2940 debent
1041 2902 1103 2940 esse
1120 2880 1174 2939 Σε-

153 2968 296 3044 βοοαΐοι,
326 2971 374 3026 scd
404 2987 454 3026 vor
474 2963 631 3043 Ἐσσηνοῖς
659 2969 825 3024 inducenda:
856 2980 899 3024 aut
932 2961 997 3024 ἀλλ’
1020 2961 1175 3042 Ἐσσηνοῖς

154 3053 344 3120 scribendum,
375 3055 437 3128 quia
466 3071 660 3126 nonnunquam
684 3054 778 3109 Esseni
806 3072 867 3109 eum
896 3055 947 3110 illis
970 3055 1075 3110 Pascba
1105 3055 1174 3110 cele·

153 3135 244 3194 brant.
274 3139 373 3194 Verum
397 3156 459 3195 ecce
482 3140 515 3194 de
538 3140 646 3194 Essenis
670 3156 751 3211 supra
767 3139 845 3196 llaer.
860 3144 893 3197 lt]
916 3140 1038 3213 scripsit:
1065 3135 1174 3212 ἐνέμει-

154 3240 212 3276 ναν
236 3215 296 3300 γὰρ
325 3216 353 3278 οἱ
374 3214 511 3298 ’Ἐσσηνοὶ
540 3224 577 3301 τῇ
605 3217 712 3300 πρώτη
742 3215 844 3301 α’γοηῇ
864 3220 961 3298 μηδὲν
981 3215 1174 3299 ὑπερβαλλό-

153 3323 249 3381 μενοι.
293 3307 328 3362 ln
346 3309 446 3380 priore
467 3309 594 3363 instituto
613 3320 845 3381 permenserunt,
873 3312 954 3366 atella
976 3312 1006 3364 in
1029 3328 1061 3364 re
1086 3319 1173 3365 trutta-

152 3392 320 3464 predicatus.
364 3392 414 3448 llic
441 3403 546 3460 autern,
577 3403 604 3449 et
632 3394 659 3447 in
682 3395 907 3466 Auaeepbalaeosi
931 3396 1094 3469 plerumque
1117 3410 1173 3451 cum

155 3475 286 3532 Sebuaeis
308 3477 376 3533 testa
398 3488 573 3552 praepostere
597 3478 744 3534 celebrant.
778 3478 839 3546 Quo
862 3488 969 3535 terream
992 3483 1101 3536 tultum
1120 3496 1174 3534 mu·

156 3567 261 3616 tantem
276 3562 487 3618 Proteanodo?
517 3566 557 3619 Αο
580 3564 633 3618 duo
657 3572 720 3618 sunt
736 3564 900 3620 Esseuorum
923 3583 1032 3638 genera,
1057 3575 1089 3621 ut
1113 3566 1175 3621 Ser-

155 3647 227 3703 tario
249 3646 358 3720 placuit,
384 3648 546 3705 reclamante
569 3646 727 3721 Scaligero‘l
757 3649 790 3704 Ut
811 3651 852 3705 alii
877 3668 937 3706 euro
962 3650 1111 3716 Salmacis,
1135 3647 1176 3704 alii

156 3745 217 3786 curn
246 3732 391 3789 Gortbenis
423 3742 450 3790 et
474 3733 608 3789 bositbeis
632 3732 793 3799 habitarint,
825 3746 851 3790 et
884 3752 978 3790 oorrrrn
1013 3734 1175 3808 quilmscum

156 3816 287 3898 degerent
298 3817 366 3874 ritus
379 3819 406 3873 iu
419 3818 553 3875 obeundis
566 3819 695 3874 duntaxat
708 3818 865 3875 solennibus
884 3821 1065 3875 imitarentur.
1102 3817 1177 3889 Quod

155 3901 264 3978 quidem
293 3902 382 3959 studio
410 3905 484 3978 pacis
510 3921 540 3960 ac
562 3903 723 3960 concordiae
745 3903 862 3960 Essenos
885 3906 1054 3978 praestitisse
1079 3907 1176 3961 borum

157 3986 296 4062 disciplina
317 3988 473 4064 persuadet,
497 4005 567 4064 quae
590 3989 655 4045 nibil
677 3988 732 4045 otio
755 3990 892 4064 aequiore
908 3991 1045 4067 antiquius
1074 3990 1176 4047 babuit.
