2586 4822
159 711 219 775 tet
611 723 725 774 rernm

155 879 283 937 dentibus
306 880 471 955 argumentis
494 879 581 953 possit
602 878 719 935 ostendi.
759 878 825 934 Nam
848 878 916 936 haec
937 878 968 935 ia
991 878 1096 953 Tyrum
1116 896 1181 954 pro·

155 965 239 1022 lectio
267 967 395 1038 contigit,
425 974 455 1021 ut
482 973 598 1020 testatur
618 962 800 1037 Epiphanius,
830 973 894 1037 post
916 964 1045 1038 Origenis
1068 965 1179 1040 lapsum,

156 1068 219 1107 cunr
249 1051 300 1105 iarn
330 1049 476 1123 Presbyter
506 1049 646 1106 ordinatus
676 1058 758 1105 esset.
802 1048 861 1104 llon
892 1048 960 1104 illud
988 1050 1044 1106 iam
1073 1061 1179 1125 repeto:

157 1136 281 1211 Origcnis
304 1135 482 1192 calamitatem
503 1134 586 1190 videri
608 1150 640 1189 ert
661 1132 804 1208 Epiphanii
825 1143 918 1191 mente
941 1132 996 1190 snb
1019 1134 1105 1193 becio
1126 1134 1182 1193 col·

152 1216 305 1282 locandam.
329 1221 422 1294 paucis
444 1229 507 1276 ante
530 1219 600 1274 illius
624 1218 727 1275 obitum
750 1218 837 1275 annis.
879 1218 1030 1292 Fingamus
1052 1220 1101 1276 diu
1122 1230 1181 1278 ante

156 1306 315 1378 contigisse.
357 1305 415 1360 buo
439 1322 470 1360 ex
493 1302 609 1360 Eusebio
632 1312 808 1361 certarunt:
832 1303 979 1376 Origenern
1002 1322 1038 1361 eo
1062 1314 1181 1380 tempore

156 1390 350 1462 Presbyterum
374 1389 520 1445 Caesareae
543 1405 604 1445 esse
627 1386 737 1452 lactum,
761 1404 816 1462 quo
839 1388 959 1445 Zebinus
975 1389 1088 1447 Phileto
1111 1408 1181 1447 taor-

158 1484 205 1531 tuo
228 1475 423 1530 Antiochenam
446 1473 538 1530 sedem
560 1472 694 1538 obtinuit,
717 1490 779 1529 curu
801 1475 829 1529 in
851 1473 993 1530 Graeciam
1015 1493 1070 1549 per
1091 1475 1180 1532 Palae·

156 1560 255 1615 stinam
278 1560 331 1615 iter
352 1559 461 1623 iaceret,
485 1558 558 1631 quod
582 1561 656 1623 att
682 1567 781 1615 narrat.
818 1558 884 1615 ltern
907 1569 974 1633 post
996 1575 1102 1617 annum
1119 1560 1180 1617 Ale-

158 1643 251 1700 xamlri
274 1644 406 1700 decimum
424 1644 579 1700 Caesaream
602 1643 800 1717 profugientem
816 1643 915 1717 ibidem
930 1642 1038 1701 diutius
1054 1646 1176 1702 meuse.

158 1728 236 1802 Apud
260 1729 406 1785 Eusebium
429 1729 456 1785 in
480 1728 613 1785 Chronico
636 1727 761 1785 Zebenus
788 1738 850 1802 post
871 1728 1011 1785 Philetum
1035 1730 1176 1788 Antioche·

159 1832 212 1878 nus
235 1814 385 1887 Episcopus
413 1815 499 1871 lactus
528 1823 584 1878 est,
614 1829 685 1869 anno
708 1813 850 1870 Alexandri
873 1817 907 1878 7,
935 1814 986 1888 qui
1016 1825 1061 1872 est
1085 1814 1176 1886 Christi

162 1902 232 1963 228,
263 1917 324 1954 carn
353 1900 484 1971 Origenes
514 1914 614 1954 annum
636 1907 731 1971 ageret
753 1901 809 1958 ta:
841 1915 928 1954 annus
962 1917 1029 1956 vero
1065 1900 1176 1958 deatum

159 1984 317 2048 Alexandri,
342 1983 442 2039 Christi
464 1992 505 2039 est
529 1985 605 2046 tat,
635 1983 760 2056 Origenis
783 1985 838 2048 463
867 2000 882 2039 a
904 2001 960 2056 quo
984 1984 1018 2040 ad
1043 1987 1104 2042 eius
1123 1984 1178 2042 obi·

159 2079 232 2131 turn,
257 2069 303 2141 qui
325 2085 395 2124 anno
419 2067 517 2124 Christi
542 2070 602 2126 254
626 2067 737 2133 accidit,
765 2069 828 2124 anni
849 2078 913 2124 sunt
935 2086 992 2124 non
1015 2070 1112 2144 plures
1133 2071 1176 2129 ²³·

159 2152 280 2208 Meminit
302 2153 382 2208 huius
405 2151 539 2208 secundae
561 2153 588 2208 in
607 2152 785 2210 Palaestinam
806 2153 986 2227 profectionis
1009 2154 1083 2212 idem
1098 2155 1176 2213 Euse-

160 2237 221 2293 bius
245 2238 270 2292 irr
295 2238 429 2294 Chronico
452 2237 484 2292 ad
506 2254 606 2293 annum
621 2239 750 2295 Antonini
770 2241 815 2296 ll.
847 2238 946 2295 Verum
962 2249 1028 2296 ante
1045 2241 1100 2301 hoc
1115 2250 1177 2298 teta·

160 2340 227 2396 pus,
259 2323 384 2378 hortante
407 2322 564 2387 Androsia,
596 2323 810 2381 Commentarios
837 2324 864 2379 in
887 2340 993 2379 sacram
1017 2325 1174 2401 Scriptorum

159 2406 352 2472 elucubrasse,
376 2407 456 2481 idque
479 2408 576 2481 partim
600 2409 761 2473 Caesareae,
785 2408 882 2482 partim
905 2409 968 2464 alibi
992 2409 1108 2473 fecisse,
1128 2426 1174 2467 aaa

160 2492 277 2549 obscure
300 2493 434 2565 significat
449 2492 582 2549 Eusebius
598 2510 622 2549 c.
636 2497 681 2550 tt.
713 2493 762 2549 Ubi
785 2493 880 2550 eodem
903 2503 1040 2566 tempore,
1066 2511 1175 2570 quotu·

160 2579 240 2635 thore
256 2577 397 2635 Ambrosio
421 2579 447 2634 in
470 2579 676 2635 commentando
700 2587 758 2634 erat
781 2588 938 2652 occupatus,
962 2580 1174 2652 proficiscentes

160 2663 235 2720 illum
260 2665 286 2718 iu
302 2663 439 2720 Graeciam
463 2673 553 2720 narrat
570 2662 715 2719 Caesareae
731 2665 884 2720 ordinatum
900 2680 961 2719 esse
978 2664 1174 2741 Presbytero

162 2749 293 2817 Quocirca
317 2749 413 2804 salsum
436 2758 477 2804 est
500 2748 645 2821 Origenem
668 2757 740 2804 totos
758 2750 797 2808 28
820 2766 904 2805 annos
928 2749 992 2822 Tyri
1015 2750 1172 2811 consedeat.

161 2833 254 2908 ibique
277 2832 537 2890 Commentariorum
566 2833 704 2905 ingentem
733 2833 804 2889 illam
833 2833 930 2890 molem
953 2832 1087 2894 edidisse.
1125 2833 1175 2893 llas

161 2918 233 2974 enirn
256 2917 439 2986 Alexandriae,
464 2918 624 2982 Caesareae,
647 2918 761 2974 Athenis
783 2918 894 2975 diversis
918 2919 1095 2992 temporibus
1115 2919 1176 2993 egit:

162 3004 202 3059 uti
225 3005 296 3062 c.18
325 3003 418 3060 scribit
441 3002 583 3059 Eusebius.
629 3002 666 3059 lle
689 3003 769 3075 Tyrio
797 3020 908 3060 secessu
936 3003 1013 3060 nulla
1044 3016 1090 3063 est
1115 3003 1179 3080 apul

161 3086 308 3143 Eusebium
337 3089 410 3162 quod
439 3089 520 3144 seiam
544 3088 654 3144 mentio.
699 3087 809 3145 llieron.
832 3088 1179 3164 casanatensem

162 3170 302 3227 erroribus
326 3171 398 3244 0rig.
422 3172 454 3227 ad
477 3173 578 3228 Parnm.
611 3172 739 3238 Centum,
770 3173 872 3246 inquit,
896 3174 1096 3247 qwdrnpisata
1117 3174 1181 3233 καί

157 3271 250 3327 prope
270 3264 345 3320 sant,
369 3272 404 3310 en
426 3272 480 3328 pao
504 3255 638 3328 Origenes
659 3267 785 3315 mortuus
807 3266 848 3315 est
873 3257 950 3329 Tyri,
972 3261 1051 3333 quod
1072 3261 1180 3319 iderant

163 3338 291 3412 Catalogo
307 3339 406 3412 Script.
423 3340 493 3397 Eccl.
518 3352 720 3399 commemorat.
752 3343 900 3399 Verisimile
922 3352 965 3400 est
987 3344 1076 3418 igitur
1090 3346 1181 3421 Origo-

161 3441 234 3484 nem.
258 3441 319 3479 curn
342 3424 368 3479 in
386 3424 457 3480 llecii
479 3427 668 3499 persecutione
691 3428 785 3484 affecta
807 3429 858 3483 iam
881 3437 969 3485 aetate
991 3426 1088 3505 lapstls
1104 3438 1180 3495 esset,

88 3520 92 3533 '
162 3510 189 3566 in
211 3509 390 3566 Palaestinam
412 3512 568 3576 recessisse,
591 3529 622 3567 ae
645 3512 706 3586 Tyri
729 3523 867 3569 mortuum
890 3530 961 3569 esse.

248 3585 324 3651 ὅθεν
345 3589 379 3651 τὰ
401 3597 525 3672 πρῶτον
546 3588 641 3653 αὐτοῦ
662 3592 821 3671 ἐπιμελῶς]
852 3599 913 3672 Agit
934 3599 969 3655 de
992 3599 1038 3656 his
1062 3598 1180 3676 Origeais

163 3677 327 3735 editionibus
360 3682 561 3738 accuratissime
593 3681 662 3739 libro
697 3684 731 3739 de
759 3683 845 3739 Pond.
869 3692 897 3739 et
919 3682 1006 3739 biens.
1037 3685 1087 3742 ubi
1117 3700 1180 3761 qaas

162 3763 280 3838 Hexapla
303 3775 330 3821 et
346 3765 456 3840 Octapla
478 3767 579 3823 luerint
601 3768 719 3841 exponit.
750 3768 815 3824 Vide
838 3767 1063 3844 quaeadc.19
1088 3770 1180 3828 ittera

163 3848 348 3907 obsecramus.

111 3937 158 3989 280
251 3936 308 3993 5³1
326 3935 352 3991 d.
383 3927 425 4002 ὡς
445 3929 502 4014 γάρ
526 3954 602 4004 τινες
624 3929 707 4012 ἡμᾶς
726 3931 905 4011 βούλονται]
951 3938 1092 4006 Quantum
1118 3940 1181 3997 haas

163 4019 293 4079 uocabula
326 4020 380 4079 duo
407 4017 532 4098 perperis
554 4032 581 4079 et
602 4015 744 4099 γεννητὸν
765 4023 902 4080 scribendi
928 4024 1181 4100 pronunciandiqne
