2586 4822
199 822 236 884 14
605 838 810 889 mmmm·

192 985 228 1051 έν
249 989 307 1073 τῆς
328 980 383 1073 ὕφ’
402 981 493 1073 ῆμῶν
515 989 591 1070 περὶ
616 983 700 1070 ὑμᾶς
721 992 895 1072 γενομένης
917 983 1046 1064 εὐνοίας
1067 982 1239 1073 ἀναμνηε

193 1089 330 1163 σθέντες
353 1085 496 1150 εἴσεσθε.
539 1090 712 1170 μέμνησθέ
732 1107 800 1149 που
823 1081 869 1163 ῶς
890 1082 1106 1167 αἰχμαλώτων
1128 1084 1214 1149 πολ-

192 1180 258 1247 λῶν
281 1181 314 1247 έκ
336 1184 393 1298 τῆς
415 1176 573 1265 ὑμετέρας
594 1181 755 1264 πατρίδος
778 1182 975 1266 ληφθέντων
995 1184 1049 1248 καὶ
1073 1181 1121 1260 είς
1141 1181 1213 1247 Λί-

191 1302 317 1363 γυπτον
337 1277 396 1364 τὴν
413 1274 572 1363 ἡμετέραν
588 1279 735 1362 πατρίδα
750 1272 954 1360 άχθέντων’
936 1281 1047 1364 ανῆκα,
1070 1281 1123 1345 καί
1139 1273 1208 1360 μετ’

168 1376 337 1469 ῠέφσδίοιν
360 1376 494 1441 πολλῶν
516 1377 569 1440 καὶ
594 1380 780 1460 θεραπείας
802 1370 840 1439 οὗ
861 1379 919 1461 τῆς
940 1376 1108 1461 τυχούσης,
1135 1376 1214 1441 ἐπι-

189 1473 415 1561 μεληοάμενος
442 1469 550 1538 αὐτῶν
578 1471 773 1557 ἐλευθέρους
802 1467 999 1557 ἀπέπεμψα
1045 1468 1130 1540 ἀλλὰ
1154 1477 1210 1538 καὶ

190 1594 269 1650 τους
291 1571 325 1637 έν
341 1566 454 1648 αὐτοῖς
469 1565 1039 1656 πεπληγμένοσςἰασάμενοςάνῆκα,
1063 1567 1213 1647 καὶτοὺς

190 1667 331 1755 γυμνοὺς
353 1667 504 1734 ένέδυσα
526 1672 581 1734 καί
604 1671 660 1733 νῖν
683 1669 720 1734 δέ
733 1667 898 1750 τράπεζαν
912 1671 1033 1751 χρυσῆν
1047 1666 1131 1751 μετὰ
1145 1691 1211 1732 πο-

191 1764 425 1850 λυτελεστάτης
448 1768 564 1842 λιθίας
585 1771 841 1852 κεκοσμημένην,
866 1767 901 1844 ἐξ
922 1761 1018 1852 ὁλκῆς
1039 1764 1211 1831 ταλάντων

154 1862 226 1952 ίοηί
250 1859 322 1931 ἀντὶ
351 1866 409 1950 τῆς
435 1863 599 1949 τραπέζης
624 1867 684 1949 τῆς
711 1864 899 1950 ληφθείσης
925 1859 995 1928 ἀπὸ
1024 1866 1083 1928 τοῦ
1111 1859 1237 1947 άγίουΰ

190 1962 298 2028 τόπου
322 1957 553 2045 Ἱεροσολύμων
581 1955 777 2038 ἀπέστειλα,
808 1961 892 2044 μετὰ
923 1964 976 2026 καὶ
1011 1961 1125 2045 δώρων
1152 1963 1209 2026 καλ

191 2061 366 2145 κειμηλίων
388 2063 435 2144 τῷ
459 2059 535 2143 ἱερῷ
557 2056 662 2144 τόπῳ.
699 2058 824 2124 τούτων
846 2067 957 2125 τοίνυν
977 2058 1036 2145 την
1058 2057 1210 2146 διήγησιν

151 2243 155 2251 Ι
190 2155 408 2242 διτοιησάμην,
432 2152 527 2234 ὅπως
547 2159 650 2241 γνῶτε
672 2151 726 2221 δτι
747 2151 831 2240 ὑπέρ
855 2150 948 2243 εὐχῆς
969 2158 1024 2222 καὶ
1042 2151 1211 2240 εὐσεβείας

189 2254 249 2334 τὰς
269 2255 405 2338 βίβλους
427 2253 538 2319 αίτῶ”.

154 2370 183 2420 15
275 2352 340 2417 Καὶ
370 2347 389 2438 ῆ
417 2353 478 2434 μὲν
505 2349 665 2435 ἐπιστολὴ
695 2345 864 2436 ἀπεστάλη
894 2353 949 2416 καλ
977 2350 1019 2417 τά
1041 2345 1210 2416 ἀπεσταλ,

188 2455 272 2534 μένα
294 2451 393 2532 δῶρα,
424 2444 518 2515 αὐτοὶ
542 2449 577 2514 δέ
600 2447 772 2531 δεξάμενοι
793 2446 848 2514 καὶ
869 2447 927 2535 τὴν
950 2448 1131 2534 ἐπιστολὴν
1153 2450 1210 2514 καί

188 2546 232 2615 τά
253 2549 344 2629 δῶρα
367 2540 525 2631 ἀσμένως,
550 2544 607 2612 διὰ
627 2548 729 2629 χαράς
752 2545 848 2627 ἴσχον
870 2545 1011 2632 σφόδρα,
1034 2548 1087 2611 καί
1108 2540 1210 2628 ἀμελ-

190 2646 260 2731 λητὶ
288 2651 440 2727 χρυσέοις
464 2643 653 2730 γράμμασιν
671 2638 851 2727 Ἑβραϊκοῖς
872 2641 931 2721 τὰς
952 2645 1088 2727 βίβλους
1108 2668 1211 2725 μετα-

188 2741 398 2828 γραιμάμενοι
419 2742 479 2819 τὰς
500 2739 561 2829 ἤδη
576 2767 637 2825 μοι
651 2746 917 2825 προτεταγμένος
932 2735 1142 2820 ἀπέστειλαν,
1158 2741 1207 2825 κβ

151 2840 248 2923 mab
269 2837 330 2916 τάς
351 2838 573 2916 ένδιαθέτους,
598 2837 820 2924 ἑβδομήκοντα
842 2837 900 2904 δύο
923 2838 1039 2917 δὲτὰς
1061 2832 1238 2924 ἀποτρέ-υ

190 2960 284 3025 φους.
315 2931 392 3002 ὁδε
412 2935 568 3020 βασιλεὺς
589 2935 809 3019 κομισάμενος
830 2939 883 3001 καὶ
907 2934 1062 3017 ἐντυχών,
1085 2940 1140 3003 καί
1162 2936 1207 3020 μῆ

190 3033 370 3117 δυνάμενος
390 3028 590 3117 ἀναγνῶναι,
619 3037 685 3100 τῶν
708 3039 879 3114 στοιχείων
898 3029 1077 3117 Ἑβραϊκῶν
1100 3031 1209 3118 ὑπαρ-

185 3130 311 3215 χόντων
333 3134 386 3197 καὶ
410 3132 567 3216 διαλέκτῳ
595 3133 634 3218 τῆ
653 3126 804 3218 Ἑβραϊκῇ
823 3137 1068 3216 γεγραμμένων,
1099 3134 1211 3198 δευτέ-

187 3254 249 3315 ραν
271 3228 449 3316 έπιστολῆν
472 3225 686 3313 ἀναγκάζεται
711 3224 825 3306 αὐτοῖς
845 3228 974 3314 γράψαι
996 3234 1050 3294 καὶ
1073 3229 1210 3316 αἰτῆσαι

148 3326 387 3413 ϋέρμηνευτάς
408 3327 487 3405 τοὺς
508 3327 708 3410 δυναμένους
731 3321 820 3411 αὐτῷ
842 3327 969 3413 φράσαι
992 3326 1052 3405 τὰς
1072 3330 1211 3411 βίβλους

190 3424 285 3504 είς
251 3451 309 3510 την
322 3421 508 3512 Ἑλληνικήν
524 3424 694 3491 διάλεκτον
709 3422 766 3490 διὰ
780 3428 838 3510 τῆς
849 3419 1029 3509 Ἑβραίδος.
1062 3437 1212 3509 περιεῖχε

189 3518 265 3590 δέ“
246 3549 266 3609 η
290 3522 449 3607 λπιστολῆ
472 3521 560 3587 τάδε.

275 3628 323 3686 11.
355 3617 409 3687 “Ὁ
435 3619 591 3703 βασιλεὺς
617 3618 829 3700 Πτολεμαιος
855 3629 927 3696 τοῖς
954 3620 1012 3704 τῆς
1040 3612 1211 3704 εὐσεβείας

188 3716 401 3795 διδασκάλοις
421 3727 493 3795 τοῖς
516 3716 549 3782 έν
569 3715 741 3800 Ἱεροσολάχ
742 3739 806 3792 ιοις
827 3716 1048 3782 πλεῖσταί
991 3742 1033 3798 χα
1035 3723 1125 3800 ί.ρειν

65 3858 69 3865 2
149 3828 181 3878 ευ
276 3818 450 3898 Θησαυροῠ
479 3820 697 3897 κεκρυμμένου
725 3815 778 3878 καὶ
807 3816 913 3900 πηγῆς
944 3812 1209 3901 σφραγισμένης
1219 3823 1263 3875 168

188 3918 239 3991 τίς
267 3906 455 3999 ὠφέλεια
442 3935 474 3976 εν
504 3904 723 3996 ἀμφοτέροις;
758 3905 845 3976 οὕτω
873 3909 929 3977 καὶ
956 3906 975 3997 ῆ
1006 3938 1075 3995 παρ
1114 3907 1209 3994 ὑμῶν

172 4003 418 4096 ἀπεσταλμένη
439 4002 519 4093 ἡμῖν
541 4011 606 4073 τῶν
621 4009 758 4122 βιβλίων
774 4002 948 4086 ὑπόθεσις.
979 4005 1070 4096 ῆμῶν
1085 4011 1147 4094 γὰρ
1162 4036 1207 4097 μη

189 4101 423 4190 δυναμένων’
405 4107 591 4190 αναγνῶναι
616 4104 659 4170 τὰ
685 4103 861 4190 γράμματα
888 4106 1013 4174 τούτων
1042 4107 1089 4185 εἰς
1111 4104 1209 4175 οὐδὲν
