2586 4822
476 810 767 863 lbiflllllmlolllis.
1071 799 1130 861 bil

112 964 173 1025 ὅθί
198 965 238 1021 sit
258 965 440 1032 abatiaertiu,
460 983 592 1040 comper
613 968 713 1039 teperti,
740 968 795 1023 sed
811 969 966 1025 scendum
979 970 1136 1043 proprium

111 1051 301 1107 aotuutmeu:
330 1049 427 1117 Statio,
446 1053 608 1109 obseruatio
629 1061 801 1109 statutorum
821 1053 939 1117 diem
960 1062 991 1109 ut
1012 1062 1134 1127 φησι

112 1144 141 1190 et
170 1143 268 1191 sertae
289 1136 396 1207 seriae,
424 1137 469 1192 oet
491 1139 733 1210 quadrupesimce.
777 1137 901 1193 (litantur
923 1147 950 1194 et
973 1139 1040 1195 baec
1062 1138 1135 1212 a'pud

114 1221 262 1276 Pamolium
285 1220 417 1277 Ambrosii
447 1223 527 1278 rerba
550 1222 636 1279 Serm.
654 1225 709 1281 36:
738 1223 882 1280 Statiouee
901 1232 1041 1279 coccutur
1061 1225 1134 1279 ieiu-

112 1306 181 1369 nia,
204 1308 279 1377 quod
298 1315 406 1362 stantes
428 1315 455 1362 et
476 1317 677 1364 commorantes
698 1309 730 1363 iu
751 1309 792 1363 sir
813 1309 942 1363 inimicos
964 1309 1133 1365 insidiantes

111 1392 285 1462 repellimur.
318 1392 413 1448 Verum
436 1408 526 1465 oeque
548 1409 599 1466 ego
622 1394 766 1450 stationem
789 1393 859 1449 idem
879 1410 939 1449 esee
954 1411 1016 1449 oum
1032 1394 1133 1461 ieiunio

112 1476 242 1540 arbitror,
265 1493 364 1549 neque.
389 1486 419 1533 ul
441 1478 547 1535 intersit
569 1478 677 1551 aliquid,
700 1478 844 1534 discrimen
860 1478 924 1536 illud
940 1477 1036 1551 probo,
1059 1478 1134 1551 quod

111 1561 186 1633 apud
209 1561 367 1616 bbabenum
396 1561 503 1638 legitur.
549 1563 626 1632 Quod
655 1564 727 1619 enim
755 1580 769 1618 a
799 1563 898 1619 ieiunio
920 1564 1071 1637 ‹tiscmpeu
1101 1581 1134 1619 cx

113 1645 280 1701 Tertulliano
303 1646 404 1719 liquet,
427 1648 475 1721 qui
496 1647 542 1703 lib.
561 1650 578 1705 2
601 1649 633 1703 ad
657 1649 770 1704 Uxorem
794 1658 853 1705 ct
876 1648 912 1704 ita
935 1649 1070 1721 loquitur:
1097 1648 1134 1704 m

111 1732 141 1786 si
161 1732 247 1785 statio
267 1731 403 1801 sariendo
424 1739 474 1796 ert,
496 1735 614 1789 moritus
637 1734 670 1788 de
692 1735 737 1788 die
759 1734 889 1789 condicat
904 1735 943 1788 ed
958 1735 1084 1797 balneos,
1107 1733 1134 1788 si

111 1816 223 1871 ieiunia
251 1819 430 1872 obseruanda
450 1827 524 1881 suut,
546 1819 664 1873 maritus
687 1819 784 1873 eodem
806 1819 851 1873 die
873 1819 1030 1873 concivium
1052 1834 1134 1873 eaer-

111 1908 186 1956 ceot.
231 1900 382 1969 Quinetiam
411 1902 472 1958 loco
500 1902 546 1958 illo
574 1902 656 1958 citato
685 1920 719 1958 en
742 1902 789 1958 lib.
811 1911 906 1959 contra
928 1902 1025 1975 Peyeb.
1049 1905 1133 1960 ull.

112 1985 252 2041 stationes
280 2004 294 2040 n
318 1987 423 2043 ieiuniis
446 1988 579 2050 secernit,
608 2003 669 2043 cum
693 1987 854 2043 stationibus
877 1997 999 2060 quortam
1022 1997 1049 2043 et
1070 2004 1134 2042 sex-

113 2079 169 2127 tam
193 2068 302 2127 Sabbati
332 2070 445 2127 dicatam
473 2089 534 2127 mse
562 2072 641 2136 dicit,
671 2073 848 2129 Parasceuem
872 2072 987 2128 ieiuniis.
1033 2073 1133 2129 Contra

112 2154 162 2211 lib.
185 2154 218 2211 de
242 2155 346 2211 Corone
363 2156 415 2213 blil.
439 2173 462 2213 c.
476 2160 507 2213 ll
534 2144 671 2213 Stilioues
694 2175 743 2231 pro
767 2157 873 2213 ieiuniis
894 2157 1020 2231 usurpari
1036 2157 1134 2213 Peme·

112 2239 168 2295 lius
189 2240 337 2304 existimet,
361 2241 404 2297 bis
426 2242 452 2297 in
476 2242 579 2298 verbis:
609 2242 672 2297 lom
693 2252 719 2298 et
741 2243 875 2298 stationes
897 2244 1021 2299 autulii
1043 2242 1133 2314 mucis

108 2325 200 2397 societ
222 2340 308 2396 quom
331 2325 462 2382 Cbrieto?
483 2336 533 2382 out
556 2336 580 2382 et
607 2328 752 2383 dominico
774 2329 829 2396 die,
852 2329 964 2400 quondo
985 2346 1035 2383 uer
1052 2327 1134 2383 curt-

110 2413 181 2466 stc?
206 2409 237 2465 Et
260 2410 346 2466 multo
369 2412 537 2467 mouilestius
558 2411 605 2468 lib.
629 2412 662 2468 de
684 2413 778 2468 noima
800 2430 825 2468 c.
843 2414 897 2469 48:
929 2412 1004 2481 (luia
1026 2421 1051 2468 et
1073 2413 1133 2468 Do-

111 2495 172 2551 niel
195 2496 277 2549 trium
298 2494 502 2552 hebdomadum
522 2499 644 2553 statione
665 2494 742 2552 uruit
763 2498 874 2552 ciclum.

200 2579 252 2635 Sed
280 2597 331 2653 ego
360 2581 503 2636 stationem
529 2582 600 2654 apud
623 2582 816 2638 Tertullianum
840 2581 998 2655 praesertim
1021 2581 1135 2654 religio-

112 2681 175 2719 sum
199 2664 264 2720 illud
286 2682 346 2721 esse
369 2664 487 2722 bdelium
511 2667 629 2722 officium
651 2665 778 2731 arbitror,
801 2683 856 2741 quo
879 2665 961 2721 certis
982 2664 1078 2721 diebus
1100 2665 1133 2720 nd

112 2749 232 2821 Syoaxiu
260 2750 406 2814 adeuntes,
435 2750 533 2807 ibidem
560 2752 593 2807 ad
616 2768 713 2807 nouam
736 2769 824 2826 usque
846 2749 1070 2824 perseverabant.
1100 2748 1134 2805 ad

113 2850 195 2909 quam
224 2834 336 2908 iusuper
363 2835 462 2907 ieiunia
490 2836 687 2909 producebant.
731 2836 806 2892 Unde
833 2845 862 2892 ct
888 2853 939 2908 pro
962 2834 1134 2891 multitudine
1176 2846 1180 2853 “

106 2923 173 2992 ipsa
195 2928 385 2993 conventuque
408 2937 603 2994 nonnunquam
625 2922 696 2977 solet
716 2921 810 2994 accipi.
840 2921 899 2976 dou
912 2937 1001 2985 secus,
1025 2921 1133 2994 opinor,

111 3021 146 3060 ac
168 3004 289 3060 militaris
312 3006 392 3060 statio
415 3014 468 3060 tam
492 3023 541 3079 pro
563 3005 624 3062 loco
647 3023 727 3080 quiam
750 3024 800 3080 pro
823 3005 910 3062 standi
934 3016 961 3061 et
984 3004 1134 3062 excubandi

113 3089 263 3153 iunctione,
287 3090 340 3144 imo
363 3101 391 3148 et
413 3108 463 3163 pro
485 3091 543 3165 ipra
565 3091 671 3146 militari
694 3108 773 3146 mauu
797 3092 868 3164 apud
883 3091 993 3146 bannos
1016 3106 1134 3164 umupa·

114 3182 169 3229 tur.
200 3174 288 3230 Livius
304 3174 351 3230 lib.
370 3178 425 3234 38:
449 3176 644 3239 Pabuiatores,
668 3177 876 3247 tipuutoresque
893 3176 1134 3231 dementiorem

109 3268 233 3332 purtem,
255 3260 286 3314 iu
308 3275 364 3332 quo
385 3262 557 3333 colloquium
577 3261 704 3333 [uturum
718 3269 790 3330 erat,
814 3261 979 3329 ductisunt,
1001 3262 1088 3317 tutius
1102 3261 1134 3317 id

110 3345 239 3415 futurum
265 3344 396 3400 Tribunis
422 3348 508 3410 rotis,
536 3348 603 3420 quio
626 3345 702 3402 Cois.
721 3347 898 3420 praesidium
920 3353 945 3402 et
967 3347 1059 3420 iprum
1077 3363 1132 3418 pro

112 3431 236 3485 statimne
263 3429 390 3485 babituri
412 3441 508 3495 eruut,
536 3449 618 3487 suo-m
640 3442 733 3488 tamem
754 3433 874 3487 alteram
896 3432 1046 3486 stationem
1064 3448 1133 3502 pro·

109 3515 179 3586 piue
209 3522 305 3570 cestre
330 3518 389 3572 600
417 3517 540 3586 equitum
557 3526 723 3588 posueruut.
767 3516 850 3572 Erant
872 3515 985 3578 milites.
1014 3515 1060 3587 qui
1082 3514 1133 3569 ali-¹

113 3608 217 3672 quanto
239 3616 253 3654 a
277 3600 372 3655 caetris
395 3600 534 3656 intervallo
555 3601 589 3656 ad
611 3617 705 3656 eorum
730 3601 840 3656 tutelam
863 3600 1040 3657 ercidmbant.
1078 3598 1184 3657 tto-am

111 3683 177 3739 dem
200 3684 279 3740 mudo
296 3684 510 3741 Christianorum
520 3685 663 3741 'stationes
685 3695 740 3741 tam
756 3703 848 3742 sacrae
864 3685 924 3740 illae
938 3682 1035 3740 diebus
1050 3682 1132 3739 certia

114 3767 316 3830 excubationem
340 3787 420 3842 quam
439 3769 546 3843 ipsimet
561 3769 678 3825 bdelium
694 3781 845 3826 conventus
860 3768 1000 3843 appellati:
1019 3767 1132 3824 Tertull·

112 3853 142 3908 in
165 3854 238 3908 calco
260 3852 307 3908 lib.
331 3854 363 3910 de
387 3855 477 3910 orsu:
507 3854 538 3911 Si
565 3856 652 3910 etet-io
680 3857 714 3910 de
742 3855 862 3911 militari
886 3855 1012 3927 exeruplo
1033 3870 1134 3909 nomm

112 3939 236 4010 occipit:
265 3936 355 4007 (Nom
384 3948 410 3995 ct
437 3940 540 3995 militia
563 3939 616 3997 Dei
642 3943 754 4012 minue)
782 3940 877 4012 utique
903 3940 984 3995 mulin
1011 3940 1132 4002 laetitio,

112 4024 174 4078 sice
207 4023 324 4077 tristitie
356 4027 506 4081 oboediens
539 4026 640 4080 cestrie
670 4025 809 4080 stationes
840 4024 959 4079 militum
990 4025 1134 4079 rescindit.

113 4107 220 4177 anibue
243 4106 331 4165 verbis
354 4109 536 4173 demonstrat,
560 4126 745 4187 nequaquam,
776 4109 850 4184 quod
872 4107 952 4182 vulgo
974 4125 1133 4182 persuasum
