2586 4822
451 812 528 863 tort
548 812 769 865 tuttttttttttttt.
1053 815 1123 875 ,uus

97 967 209 1027 Gelasio
222 966 286 1025 abbi
300 967 367 1025 nibil
381 966 513 1042 legimus:
530 984 619 1041 neque
635 976 665 1024 nt
680 985 743 1025 rere
754 967 961 1041 Salaminiorum
976 969 1122 1045 episeopus

96 1054 192 1121 tuerit,
207 1053 233 1111 ei
243 1052 380 1111 credimus
390 1052 557 1111 successisse
568 1052 756 1127 Epipbaninm,
773 1054 821 1111 sed
832 1052 925 1128 potius
935 1053 1058 1121 turibio,
1073 1058 1120 1132 qni

95 1139 172 1197 ister
190 1137 304 1213 Cyprios
318 1138 462 1215 episcopos
485 1136 628 1195 duodecim
643 1137 751 1205 (babuit
765 1147 857 1195 autem
872 1138 959 1195 insula
975 1139 1121 1198 universim

96 1223 269 1299 episcopales
283 1223 362 1279 sedes
378 1222 544 1298 quindecim)
555 1223 712 1279 nominatur
725 1240 739 1279 a
755 1224 784 1281 S.
797 1223 943 1281 Athanasio
955 1224 1059 1299 primus
1070 1242 1121 1283 eo-

95 1324 159 1369 rum
174 1308 222 1382 qui
238 1308 393 1383 synodicam
408 1307 576 1365 sardicensis
592 1308 698 1364 concilii
713 1326 785 1365 anno
798 1312 856 1369 347
872 1307 1057 1383 subsignando
1068 1328 1121 1385 po-

95 1403 158 1453 stea
181 1393 382 1467 approbarunt;
404 1402 451 1449 aut
467 1392 547 1457 illius,
571 1392 594 1449 si
609 1393 679 1449 alius
693 1394 755 1469 quis
771 1393 933 1459 intercessit,
956 1395 1119 1453 successori.

93 1478 135 1537 bu
145 1488 272 1553 tempore
279 1487 407 1553 coeperat
418 1476 505 1535 insula
517 1478 614 1535 cumS.
622 1477 758 1536 llilarione
770 1480 918 1537 monachos
930 1479 1010 1537 etiam
1021 1497 1119 1539 nosse:

93 1562 228 1621 credibile
257 1573 347 1620 umen
377 1572 419 1619 est
440 1562 473 1621 ab
496 1563 638 1637 Epiphanii
661 1564 830 1621 institutione
852 1573 967 1621 etcum
990 1564 1119 1640 pleraque

95 1666 196 1709 aurum
224 1649 450 1708 monasteriorum
481 1657 571 1705 erecta
592 1647 748 1723 directaque
771 1650 869 1715 luisse,
899 1665 1015 1724 qnorum
1037 1667 1120 1725 supra

95 1734 286 1799 minimum
315 1733 383 1790 adeo
412 1741 442 1789 ut
470 1733 568 1791 merito
590 1733 731 1808 scripserit
753 1734 921 1791 Sozomenus
944 1734 977 1791 de
998 1734 1120 1810 Epipha-

93 1820 142 1879 nio
165 1818 255 1877 libl'l
278 1835 337 1892 cap.
354 1820 404 1883 32,
427 1820 501 1892 quod
524 1819 570 1875 “in
592 1820 742 1877 monastica
762 1819 903 1893 disciplina
925 1816 1118 1877 celeberrimus

93 1904 199 1963 exstitit
221 1913 249 1961 et
259 1904 400 1978 ,aegyptiis
422 1913 450 1961 et
464 1903 642 1969 Palaestinis,
665 1914 693 1962 et
704 1903 821 1978 deniquo
835 1903 947 1978 Cypriis.
961 1903 1033 1979 apud
1048 1921 1117 1978 quos

95 1988 202 2047 electus
213 1999 256 2047 est
269 1989 336 2046 utin
348 1989 494 2063 metropoli
506 1989 589 2047 totius
600 1988 705 2045 insulae
717 1988 1117 2063 episcopatumatlininistraret.

186 2076 235 2135 16.
278 2072 347 2131 lium
375 2075 449 2131 hunc
470 2083 589 2149 gereret,
613 2074 717 2131 “rnulta
740 2074 777 2131 illi
799 2073 928 2130 miracula
950 2072 1117 2141 tribuuntur,

94 2158 250 2233 exquibus
273 2159 338 2215 illud
360 2159 392 2215 ad
416 2160 538 2217 notitiam
561 2169 681 2217 nostram
704 2159 852 2233 peruenit,”
875 2158 962 2232 inquit
978 2158 1048 2215 idem
1064 2158 1148 2223 So-,

94 2261 226 2303 amenus
248 2242 347 2301 tibt'tt
370 2262 430 2317 cap.
447 2246 497 2302 tt.
539 2243 627 2301 “Cnrn
649 2244 767 2302 liberalis
790 2253 864 2300 esset
885 2261 949 2317 orgo
971 2260 1116 2318 pauperes,

95 2330 141 2405 qui
162 2329 205 2386 rel
229 2329 369 2403 nautragto
392 2329 432 2386 rel
455 2328 506 2386 alio
529 2330 655 2403 quopiam
679 2329 798 2385 cassiod
821 2329 939 2403 inopiam
955 2328 1056 2386 redacti
1071 2347 1118 2387 cs-

96 2424 170 2475 tsut..
199 2416 328 2489 quoniam
351 2414 491 2472 facultates
514 2431 577 2470 suas
600 2414 650 2469 ianr
673 2415 777 2487 pridcrn
801 2431 895 2470 orienes
918 2413 1116 2488 absumpserat.

96 2500 226 2559 moesiae
248 2498 328 2557 bouis
350 2499 396 2556 ubi
419 2516 489 2573 opus
512 2507 569 2555 erat
584 2498 688 2573 prolixe
703 2512 770 2555 usus
786 2508 842 2557 est:
867 2508 925 2555 orat
939 2506 1032 2555 autern
1045 2515 1118 2571 opu·

93 2582 243 2643 batissims
271 2585 330 2641 eins
359 2584 481 2641 ecclesia.
527 2583 602 2640 llolti
631 2583 703 2641 enim
729 2600 761 2641 ex
784 2583 863 2639 variis
885 2582 1008 2657 partibus
1031 2582 1116 2647 orbis,

96 2671 140 2745 tpti
162 2688 231 2745 opes
253 2686 318 2726 suas
340 2669 367 2727 in
389 2670 450 2742 pios
473 2686 540 2724 usus
561 2667 719 2742 impendere
734 2667 889 2731 studebant.
912 2677 940 2725 ct
955 2668 1116 2742 superstites

97 2756 152 2812 eins
182 2753 314 2812 eeclesiae
342 2771 387 2811 ons
410 2752 616 2827 impendebant,
649 2763 676 2811 et
698 2754 845 2810 morientes
868 2753 954 2809 eidem
977 2751 1118 2826 relinque·

96 2838 166 2897 bant.
214 2838 393 2896 Conlidebant
415 2840 486 2896 eninr
509 2839 599 2905 illum,
631 2848 727 2913 utpote
750 2839 796 2914 qui
819 2836 922 2912 probus
945 2837 1117 2911 dispensator

98 2922 196 2999 beiquc
223 2924 423 2981 arriantissimus
452 2933 540 2989 esset,
568 2941 614 2981 rcs
641 2923 675 2980 ab
704 2924 769 2998 ipsis
798 2924 910 2980 donatas
940 2922 1116 2997 exipsorum

99 3010 228 3067 mutentia
251 3027 282 3067 ac
304 3010 442 3067 voluntate
465 3019 650 3083 erogaturum.
681 3008 802 3077 Quodam
819 3008 901 3081 igitur
916 3017 1039 3082 temporo
1054 3024 1117 3064 cum

97 3110 194 3167 paucae
216 3094 361 3152 admodum
385 3095 517 3169 pecuniae
538 3103 724 3168 superessent,
748 3094 824 3151 nitunt
845 3092 976 3151 ecclesiae
994 3109 1117 3151 oecono-

95 3194 166 3237 taum
196 3180 403 3244 succensuisse.
434 3197 552 3255 eumque
575 3189 701 3253 tanquam
723 3178 869 3253 prodigum
891 3176 1114 3251 reprehendisse:

95 3262 166 3322 itum
190 3283 265 3331 sero,
289 3282 324 3323 ne
347 3275 405 3321 tum
427 3264 545 3339 quidem,
569 3264 602 3321 de
624 3265 702 3321 solitu
726 3282 789 3338 erga
805 3280 939 3338 pauperes
954 3262 1116 3321 munificen-

97 3348 134 3405 tia
151 3352 299 3409 remisisse.
331 3349 462 3407 Omnibus
484 3359 574 3406 antem
596 3350 781 3423 consumptis.
805 3357 918 3423 repente
941 3348 1032 3405 nescio
1054 3347 1115 3423 quis

97 3432 132 3489 ad
147 3435 312 3501 cubiculum,
336 3436 362 3492 in
385 3452 440 3510 quo
462 3434 578 3509 degebat
599 3451 775 3499 oeconomus,
798 3433 940 3498 accedens,
964 3450 1073 3489 saccum
1087 3432 1115 3489 in

100 3532 150 3591 qao
174 3520 253 3579 multi
282 3531 360 3577 erant
387 3521 462 3578 aurei
490 3520 592 3577 nummi
616 3520 641 3575 in
664 3536 760 3576 manus
783 3519 807 3575 ei
830 3518 947 3575 tradidit.
994 3518 1115 3593 Cumque

101 3606 185 3663 reis
209 3606 257 3679 qui
278 3606 390 3663 dederat
414 3623 464 3663 nec
486 3605 508 3661 is
530 3606 577 3679 qui
599 3605 709 3661 miserat
731 3615 900 3667 nosceretur,
924 3603 1116 3677 videreturque

104 3690 188 3747 uitro
216 3690 340 3747 insolens
368 3707 532 3766 quemquam
561 3690 588 3746 in
616 3699 688 3747 tanta
712 3690 843 3763 pecuniae
865 3688 1008 3761 largitione
1029 3687 1115 3745 latere

106 3769 169 3839 rate.
192 3786 250 3833 tum
274 3792 338 3831 vero
362 3775 480 3833 urticersi
502 3775 529 3831 id
552 3774 599 3831 liei
622 3792 692 3848 opus
715 3792 775 3831 osso
798 3773 976 3829 iudicarunt'.

181 3864 227 3919 17.
273 3861 312 3917 lta
335 3859 519 3925 Sozomenus,
548 3869 674 3933 tauquam
697 3860 750 3916 boo
771 3858 941 3933 alterumque
963 3875 1025 3915 mos
1046 3855 1116 3915 sub-

113 3931 234 4003 luendum
258 3945 349 4003 solurn
371 3945 498 4002 distincte
515 3945 655 4018 cognitum
671 3943 789 4010 liabens;
814 3942 928 4018 proinde
944 3943 1010 4009 nibil
1024 3942 1114 3999 sciens

115 4016 340 4089 benemeritis
365 4029 416 4087 illis
438 4047 469 4087 ac
491 4029 704 4087 mendacissimis
718 4028 802 4094 dctis,
827 4030 853 4086 in
876 4027 976 4103 quibus
992 4035 1049 4083 tum
1064 4025 1115 4083 alia

115 4110 175 4171 ude
197 4116 273 4174 valde
296 4115 443 4190 singularia
465 4116 649 4180 continentur,
673 4124 730 4171 tum
753 4112 798 4171 illa
818 4115 876 4188 ipsa
899 4113 952 4169 dno
968 4112 1049 4187 longo
1064 4109 1115 4168 ali-
