2586 4822
309 114 380 165 ΗΠ.
418 118 455 165 oe
476 118 725 167 rujst'tuujeuoul:
746 119 870 166 tltttttstt.
1060 106 1093 164 tt

87 288 180 328 eseeru
205 268 348 327 dederunt
369 269 405 328 l'el
420 270 455 337 ei,
479 270 527 347 qiu
544 272 619 330 leret
633 270 782 342 iustitiam,
806 272 1100 351 contutuiuuruutque

10 392 45 441 k
87 386 191 427 ritanus
212 385 247 425 uc
269 366 358 445 pedes
380 367 458 439 ciue,
488 368 538 446 qui
560 386 665 427 ritanus
693 368 824 447 ipsorum
848 368 974 442 sanauit,
999 380 1101 448 coege-

74 473 154 525 runt
175 461 277 523 oculos
299 462 433 525 claudere
454 463 546 539 illum,
574 464 624 545 qui
648 465 740 527 uisum
769 465 844 546 ipsis
865 466 988 546 aperuit,
1016 484 1101 547 sepe-

58 560 250 641 lieruntque
269 558 361 637 illum,
383 560 434 641 qui
455 569 589 625 mortuos
608 562 646 623 ad
667 562 755 625 dum
767 562 922 627 muscaria
952 561 1102 643 Ompata·

51 656 158 723 :lum
180 675 291 721 norum
311 666 342 721 et
361 658 535 721 miraculum
556 659 751 741 stupenduml
780 660 925 723 iudicatus
945 668 992 723 eat
1012 658 1125 723 iudext

43 764 112 819 at
131 754 240 835 ligatus
260 754 311 835 qul
333 755 418 819 solvit
439 756 561 831 vinctos,
593 756 771 838 adactusque
791 757 823 821 iu
844 776 962 821 aucam
983 758 1101 838 estqui

49 851 255 919 nniversam
276 853 432 934 suspendit
452 854 605 917 muudum.
637 855 825 919 dlensuratus
845 864 893 919 est
911 856 963 937 qui
980 856 1102 917 metitur

30 950 197 1025 coelos,
233 958 394 1031 pastusque
420 960 467 1013 est
493 952 559 1013 lello
580 953 629 1032 qui
651 954 729 1032 pavit
757 954 861 1017 rium:
898 962 1033 1015 mortuus
1055 960 1101 1015 est

34 1049 132 1127 qui
153 1058 259 1111 cuncta
281 1049 420 1129 produxit
442 1049 512 1125 viva,
536 1051 726 1131 sepultusque
748 1052 857 1131 estqui
872 1052 997 1113 mortuis
1011 1051 1100 1113 vitam

36 1146 217 1213 reddidit.
261 1146 387 1208 Domino
410 1165 536 1227 namque
565 1168 709 1228 suspenso
743 1150 773 1211 in
802 1149 881 1229 ligno
909 1156 1140 1211 utonumeutald

42 1244 215 1325 disrupta
237 1254 317 1319 sunt,
339 1244 474 1307 inlernus
495 1254 614 1325 apertus
636 1255 696 1321 est,
725 1257 755 1308 et
775 1256 1000 1308 resurrexerunt
1020 1266 1102 1307 urer-

48 1342 138 1413 tui,
159 1343 383 1423 ellegeruntque
405 1343 528 1416 atrimae,
565 1352 594 1404 et
615 1352 817 1423 apparuerunt
837 1344 876 1404 ihi
899 1344 983 1405 multi
1006 1364 1040 1405 cx
1062 1344 1100 1407 iia

10 1456 30 1509 s
56 1439 136 1518 qui
155 1451 348 1503 surrexerunt
369 1441 400 1501 in
416 1441 607 1517 llierusalem,
630 1443 700 1503 dunt
723 1442 779 1503 lroc
795 1442 903 1503 Christi
925 1442 1102 1522 adimpletur

59 1538 263 1615 mysterium.
299 1538 332 1600 ln
355 1558 443 1601 cruce
465 1540 543 1599 enirn
566 1539 700 1601 exaltarit
714 1558 843 1613 carrium,
868 1548 899 1600 ut
920 1540 1007 1601 clavis
1030 1558 1101 1601 cen·

67 1634 142 1695 fisa
160 1645 315 1715 appareret
336 1656 420 1711 caro,
452 1647 481 1699 et
508 1637 563 1699 suh
586 1637 708 1716 pedihus
737 1636 835 1699 caratis
863 1655 944 1698 mors
971 1636 1140 1699 subiectatt

72 1742 140 1793 eat
182 1732 267 1794 Tunc
288 1733 319 1795 iu
341 1734 564 1796 admirationem
586 1734 661 1814 rapti
684 1744 753 1795 sunt
781 1733 893 1813 angeli,
922 1734 1102 1812 virtutesque

85 1825 299 1911 obstupuerunt
328 1831 469 1893 coelestes
498 1850 588 1912 super
616 1832 753 1910 passione
776 1831 893 1893 Christi.
945 1830 1101 1893 Perterrito

89 1934 170 2004 utque
190 1928 312 1991 attonita
340 1929 395 1991 luit
416 1939 563 2003 creatura,
593 1929 710 2003 clicone,
740 1920 879 2009 quidnam
906 1928 962 1990 sihi
992 1945 1101 1990 novum

98 2017 162 2085 iare
183 2026 242 2089 uult
264 2024 456 2106 mysterium?
494 2026 583 2087 ludex
605 2026 751 2089 iudicatur
772 2035 801 2087 et
824 2034 907 2100 tacet,
930 2026 980 2106 ‹pui
1001 2024 1102 2086 iurisi-

101 2114 154 2182 hills
173 2133 216 2185 est
236 2124 419 2203 conspicitur
441 2134 470 2185 et
496 2144 555 2185 uou
572 2125 771 2197 contunditur,
794 2123 1141 2203 incomprehensibilisltt

104 2222 314 2295 appetendum·
343 2230 372 2283 et
399 2241 459 2283 nou
487 2223 665 2301 indignatur,
695 2222 745 2301 qui
772 2223 836 2301 ipse
864 2220 1027 2282 immensus
1055 2229 1101 2283 est

85 2323 238 2380 ctueusurae
266 2318 420 2381 subiicitur
448 2328 476 2379 et
500 2340 559 2381 non
584 2320 702 2387 resistit,
731 2318 919 2398 irupassiltilis
942 2318 1050 2397 potitur
1071 2326 1102 2380 et

104 2426 150 2471 neu
169 2416 309 2487 retribuit,
344 2418 517 2479 irnnrrrrtulis
539 2418 663 2477 urentur
691 2427 720 2477 ct
750 2417 854 2477 tulerat
881 2416 929 2495 qui
959 2416 987 2476 in
1011 2415 1100 2478 coelis

104 2503 194 2574 habitat
214 2514 382 2593 sepulturae
406 2515 528 2576 traditur
550 2524 578 2575 ct
601 2515 734 2576 sustinet.
768 2515 806 2575 Et
827 2532 968 2593 quorsum
992 2532 1100 2575 uorum

103 2601 164 2669 istud
184 2630 276 2689 gentis
300 2612 438 2691 tirysterii,
462 2612 516 2673 nisi
540 2611 661 2672 omnino
678 2622 798 2691 propter
813 2610 984 2673 hominem?
1020 2612 1140 2673 llorstt

105 2716 157 2763 ‘⁸¹0
181 2709 318 2781 alienata,
357 2710 412 2771 suh
441 2710 564 2788 pedihus
593 2709 702 2769 Christi
730 2718 878 2788 prestrata
907 2709 996 2781 lucet,
1030 2708 1101 2769 suh·

54 2807 221 2885 surculusque
243 2816 288 2868 cst
310 2807 441 2886 captiuus
462 2808 491 2867 iu
515 2808 697 2887 triuurpluuu
719 2806 861 2879 irtleruus,
896 2816 925 2867 et
948 2807 1100 2867 universae

103 2892 166 2960 illius
193 2903 339 2982 potentiue
369 2903 573 2977 abcesserunt,
617 2904 713 2966 statim
748 2905 845 2965 audita
879 2924 948 2964 voce
981 2902 1098 2976 Christi,

103 3002 327 3067 ‹peremadmedunr
343 3003 487 3081 scriptum
504 3003 557 3063 ait:
582 3022 680 3063 rocem
705 3002 858 3064 muliorum
882 3003 944 3063 eius
967 3001 1097 3062 audistis.
1207 2990 1210 2995 ’

103 3086 157 3151 hen
176 3099 246 3160 enirn
269 3100 382 3180 aspexit
405 3101 537 3162 infernus
560 3100 661 3161 taciem
682 3100 800 3174 domini,
823 3100 875 3161 sed
892 3118 990 3160 rocem
1007 3098 1139 3179 ipsiuspp

103 3184 355 3273 lunarataudtrtr,
380 3198 518 3258 dicentis:
541 3198 730 3277 Egrediurlui,
754 3218 772 3255 o
794 3198 917 3271 auiume,
941 3197 971 3257 iu
995 3195 1097 3256 umbra

103 3289 189 3351 liores
208 3294 329 3357 vinculis
352 3296 537 3369 corrstrictae,
562 3295 648 3355 ritaur
671 3294 752 3355 rubis
774 3295 927 3361 annuntio,
954 3312 1007 3370 ego
1031 3310 1097 3353 serua

104 3378 218 3453 Cluistus
247 3393 302 3455 ulta
332 3403 435 3455 vestra.
495 3394 560 3464 Quo
595 3392 694 3453 auditu
731 3391 863 3454 iulernus
897 3390 1009 3453 solutus
1042 3398 1097 3466 est,
