2586 4822
41 39 1231 299 „m

856 384 859 397 Ι

382 843 422 895 na
439 843 590 896 sensurus
610 844 646 895 ιτ
664 844 861 896 annueramus.
1057 832 1131 894 2101

110 1000 207 1073 Neque
235 1000 308 1056 enim
329 999 496 1073 Epiphanius
519 1016 632 1072 usquam
655 1000 709 1054 τοῦ
731 992 844 1072 Χόμορ
867 1001 1030 1057 mentionem
1055 1001 1162 1058 tactis-2

109 1086 160 1141 sed
183 1102 243 1142 eam
264 1101 435 1148 mensnram,
458 1102 529 1159 quae
551 1085 638 1157 reipsa
661 1085 754 1139 eadem
777 1094 819 1140 est
840 1101 901 1140 oiim
925 1103 1006 1149 coro,
1034 1081 1132 1164 ydpaop

113 1170 240 1242 appellat,
266 1188 296 1225 ex
320 1170 484 1225 Graecorum
508 1169 713 1224 consuetudine.
745 1170 829 1238 Quam
852 1170 875 1224 is
899 1179 987 1226 tamea
1011 1188 1065 1226 non
1088 1173 1133 1228 in-

112 1266 230 1328 tegrum,
254 1254 302 1311 sed
324 1254 461 1310 dimidium
485 1270 577 1310 corum
602 1271 663 1309 esse
685 1263 770 1326 putat.
794 1263 822 1310 et
844 1271 905 1309 rum
930 1257 1030 1312 hetheo
1051 1265 1132 1328 atque

111 1334 253 1418 a‘ppaadprp
280 1339 430 1395 contundit.
476 1339 513 1393 lie
540 1356 595 1411 quo
624 1356 717 1394 errore
739 1341 805 1394 satis
827 1349 904 1396 antea
927 1340 1131 1414 disputavimus.

114 1426 169 1480 lloc
192 1443 256 1481 vero
280 1424 388 1480 tandem
411 1425 437 1479 in
456 1424 517 1480 loco
534 1423 711 1496 posteriorem
728 1425 782 1479 auri
797 1418 895 1499 ydpiop
911 1425 1039 1499 speeiem,
1062 1442 1133 1498 quae

113 1527 205 1565 resera
228 1511 307 1566 unica
329 1518 372 1565 est
393 1527 425 1565 ao
446 1509 563 1582 propria,
587 1525 685 1580 nempe
706 1524 781 1571 arar,
805 1508 933 1565 declarat.
972 1509 1029 1566 Etsi
1052 1510 1133 1566 dulii-

116 1597 162 1649 tari
187 1605 288 1668 potest,
312 1606 404 1650 utrum
427 1587 534 1669 yo'piop,
560 1611 602 1657 an,
627 1602 657 1648 ut
680 1595 736 1649 cusi
760 1603 787 1649 et
809 1595 902 1667 scripti
925 1595 1032 1650 cortices
1055 1596 1133 1652 exhi-

114 1680 193 1742 hent,
217 1671 314 1755 γόμον
334 1680 430 1751 legerit
453 1679 625 1752 Epiphanius.
656 1679 721 1733 h'ani
743 1679 764 1733 si
788 1689 957 1751 postremum
979 1681 1037 1736 hoc·
1054 1697 1133 1735 men-

115 1782 193 1820 surae
222 1782 309 1838 genus
338 1758 435 1839 yripiop
465 1763 592 1837 appellari
615 1763 788 1823 credidisset,
819 1781 873 1819 non
897 1765 1031 1838 duplicem
1053 1775 1132 1823 antea
1176 1794 1181 1805 ·

114 1841 220 1924 γόμορ,
244 1850 291 1904 sed
315 1850 446 1922 triplicem
466 1866 526 1903 esse
542 1848 662 1903 dixisset.
694 1848 742 1902 llic
757 1849 827 1903 einim
845 1849 941 1904 tertius
958 1859 1007 1911 est,
1031 1852 1132 1905 adun-

116 1934 163 1989 hns
186 1934 239 1991 illis
263 1934 342 2006 plane
364 1934 516 1989 distinctus.
547 1932 600 1988 Sed
624 1943 772 2007 nitrumque
795 1933 959 2006 Epiphanius
982 1935 1130 2006 scripserit.

115 2014 208 2093 γόμον
229 2019 301 2075 istud
324 2036 378 2073 noxi
402 2017 472 2073 aliud
495 2035 554 2072 esse
579 2027 669 2090 potest
692 2035 771 2091 quiam
792 2011 900 2092 γόμορ,
925 2020 976 2074 hoc
999 2029 1040 2074 est
1056 2028 1130 2078 aaz

117 2105 172 2160 tna
196 2106 268 2159 enim
285 2106 375 2166 timer,
399 2104 454 2158 sive
470 2104 572 2157 Gomon
593 2103 770 2158 sextariorum
796 2106 812 2158 Ἰ
822 2106 866 2173 'js
899 2102 977 2171 Qarod
992 2120 1053 2159 cum
1070 2120 1132 2159 sere

115 2188 147 2243 ah
169 2189 214 2245 illo
238 2188 378 2243 delinitum
402 2188 491 2249 luerit,
516 2187 549 2243 ah
572 2188 614 2249 iis,
637 2205 707 2262 aptiae
730 2187 810 2260 pardo
831 2198 894 2242 ante
913 2197 1071 2243 constanter
1085 2207 1132 2242 as-

116 2284 233 2336 severat,
265 2289 429 2346 magnopere
459 2273 593 2328 dissentit.
638 2272 702 2327 Nam
726 2274 841 2336 dorum,
870 2273 917 2346 qui
940 2281 982 2328 est
1005 2273 1130 2337 Clausam,

116 2359 265 2414 modiorum
288 2376 348 2413 esse
370 2359 500 2414 docuerat
524 2360 572 2415 30.
603 2357 693 2413 irradio
717 2376 779 2412 vero
801 2358 932 2413 sextarios
956 2358 1133 2430 imputaverat

121 2448 163 2500 ti.
194 2444 233 2499 lta
257 2442 343 2498 (harus
366 2443 488 2497 sextariis
511 2441 646 2499 constabit
670 2445 740 2498 510.
783 2442 836 2497 lam
860 2459 922 2497 vero
945 2442 1060 2506 Bathos,
1085 2442 1131 2516 qni

115 2529 178 2602 liphi
202 2527 340 2583 aridorum
361 2544 505 2583 mensurae
528 2528 684 2598 respondet,
707 2527 809 2583 decima
832 2537 958 2599 pareest
982 2527 1051 2590 Cori,
1076 2527 1132 2582 Go-

116 2631 173 2669 mor
200 2614 305 2671 decima
333 2630 394 2685 pars
417 2612 501 2667 Bathi.
547 2612 632 2684 lgitur
656 2629 686 2666 cx
709 2611 850 2685 Epiphanii
872 2612 1008 2667 sententia
1031 2612 1131 2667 llathus

115 2699 244 2754 saucios
275 2697 377 2770 colligit
400 2699 434 2754 51
467 2697 522 2768 (cui
552 2696 660 2770 quidem
684 2697 791 2751 nonnisi
816 2700 853 2752 50
878 2695 1000 2763 tribuit),
1032 2697 1132 2751 Gomor

114 2784 244 2840 sextarios
263 2779 296 2838 5¹
309 2804 350 2842 xe.
382 2782 429 2837 llio
451 2792 541 2837 autem
563 2772 598 2837 τὸ
621 2772 725 2857 γόμον,
748 2781 803 2836 sive
824 2775 922 2856 pdpacp
938 2779 1039 2836 habere
1055 2789 1132 2853 putat

113 2869 244 2926 sextarios
269 2872 285 2925 'l
297 2864 339 2940 ¹1¹5.
370 2867 444 2935 Quae
466 2868 489 2922 si
512 2867 615 2922 centies
638 2865 815 2938 midtiplices,
839 2866 905 2921 sient
928 2866 1035 2921 sextarii
1060 2868 1130 2929 720,

113 2965 177 3028 quot
201 2956 291 3026 reipsa
315 2969 395 3008 corus
418 2952 546 3007 coiitinet.
578 2951 682 3006 Etenim
706 2969 786 3007 corus
803 2951 907 3007 modios
922 2950 993 3023 capit
1008 2967 1062 3005 nini
1081 2953 1129 3013 30,

113 3042 158 3095 sed
183 3043 233 3102 45,
259 3047 289 3092 ut
311 3036 491 3109 Villalpandus
513 3036 602 3099 docet,
625 3035 731 3092 modius
754 3054 836 3109 porro
859 3035 990 3091 sextarios
1015 3037 1062 3098 16,
1085 3035 1131 3108 qui

114 3142 138 3179 ιιι
161 3129 201 3181 ts
233 3123 307 3177 ducti
335 3122 466 3176 sextarios
495 3121 640 3176 conficient
664 3123 733 3177 720.
779 3121 816 3177 Ea
844 3137 948 3176 summa
971 3120 997 3174 in
1021 3129 1130 3175 contum

112 3210 192 3263 divisa
215 3208 262 3262 dat
284 3206 415 3262 sextarios
438 3205 584 3277 unicuique
607 3223 704 3278 gamot·
721 3200 791 3280 7¹is.
822 3207 895 3274 Quae
911 3205 1069 3279 opinionum
1085 3222 1132 3259 va-

112 3296 201 3354 rietas,
227 3293 250 3347 si
273 3309 328 3346 non
351 3307 382 3346 ex
404 3290 613 3347 hallucinatione
637 3299 714 3351 nata,
743 3308 775 3345 ex
798 3307 830 3346 cn
852 3301 926 3370 cer-te
949 3290 1068 3362 prolecta
1091 3289 1132 3344 vi·

112 3379 199 3441 detur,
224 3375 298 3449 quand
320 3392 380 3431 enm
403 3376 470 3431 aliae
492 3376 564 3448 apud
587 3375 651 3430 alias
674 3376 797 3430 nationes
813 3392 957 3430 mensurae
972 3375 1065 3430 iisdem
1081 3391 1133 3446 ap-

113 3462 305 3535 pellationihns
317 3470 505 3524 censerentur,
531 3461 693 3516 seminares
710 3461 857 3516 xnaioresse
873 3470 974 3520 essent,
994 3461 1058 3515 haec
1075 3461 1130 3531 ipsa

111 3549 224 3604 diversis
248 3564 280 3602 es
300 3545 461 3601 authorihus
484 3546 658 3602 tumultuarie
683 3545 708 3600 in
724 3545 888 3601 adversariis
907 3553 999 3599 notata
1015 3545 1041 3599 iu
1059 3546 1133 3600 hune
1214 3555 1218 3563 ·

112 3631 343 3689 commentarium
355 3631 501 3703 redegerit,
515 3648 602 3703 nequo
620 3641 745 3686 accurate
760 3647 792 3686 ac
806 3631 932 3686 distinete
947 3629 1132 3702 proposuerit.

201 3720 261 3775 182
276 3716 304 3772 b.
336 3707 371 3772 τὸ
392 3711 488 3771 σάτον
510 3709 552 3781 νς’
576 3711 704 3790 {inania}
733 3715 826 3790 licque
849 3715 920 3771 istud
943 3712 1131 3787 superioribus

111 3813 326 3859 consentaneum
350 3811 406 3855 est:
431 3799 476 3855 ubi
493 3790 581 3856 satum
597 3803 727 3857 docuerat
743 3817 803 3856 esse
817 3792 928 3873 μόδιον
947 3791 1131 3873 ὕπέργομον,

112 3889 162 3944 hoe
185 3896 229 3944 est
251 3886 371 3943 modium
395 3902 488 3947 unum,
512 3903 573 3940 cum
596 3887 717 3942 eiusdem
740 3894 835 3961 quarta
849 3894 936 3960 parte.
965 3884 1053 3951 Quare
1068 3898 1130 3939 cum

112 3974 200 4029 modio
227 3976 264 4030 17
289 3969 422 4027 sextarios
444 3969 587 4035 attribuat,
612 3982 693 4027 crum
716 3971 742 4026 iu
765 3980 823 4027 sato
846 3968 955 4028 sextarii
979 3962 1076 4043 21¹h,
1100 3975 1131 4023 ut

110 4068 188 4114 antea
210 4058 336 4113 diximus.
366 4057 402 4110 At
423 4055 572 4110 secundum
596 4072 766 4112 communem
790 4072 878 4119 usum,
901 4053 947 4129 qui
963 4051 1053 4110 modio
1068 4069 1133 4110 set·

111 4145 194 4200 tarino
215 4143 336 4217 assignat
363 4142 409 4207 ld,
434 4148 514 4197 esunt
536 4141 563 4197 in
584 4150 644 4198 sato
666 4141 774 4198 sextarii
797 4142 846 4198 24.
