2586 4822
480 864 769 917 numsnveastones
1072 854 1141 920 ιιι

110 1021 239 1078 ωιιιιιι
260 1022 395 1078 asciscere
414 1019 468 1079 sibi
489 1038 520 1078 ac
543 1022 683 1079 vendicare
705 1020 861 1088 studebam,
882 1022 952 1080 aden
966 1024 1083 1099 quidem,
1108 1036 1139 1084 ut

112 1106 144 1163 in
167 1106 334 1162 Antiocbena
349 1105 459 1179 Synodo
480 1105 544 1163 fidei
566 1106 707 1164 formulam
722 1116 851 1183 tanquam
866 1107 900 1163 ab
915 1108 962 1165 illo
978 1119 1138 1184 conceptam

114 1191 260 1248 ediderint.
290 1191 344 1247 Sed
366 1192 513 1247 burianum
535 1191 569 1247 ab
592 1209 623 1248 ea
646 1193 779 1249 calumnis
800 1201 898 1267 purgat
920 1193 1016 1250 baron.
1039 1196 1066 1250 in
1082 1195 1139 1251 No·

117 1277 153 1333 tis
182 1276 215 1331 ad
243 1276 415 1350 blartymlog.
446 1285 473 1332 et
501 1278 527 1332 in
557 1277 651 1332 Annal.
676 1277 777 1333 Eccles.
803 1281 833 1335 Α.
851 1281 908 1336 311
928 1289 955 1335 et
973 1282 1043 1338 318.
1088 1280 1138 1336 Ubi

115 1362 265 1419 burianum
293 1363 375 1418 docet
401 1361 426 1417 in
457 1361 619 1418 confutando
647 1361 862 1419 Sabellianorum
890 1363 1002 1420 Haeresi
1031 1365 1138 1438 longius

116 1462 295 1520 progressum
317 1447 478 1503 contrariam
501 1447 528 1503 in
551 1457 655 1520 partem
679 1447 759 1520 poulo
781 1448 967 1505 vehementius
982 1449 1138 1506 incubuisse

114 1540 154 1594 et,
177 1541 210 1587 ut
230 1549 408 1605 personamm
431 1532 576 1588 discrimen
599 1533 762 1597 adstrueret,
786 1533 915 1589 nonnulla
938 1534 1044 1600 iecisse,
1068 1551 1138 1608 quae

116 1616 209 1673 briam
237 1617 409 1690 postmodum
438 1618 524 1673 exorti
552 1634 631 1672 suum
654 1618 681 1673 in
705 1635 785 1673 usum
808 1620 1015 1676 transtulerunt
1060 1620 1138 1689 Quod

116 1702 190 1757 idem
218 1701 355 1774 plerisque
383 1711 505 1758 veterum
528 1702 639 1757 Patrum
666 1719 727 1758 eum
751 1703 778 1758 in
800 1703 853 1760 buc
874 1705 1001 1778 negotio,
1031 1714 1088 1760 tum
1111 1705 1138 1760 in

116 1786 179 1842 aliis
201 1786 263 1842 lidei
279 1786 445 1842 Christianae
468 1787 601 1860 capitibus
625 1788 763 1844 usuvenit:
787 1798 818 1844 ut
839 1798 901 1844 tote
918 1806 1041 1845 errorum
1057 1800 1138 1862 atque

118 1870 284 1934 llaereseon,
308 1871 407 1946 quibus
425 1889 456 1928 ea
471 1872 625 1946 singillatim
642 1872 879 1946 oppugnabantur,
903 1874 1043 1946 originem,
1068 1891 1140 1930 non·

115 1956 184 2012 dum
211 1958 275 2012 sutis
305 1957 437 2013 illustrata
466 1975 497 2013 ac
526 1958 658 2031 potelacta
688 1958 726 2013 rei
753 1958 880 2020 veritate,
917 1959 1048 2033 quaedam
1082 1958 1139 2014 suit

116 2041 228 2114 scriptis
250 2043 431 2114 asperserint,
462 2059 531 2115 quae
555 2060 616 2098 cum
639 2043 806 2098 orthodoxae
829 2042 891 2098 fidei
914 2045 1006 2117 regula
1030 2044 1139 2100 minime

117 2126 301 2182 consentiant.
344 2128 382 2182 b'e
405 2127 438 2182 ab
461 2128 514 2184 hoc
537 2128 674 2184 Trinitatis
697 2127 825 2201 llysterio
847 2145 877 2184 ac
900 2130 1060 2203 quaestione
1082 2129 1140 2184 dis·

116 2211 222 2275 cedam,
245 2211 444 2268 observavimus
468 2213 620 2269 iamdudum
644 2212 776 2268 lustinum
792 2212 935 2287 Martyrem
951 2213 1062 2288 Dialogo
1078 2230 1140 2271 cum

116 2297 265 2369 Tryphone
293 2298 326 2352 de
354 2296 410 2353 lilio
432 2298 478 2353 llei
506 2298 575 2353 idem
598 2298 793 2371 propemodum
816 2316 877 2353 cum
899 2300 1005 2355 Arianis
1027 2300 1138 2354 sentire.

115 2381 183 2437 Nam
207 2399 268 2456 pag.
292 2381 361 2438 Edit.
385 2382 548 2440 Parisllll.
587 2382 703 2438 Verbum
727 2382 782 2447 liei,
805 2400 836 2438 ac
859 2383 963 2448 Filium,
986 2384 1067 2440 etiam
1090 2400 1141 2439 ao-

118 2477 230 2541 tequam
253 2484 361 2523 carnem
384 2468 545 2540 susciperet,
569 2467 723 2523 inferiorem
747 2485 808 2523 esse
823 2468 903 2523 Patre
919 2470 1034 2532 cerrsuit,
1058 2485 1139 2543 quem

116 2562 146 2608 et
169 2551 306 2609 veteribus
329 2553 486 2625 apparuisse
508 2552 573 2608 dicit
595 2562 622 2607 et
644 2552 759 2607 subinde
776 2554 994 2609 commemoratis
1010 2552 1139 2626 exeotplis

116 2637 154 2693 ita
179 2637 294 2710 colligit:
325 2630 362 2692 dl
387 2620 431 2692 ὧν
452 2630 664 2694 ἀποδέδεικται
685 2629 745 2692 dni
773 2639 818 2715 τῷ
850 2633 942 2710 πατρὶ
972 2633 1021 2692 καὶ
1044 2631 1140 2715 κυρίῳ

115 2717 308 2797 τεταγμένος,
330 2718 380 2777 καὶ
403 2715 562 2800 ὑπηρετῶν
581 2724 620 2800 τῇ
641 2719 741 2799 βουλῇ
763 2715 867 2778 αὐτοῦ.
908 2722 1008 2778 Deinde
1031 2721 1139 2796 quotics

116 2808 144 2863 in
169 2807 308 2880 Scriptura
330 2807 446 2881 legitur:
475 2805 607 2862 mceroit
629 2807 703 2863 Deua
725 2809 764 2861 od
785 2806 923 2872 loreum,
952 2808 993 2863 rel
1017 2807 1139 2862 boeotus

115 2900 159 2948 est
182 2891 315 2947 Dominus
338 2894 377 2948 ad
396 2892 528 2963 Moysen,
551 2892 593 2948 vel
615 2892 764 2947 llescotdil
785 2892 875 2957 Deos,
899 2900 929 2946 ut
949 2893 1057 2948 roderet
1080 2900 1139 2946 tor·

114 2979 181 3041 ηἰιι,
206 2977 246 3033 vel
270 2977 378 3032 Clausit
392 2978 528 3033 Dominus
551 2994 649 3032 orcam
670 2978 785 3048 deforis,
808 2995 839 3033 ac
861 2977 964 3050 reliqua
987 2977 1012 3032 id
1035 2992 1138 3050 genus3
1237 2970 1241 2979 ’

115 3072 201 3136 negat
229 3062 263 3118 de
286 3063 364 3118 Patre
392 3065 452 3135 ipso
475 3061 574 3118 debere
597 3063 696 3135 accipi,
726 3062 771 3134 qui
795 3079 884 3135 neque
906 3070 1046 3118 moveatur
1067 3060 1138 3124 loco,

115 3164 209 3222 neque
237 3146 345 3204 locutus
368 3149 492 3220 cuiquam
515 3148 609 3212 luerit,
640 3147 688 3202 sed
710 3147 742 3201 ad
765 3146 860 3203 Tilium
883 3148 1029 3220 pertinere.
1073 3145 1139 3201 Nam

114 3234 140 3289 si
161 3233 224 3288 eius
245 3232 339 3306 ipsius,
363 3250 443 3306 quem
467 3233 586 3296 miserat,
610 3231 667 3288 Filii
690 3230 862 3304 splendorem
880 3231 971 3288 ludaei
993 3232 1065 3287 serre
1088 3230 1141 3286 mi-

114 3320 191 3374 nime
212 3326 372 3391 potuerunt,
406 3318 542 3390 quomodo
565 3317 652 3373 Patris
675 3317 759 3390 ipsius
781 3319 949 3373 maiestatem
972 3314 1140 3390 gloriamque

114 3400 306 3459 sustinerent?
335 3402 451 3458 Proinde
474 3419 563 3476 neque
578 3402 702 3464 Abraam,
726 3418 815 3476 neque
837 3402 920 3466 lsaac,
944 3417 1034 3475 neque
1049 3399 1139 3463 lacob,

115 3504 209 3563 neque
230 3487 384 3543 mortalium
408 3487 479 3543 ullus
502 3487 609 3542 Patrem
632 3488 719 3560 ipsum
742 3503 773 3541 ac
796 3505 887 3544 rerum
910 3488 1031 3543 omnium
1047 3485 1140 3541 llnmi-

114 3589 184 3630 num
211 3573 289 3628 vidit:
319 3563 383 3627 o'll'
408 3568 520 3627 ἐκεῖνον
545 3563 598 3627 τὸν
626 3565 705 3627 κατὰ
731 3565 849 3647 βουλὴν
876 3567 932 3647 τὴν
953 3567 1065 3629 ἐκείνου
1088 3563 1139 3623 rtol

114 3652 195 3715 θεὸν
225 3649 299 3714 ὄντα
327 3649 394 3713 υἱὸν
422 3648 533 3725 αὐτοῦ,
562 3651 611 3710 καὶ
642 3647 768 3731 ἄγγελον
788 3653 822 3713 lx
844 3660 898 3713 τοῦ
919 3649 1080 3732 ὑπηρετεῖν
1100 3653 1139 3729 τῇ

113 3737 225 3821 γνώμῃ
250 3734 352 3797 αὐτοῦ.
397 3742 450 3798 Sed
481 3741 570 3804 illum,
601 3742 647 3813 qui
669 3758 701 3795 en
723 3741 808 3813 ipsius
832 3742 968 3797 voluntate
991 3740 1063 3796 [leus
1086 3746 1138 3803 est,

115 3829 232 3900 eiusque
254 3827 326 3883 lilius
349 3837 376 3883 et
398 3827 527 3900 Angelus,
550 3826 624 3901 quod
646 3825 718 3881 illius
740 3826 871 3883 voluntati
894 3843 997 3881 morem
1019 3832 1105 3898 gerat.

203 3912 278 3982 Quae
306 3912 401 3968 lustini
430 3912 510 3968 verba
540 3910 721 3967 Tertullianus
748 3912 867 3968 imitatus
897 3919 939 3966 est
966 3910 1020 3967 l.2
1049 3917 1139 3965 contr.

114 3996 198 4054 Uare.
222 4015 247 4052 c.
265 3999 314 4055 27.
354 3997 448 4053 blimm
472 4006 515 4053 est
536 3997 658 4059 Arianos,
682 4011 743 4050 eum
765 3997 893 4052 insaniam
918 4011 993 4050 suam
1017 4003 1139 4050 veterum

113 4082 228 4140 Petrum
258 4082 413 4139 testimonio
441 4080 620 4138 corroborare
649 4081 805 4153 cumprimis
832 4089 978 4153 cuperent,
1007 4079 1139 4135 lustinum

113 4167 301 4243 praeteriisse.
342 4167 395 4223 Sed
418 4167 451 4223 ab
474 4166 556 4230 omni,
579 4166 619 4221 uti
641 4166 703 4229 dini,
727 4166 805 4238 eulpa
828 4175 880 4221 tam
904 4165 958 4230 bic,
981 4180 1061 4238 quarn
1084 4164 1141 4218 Lu-
