<?xml version="1.0" encoding="UTF-8"?>
<!DOCTYPE html PUBLIC "-//W3C//DTD XHTML 1.0 Transitional//EN"
    "http://www.w3.org/TR/xhtml1/DTD/xhtml1-transitional.dtd">
<html xmlns="http://www.w3.org/1999/xhtml" xml:lang="en" lang="en">
 <head>
  <title>
</title>
<meta http-equiv="Content-Type" content="text/html;charset=utf-8" />
  <meta name='ocr-system' content='tesseract 3.04.00' />
  <meta name='ocr-capabilities' content='ocr_page ocr_carea ocr_par ocr_line ocrx_word'/>
</head>
<body>
  <div class='ocr_page' id='page_1' title='image "./opera02dindgoog_0175.png"; bbox 0 0 2586 4822; ppageno 0'>
   <div class='ocr_carea' id='block_1_1' title="bbox 163 765 728 829">
    <p class='ocr_par' dir='ltr' id='par_1_1' title="bbox 163 765 728 829">
     <span class='ocr_line' id='line_1_1' title="bbox 163 765 728 829; baseline -0.002 0"><span class='ocrx_word' id='word_1_1' title='bbox 163 765 223 829; x_wconf 74' lang='lat' dir='ltr'><strong><em>tto</em></strong></span> <span class='ocrx_word' id='word_1_2' title='bbox 369 784 376 797; x_wconf 94' lang='lat'><strong>·</strong></span> <span class='ocrx_word' id='word_1_3' title='bbox 600 776 728 828; x_wconf 76' lang='lat' dir='ltr'><strong><em>roserat</em></strong></span> 
     </span>
    </p>
   </div>
   <div class='ocr_carea' id='block_1_2' title="bbox 124 898 1177 1418">
    <p class='ocr_par' dir='ltr' id='par_1_2' title="bbox 124 898 1177 1013">
     <span class='ocr_line' id='line_1_2' title="bbox 124 898 1177 1013; baseline -0.001 -25"><span class='ocrx_word' id='word_1_4' title='bbox 124 948 148 989; x_wconf 80' lang='lat' dir='ltr'><strong><em>tr</em></strong></span> <span class='ocrx_word' id='word_1_5' title='bbox 153 927 335 1013; x_wconf 66' lang='grc' dir='ltr'><strong><em>Επιφανιοο</em></strong></span> <span class='ocrx_word' id='word_1_6' title='bbox 356 927 425 1011; x_wconf 75' lang='lat' dir='ltr'><strong><em>saepi</em></strong></span> <span class='ocrx_word' id='word_1_7' title='bbox 442 933 514 992; x_wconf 77' lang='grc' dir='ltr'><strong><em>τῶν</em></strong></span> <span class='ocrx_word' id='word_1_8' title='bbox 530 925 562 990; x_wconf 79' lang='grc' dir='ltr'><strong><em>ίν</em></strong></span> <span class='ocrx_word' id='word_1_9' title='bbox 582 933 626 1012; x_wconf 81' lang='grc' dir='ltr'><strong><em>τῷ</em></strong></span> <span class='ocrx_word' id='word_1_10' title='bbox 648 927 740 1013; x_wconf 78' lang='grc' dir='ltr'><strong><em>λογίῳ</em></strong></span> <span class='ocrx_word' id='word_1_11' title='bbox 753 932 809 991; x_wconf 75' lang='lat' dir='ltr'><strong><em>aad</em></strong></span> <span class='ocrx_word' id='word_1_12' title='bbox 823 924 927 1010; x_wconf 64' lang='lat' dir='ltr'><strong><em>istricae</em></strong></span> <span class='ocrx_word' id='word_1_13' title='bbox 940 898 1177 1006; x_wconf 65' lang='lat' dir='ltr'><strong><em>lpmmqyprhorr</em></strong></span> 
     </span>
    </p>

    <p class='ocr_par' dir='ltr' id='par_1_3' title="bbox 156 1013 1176 1094">
     <span class='ocr_line' id='line_1_3' title="bbox 156 1013 1176 1094; baseline -0.004 -17"><span class='ocrx_word' id='word_1_14' title='bbox 156 1013 201 1094; x_wconf 69' lang='grc' dir='ltr'><strong><em>ιβ’</em></strong></span> <span class='ocrx_word' id='word_1_15' title='bbox 229 1015 343 1077; x_wconf 74' lang='grc' dir='ltr'><strong><em>λίθων·</em></strong></span> <span class='ocrx_word' id='word_1_16' title='bbox 371 1019 401 1076; x_wconf 89' lang='lat' dir='ltr'><em>S</em></span> <span class='ocrx_word' id='word_1_17' title='bbox 421 1019 579 1094; x_wconf 71' lang='lat' dir='ltr'><strong><em>Bpspboasr</em></strong></span> <span class='ocrx_word' id='word_1_18' title='bbox 606 1019 640 1075; x_wconf 85' lang='lat' dir='ltr'><strong><em>tle</em></strong></span> <span class='ocrx_word' id='word_1_19' title='bbox 665 1019 815 1077; x_wconf 64' lang='lat' dir='ltr'><strong><em>mamaea</em></strong></span> <span class='ocrx_word' id='word_1_20' title='bbox 833 1018 954 1089; x_wconf 63' lang='grc' dir='ltr'><strong><em>μανιᾶν</em></strong></span> <span class='ocrx_word' id='word_1_21' title='bbox 974 1017 1006 1075; x_wconf 81' lang='lat' dir='ltr'><strong><em>ia</em></strong></span> <span class='ocrx_word' id='word_1_22' title='bbox 1028 1015 1176 1073; x_wconf 67' lang='lat' dir='ltr'><strong><em>maenaa</em></strong></span> 
     </span>
    </p>

    <p class='ocr_par' dir='ltr' id='par_1_4' title="bbox 157 1101 1176 1178">
     <span class='ocr_line' id='line_1_4' title="bbox 157 1101 1176 1178; baseline -0.002 -17.6"><span class='ocrx_word' id='word_1_23' title='bbox 157 1105 432 1178; x_wconf 71' lang='lat' dir='ltr'><strong><em>neerdotisiofieis.</em></strong></span> <span class='ocrx_word' id='word_1_24' title='bbox 460 1104 516 1160; x_wconf 82' lang='lat' dir='ltr'><strong><em>It&#39;t</em></strong></span> <span class='ocrx_word' id='word_1_25' title='bbox 509 1113 607 1160; x_wconf 82' lang='lat' dir='ltr'><strong><em>iterum</em></strong></span> <span class='ocrx_word' id='word_1_26' title='bbox 624 1103 734 1173; x_wconf 78' lang='lat' dir='ltr'><strong><em>Quaest.</em></strong></span> <span class='ocrx_word' id='word_1_27' title='bbox 747 1106 797 1168; x_wconf 82' lang='lat'><strong><em>45,</em></strong></span> <span class='ocrx_word' id='word_1_28' title='bbox 821 1103 855 1159; x_wconf 90' lang='lat' dir='ltr'><strong><em>de</em></strong></span> <span class='ocrx_word' id='word_1_29' title='bbox 870 1101 1045 1158; x_wconf 80' lang='lat' dir='ltr'><strong><em>Samaritenis</em></strong></span> <span class='ocrx_word' id='word_1_30' title='bbox 1059 1101 1176 1175; x_wconf 64' lang='lat' dir='ltr'><strong><em>locarent</em></strong></span> 
     </span>
    </p>

    <p class='ocr_par' dir='ltr' id='par_1_5' title="bbox 158 1184 1176 1264">
     <span class='ocr_line' id='line_1_5' title="bbox 158 1184 1176 1264; baseline -0.003 -17"><span class='ocrx_word' id='word_1_31' title='bbox 158 1207 190 1247; x_wconf 81' lang='lat' dir='ltr'><strong><em>ex</em></strong></span> <span class='ocrx_word' id='word_1_32' title='bbox 212 1191 307 1248; x_wconf 88' lang='lat' dir='ltr'><strong><em>eodem</em></strong></span> <span class='ocrx_word' id='word_1_33' title='bbox 328 1188 400 1261; x_wconf 74' lang='lat' dir='ltr'><strong><em>lilpro</em></strong></span> <span class='ocrx_word' id='word_1_34' title='bbox 421 1188 498 1264; x_wconf 82' lang='lat' dir='ltr'><strong><em>plura</em></strong></span> <span class='ocrx_word' id='word_1_35' title='bbox 520 1187 663 1245; x_wconf 76' lang='lat' dir='ltr'><strong>describit:</strong></span> <span class='ocrx_word' id='word_1_36' title='bbox 686 1189 730 1245; x_wconf 84' lang='lat' dir='ltr'><strong><em>liic</em></strong></span> <span class='ocrx_word' id='word_1_37' title='bbox 752 1197 843 1245; x_wconf 76' lang='lat' dir='ltr'><strong><em>tamem</em></strong></span> <span class='ocrx_word' id='word_1_38' title='bbox 865 1203 926 1243; x_wconf 87' lang='lat' dir='ltr'><strong><em>enm</em></strong></span> <span class='ocrx_word' id='word_1_39' title='bbox 949 1185 1041 1243; x_wconf 78' lang='lat' dir='ltr'><strong><em>laudat</em></strong></span> <span class='ocrx_word' id='word_1_40' title='bbox 1054 1184 1108 1242; x_wconf 89' lang='lat' dir='ltr'><strong><em>snb</em></strong></span> <span class='ocrx_word' id='word_1_41' title='bbox 1124 1187 1176 1244; x_wconf 88' lang='lat' dir='ltr'><strong><em>bac</em></strong></span> 
     </span>
    </p>

    <p class='ocr_par' dir='ltr' id='par_1_6' title="bbox 156 1265 1177 1418">
     <span class='ocr_line' id='line_1_6' title="bbox 156 1265 1177 1351; baseline -0.006 -17"><span class='ocrx_word' id='word_1_42' title='bbox 156 1276 210 1334; x_wconf 80' lang='lat' dir='ltr'><strong><em>&#39;elio</em></strong></span> <span class='ocrx_word' id='word_1_43' title='bbox 238 1275 332 1332; x_wconf 87' lang='lat' dir='ltr'><strong><em>titulo:</em></strong></span> <span class='ocrx_word' id='word_1_44' title='bbox 358 1265 540 1351; x_wconf 78' lang='grc' dir='ltr'><strong><em>Ἐπιφανίοα</em></strong></span> <span class='ocrx_word' id='word_1_45' title='bbox 570 1267 603 1329; x_wconf 74' lang='grc' dir='ltr'><strong><em>ἐκ</em></strong></span> <span class='ocrx_word' id='word_1_46' title='bbox 628 1274 685 1330; x_wconf 78' lang='grc' dir='ltr'><strong><em>τοῦ</em></strong></span> <span class='ocrx_word' id='word_1_47' title='bbox 711 1267 791 1350; x_wconf 79' lang='grc' dir='ltr'><strong><em>πρὸς</em></strong></span> <span class='ocrx_word' id='word_1_48' title='bbox 809 1265 988 1349; x_wconf 77' lang='grc' dir='ltr'><em>Διόδωρον·</em></span> <span class='ocrx_word' id='word_1_49' title='bbox 1015 1270 1177 1345; x_wconf 71' lang='lat' dir='ltr'><strong><em>Eprptaet</em></strong></span> 
     </span>
     <span class='ocr_line' id='line_1_7' title="bbox 157 1360 381 1418; baseline -0.009 0"><span class='ocrx_word' id='word_1_50' title='bbox 157 1363 197 1418; x_wconf 78' lang='lat' dir='ltr'><strong><em>etl</em></strong></span> <span class='ocrx_word' id='word_1_51' title='bbox 216 1360 381 1416; x_wconf 67' lang='lat' dir='ltr'><strong><em>bodonia.</em></strong></span> 
     </span>
    </p>
   </div>
   <div class='ocr_carea' id='block_1_3' title="bbox 616 1471 711 1620">
    <p class='ocr_par' dir='ltr' id='par_1_7' title="bbox 616 1471 711 1620">
     <span class='ocr_line' id='line_1_8' title="bbox 616 1471 711 1620; baseline -0.011 -38"><span class='ocrx_word' id='word_1_52' title='bbox 616 1471 711 1620; x_wconf 57' lang='lat'><strong><em>§2¹¹1-</em></strong></span> 
     </span>
    </p>
   </div>
   <div class='ocr_carea' id='block_1_4' title="bbox 131 1640 1177 1871">
    <p class='ocr_par' dir='ltr' id='par_1_8' title="bbox 131 1640 1177 1871">
     <span class='ocr_line' id='line_1_9' title="bbox 156 1640 1177 1719; baseline -0.004 -15"><span class='ocrx_word' id='word_1_53' title='bbox 156 1642 297 1704; x_wconf 72' lang='lat' dir='ltr'><strong><em>Abderam</em></strong></span> <span class='ocrx_word' id='word_1_54' title='bbox 325 1654 351 1701; x_wconf 90' lang='lat' dir='ltr'><strong><em>et</em></strong></span> <span class='ocrx_word' id='word_1_55' title='bbox 372 1643 505 1702; x_wconf 82' lang='lat' dir='ltr'><strong><em>Aretltarrt</em></strong></span> <span class='ocrx_word' id='word_1_56' title='bbox 529 1642 732 1701; x_wconf 69' lang='lat' dir='ltr'><strong><em>caesareenses</em></strong></span> <span class='ocrx_word' id='word_1_57' title='bbox 760 1643 987 1718; x_wconf 65' lang='lat' dir='ltr'><strong><em>archiepiscopos</em></strong></span> <span class='ocrx_word' id='word_1_58' title='bbox 1016 1640 1177 1719; x_wconf 74' lang='lat' dir='ltr'><strong><em>Epipbanri</em></strong></span> 
     </span>
     <span class='ocr_line' id='line_1_10' title="bbox 131 1727 1176 1806; baseline -0.007 -15"><span class='ocrx_word' id='word_1_59' title='bbox 131 1731 230 1791; x_wconf 59' lang='lat' dir='ltr'><strong><em>&#39;libro</em></strong></span> <span class='ocrx_word' id='word_1_60' title='bbox 259 1731 296 1788; x_wconf 83' lang='lat' dir='ltr'><strong><em>lle</em></strong></span> <span class='ocrx_word' id='word_1_61' title='bbox 319 1730 363 1789; x_wconf 86' lang='lat' dir='ltr'><strong><em>llll</em></strong></span> <span class='ocrx_word' id='word_1_62' title='bbox 386 1730 499 1806; x_wconf 76' lang='lat' dir='ltr'><strong><em>gemmis</em></strong></span> <span class='ocrx_word' id='word_1_63' title='bbox 529 1747 588 1787; x_wconf 91' lang='lat' dir='ltr'><strong><em>esse</em></strong></span> <span class='ocrx_word' id='word_1_64' title='bbox 615 1745 681 1786; x_wconf 86' lang='lat' dir='ltr'><strong><em>asos</em></strong></span> <span class='ocrx_word' id='word_1_65' title='bbox 702 1730 734 1785; x_wconf 82' lang='lat' dir='ltr'><strong><em>in</em></strong></span> <span class='ocrx_word' id='word_1_66' title='bbox 755 1730 815 1785; x_wconf 85' lang='lat' dir='ltr'><strong><em>sols</em></strong></span> <span class='ocrx_word' id='word_1_67' title='bbox 837 1728 870 1785; x_wconf 88' lang='lat' dir='ltr'><strong><em>ad</em></strong></span> <span class='ocrx_word' id='word_1_68' title='bbox 891 1728 1070 1804; x_wconf 76' lang='lat' dir='ltr'><strong><em>Apocalypsin</em></strong></span> <span class='ocrx_word' id='word_1_69' title='bbox 1095 1727 1176 1785; x_wconf 77' lang='lat' dir='ltr'><strong><em>Com·</em></strong></span> 
     </span>
     <span class='ocr_line' id='line_1_11' title="bbox 583 1815 739 1871; baseline -0.013 0"><span class='ocrx_word' id='word_1_70' title='bbox 583 1815 739 1871; x_wconf 75' lang='lat' dir='ltr'><strong><em>mortariis.</em></strong></span> 
     </span>
    </p>
   </div>
   <div class='ocr_carea' id='block_1_5' title="bbox 32 1948 1176 4139">
    <p class='ocr_par' dir='ltr' id='par_1_9' title="bbox 155 1948 1176 2530">
     <span class='ocr_line' id='line_1_12' title="bbox 241 1948 1174 2025; baseline -0.005 -16"><span class='ocrx_word' id='word_1_71' title='bbox 241 1952 384 2010; x_wconf 86' lang='lat' dir='ltr'><strong><em>Praeterea</em></strong></span> <span class='ocrx_word' id='word_1_72' title='bbox 411 1951 590 2025; x_wconf 78' lang='lat' dir='ltr'><strong><em>Epiphaniam</em></strong></span> <span class='ocrx_word' id='word_1_73' title='bbox 623 1951 665 2006; x_wconf 80' lang='lat' dir='ltr'><strong><em>lle</em></strong></span> <span class='ocrx_word' id='word_1_74' title='bbox 691 1951 805 2021; x_wconf 76' lang='lat' dir='ltr'><strong><em>perrois</em></strong></span> <span class='ocrx_word' id='word_1_75' title='bbox 837 1948 879 2005; x_wconf 92' lang='lat' dir='ltr'><strong><em>bis</em></strong></span> <span class='ocrx_word' id='word_1_76' title='bbox 906 1948 1045 2006; x_wconf 87' lang='lat' dir='ltr'><strong><em>laudatum</em></strong></span> <span class='ocrx_word' id='word_1_77' title='bbox 1073 1949 1174 2005; x_wconf 79' lang='lat' dir='ltr'><strong><em>oll&#39;andi</em></strong></span> 
     </span>
     <span class='ocr_line' id='line_1_13' title="bbox 157 2032 1174 2108; baseline -0.004 -14"><span class='ocrx_word' id='word_1_78' title='bbox 157 2038 365 2094; x_wconf 86' lang='lat' dir='ltr'><strong><em>commentarios</em></strong></span> <span class='ocrx_word' id='word_1_79' title='bbox 387 2036 447 2092; x_wconf 88' lang='lat' dir='ltr'><strong><em>illos</em></strong></span> <span class='ocrx_word' id='word_1_80' title='bbox 468 2038 500 2091; x_wconf 82' lang='lat' dir='ltr'><strong><em>io</em></strong></span> <span class='ocrx_word' id='word_1_81' title='bbox 520 2035 711 2108; x_wconf 69' lang='lat' dir='ltr'><strong><em>Apocalypsin</em></strong></span> <span class='ocrx_word' id='word_1_82' title='bbox 734 2033 842 2108; x_wconf 82' lang='lat' dir='ltr'><strong><em>legens,</em></strong></span> <span class='ocrx_word' id='word_1_83' title='bbox 866 2035 912 2107; x_wconf 85' lang='lat' dir='ltr'><strong><em>qui</em></strong></span> <span class='ocrx_word' id='word_1_84' title='bbox 934 2034 1006 2097; x_wconf 83' lang='lat' dir='ltr'><strong><em>licet,</em></strong></span> <span class='ocrx_word' id='word_1_85' title='bbox 1029 2032 1174 2091; x_wconf 76' lang='lat' dir='ltr'><strong><em>lambecio</em></strong></span> 
     </span>
     <span class='ocr_line' id='line_1_14' title="bbox 155 2118 1175 2178; baseline -0.004 0"><span class='ocrx_word' id='word_1_86' title='bbox 155 2129 227 2178; x_wconf 86' lang='lat' dir='ltr'><strong><em>teste</em></strong></span> <span class='ocrx_word' id='word_1_87' title='bbox 254 2121 303 2177; x_wconf 86' lang='lat' dir='ltr'><strong><em>lib.</em></strong></span> <span class='ocrx_word' id='word_1_88' title='bbox 318 2122 350 2176; x_wconf 88' lang='lat' dir='ltr'><strong><em>lll</em></strong></span> <span class='ocrx_word' id='word_1_89' title='bbox 373 2120 640 2178; x_wconf 72' lang='lat' dir='ltr'><strong><em>Commentarios-roa</em></strong></span> <span class='ocrx_word' id='word_1_90' title='bbox 668 2120 743 2176; x_wconf 71' lang='lat' dir='ltr'><strong><em>brot.</em></strong></span> <span class='ocrx_word' id='word_1_91' title='bbox 768 2118 926 2176; x_wconf 78' lang='lat' dir='ltr'><strong><em>Caesareae</em></strong></span> <span class='ocrx_word' id='word_1_92' title='bbox 953 2119 1175 2176; x_wconf 80' lang='lat' dir='ltr'><strong><em>Vindoborserrss&#39;e</em></strong></span> 
     </span>
     <span class='ocr_line' id='line_1_15' title="bbox 157 2203 1176 2279; baseline -0.002 -16"><span class='ocrx_word' id='word_1_93' title='bbox 157 2215 220 2268; x_wconf 88' lang='lat' dir='ltr'><strong><em>etc..</em></strong></span> <span class='ocrx_word' id='word_1_94' title='bbox 243 2205 433 2262; x_wconf 76' lang='lat' dir='ltr'><strong><em>adtribuantur</em></strong></span> <span class='ocrx_word' id='word_1_95' title='bbox 448 2205 556 2279; x_wconf 80' lang='lat' dir='ltr'><strong><em>origeni</em></strong></span> <span class='ocrx_word' id='word_1_96' title='bbox 577 2205 606 2261; x_wconf 88' lang='lat' dir='ltr'><strong><em>in</em></strong></span> <span class='ocrx_word' id='word_1_97' title='bbox 626 2205 687 2261; x_wconf 89' lang='lat' dir='ltr'><strong><em>cod.</em></strong></span> <span class='ocrx_word' id='word_1_98' title='bbox 700 2207 767 2270; x_wconf 80' lang='lat'>17³,</span> <span class='ocrx_word' id='word_1_99' title='bbox 791 2214 818 2261; x_wconf 89' lang='lat' dir='ltr'><strong><em>et</em></strong></span> <span class='ocrx_word' id='word_1_100' title='bbox 840 2203 900 2262; x_wconf 86' lang='lat' dir='ltr'><strong><em>cod.</em></strong></span> <span class='ocrx_word' id='word_1_101' title='bbox 913 2208 970 2262; x_wconf 82' lang='lat' dir='ltr'><strong><em>ltt</em></strong></span> <span class='ocrx_word' id='word_1_102' title='bbox 994 2204 1099 2260; x_wconf 81' lang='lat' dir='ltr'><strong><em>caldam</em></strong></span> <span class='ocrx_word' id='word_1_103' title='bbox 1115 2203 1176 2261; x_wconf 85' lang='lat' dir='ltr'><strong><em>lle-</em></strong></span> 
     </span>
     <span class='ocr_line' id='line_1_16' title="bbox 156 2289 1174 2362; baseline -0.004 -14"><span class='ocrx_word' id='word_1_104' title='bbox 156 2291 249 2348; x_wconf 88' lang='lat' dir='ltr'><strong><em>tbodio</em></strong></span> <span class='ocrx_word' id='word_1_105' title='bbox 272 2293 414 2355; x_wconf 87' lang='lat' dir='ltr'><strong><em>monacho,</em></strong></span> <span class='ocrx_word' id='word_1_106' title='bbox 438 2307 488 2346; x_wconf 90' lang='lat' dir='ltr'><strong><em>nec</em></strong></span> <span class='ocrx_word' id='word_1_107' title='bbox 510 2291 580 2346; x_wconf 79' lang='lat' dir='ltr'><strong><em>desit</em></strong></span> <span class='ocrx_word' id='word_1_108' title='bbox 602 2289 709 2362; x_wconf 84' lang='lat' dir='ltr'><strong><em>quidam</em></strong></span> <span class='ocrx_word' id='word_1_109' title='bbox 732 2289 810 2345; x_wconf 88' lang='lat' dir='ltr'><strong><em>etiam</em></strong></span> <span class='ocrx_word' id='word_1_110' title='bbox 834 2289 917 2346; x_wconf 79' lang='lat' dir='ltr'><strong><em>codex</em></strong></span> <span class='ocrx_word' id='word_1_111' title='bbox 940 2289 1174 2345; x_wconf 88' lang='lat' dir='ltr'><strong><em>ablontlauconio</em></strong></span> 
     </span>
     <span class='ocr_line' id='line_1_17' title="bbox 156 2374 1173 2448; baseline -0.002 -17"><span class='ocrx_word' id='word_1_112' title='bbox 156 2385 321 2433; x_wconf 86' lang='lat' dir='ltr'><strong><em>memoratus</em></strong></span> <span class='ocrx_word' id='word_1_113' title='bbox 343 2376 424 2432; x_wconf 86' lang='lat' dir='ltr'><strong><em>Dior.</em></strong></span> <span class='ocrx_word' id='word_1_114' title='bbox 439 2376 505 2431; x_wconf 88' lang='lat' dir='ltr'><strong><em>ltal.</em></strong></span> <span class='ocrx_word' id='word_1_115' title='bbox 528 2392 588 2448; x_wconf 80' lang='lat' dir='ltr'><strong><em>pag.</em></strong></span> <span class='ocrx_word' id='word_1_116' title='bbox 606 2376 676 2440; x_wconf 80' lang='lat'><strong>221,</strong></span> <span class='ocrx_word' id='word_1_117' title='bbox 700 2391 748 2430; x_wconf 92' lang='lat' dir='ltr'><strong><em>eos</em></strong></span> <span class='ocrx_word' id='word_1_118' title='bbox 764 2374 887 2430; x_wconf 89' lang='lat' dir='ltr'><strong><em>tribuens</em></strong></span> <span class='ocrx_word' id='word_1_119' title='bbox 902 2375 1023 2430; x_wconf 87' lang='lat' dir='ltr'><strong><em>Andreae</em></strong></span> <span class='ocrx_word' id='word_1_120' title='bbox 1040 2374 1173 2438; x_wconf 73' lang='lat' dir='ltr'><strong><em>Cretensi,</em></strong></span> 
     </span>
     <span class='ocr_line' id='line_1_18' title="bbox 156 2458 1174 2530; baseline -0.003 -13"><span class='ocrx_word' id='word_1_121' title='bbox 156 2470 261 2529; x_wconf 67' lang='lat' dir='ltr'><strong><em>mntem,</em></strong></span> <span class='ocrx_word' id='word_1_122' title='bbox 285 2471 315 2518; x_wconf 90' lang='lat' dir='ltr'><strong><em>ut</em></strong></span> <span class='ocrx_word' id='word_1_123' title='bbox 337 2470 411 2518; x_wconf 89' lang='lat' dir='ltr'><strong><em>recte</em></strong></span> <span class='ocrx_word' id='word_1_124' title='bbox 433 2469 526 2517; x_wconf 88' lang='lat' dir='ltr'><strong><em>monet</em></strong></span> <span class='ocrx_word' id='word_1_125' title='bbox 548 2459 670 2516; x_wconf 87' lang='lat' dir='ltr'><strong><em>Oudinus</em></strong></span> <span class='ocrx_word' id='word_1_126' title='bbox 692 2460 719 2515; x_wconf 91' lang='lat' dir='ltr'><strong><em>in</em></strong></span> <span class='ocrx_word' id='word_1_127' title='bbox 743 2458 947 2515; x_wconf 77' lang='lat' dir='ltr'><strong><em>Commentario</em></strong></span> <span class='ocrx_word' id='word_1_128' title='bbox 969 2461 1003 2515; x_wconf 87' lang='lat' dir='ltr'><strong><em>de</em></strong></span> <span class='ocrx_word' id='word_1_129' title='bbox 1024 2459 1174 2530; x_wconf 85' lang='lat' dir='ltr'><strong><em>scriptori·</em></strong></span> 
     </span>
    </p>

    <p class='ocr_par' dir='ltr' id='par_1_10' title="bbox 32 2542 1175 3041">
     <span class='ocr_line' id='line_1_19' title="bbox 32 2542 1175 2619; baseline -0.003 -16"><span class='ocrx_word' id='word_1_130' title='bbox 32 2613 34 2616; x_wconf 11' lang='lat' dir='ltr'>y</span> <span class='ocrx_word' id='word_1_131' title='bbox 156 2544 206 2602; x_wconf 86' lang='lat' dir='ltr'><strong><em>bas</em></strong></span> <span class='ocrx_word' id='word_1_132' title='bbox 234 2554 261 2602; x_wconf 91' lang='lat' dir='ltr'><strong><em>et</em></strong></span> <span class='ocrx_word' id='word_1_133' title='bbox 288 2547 399 2619; x_wconf 83' lang='lat' dir='ltr'><strong><em>scriptis</em></strong></span> <span class='ocrx_word' id='word_1_134' title='bbox 428 2545 625 2603; x_wconf 83' lang='lat' dir='ltr'><strong><em>ecelesiasticis</em></strong></span> <span class='ocrx_word' id='word_1_135' title='bbox 648 2554 716 2611; x_wconf 79' lang='lat' dir='ltr'><strong><em>etc,</em></strong></span> <span class='ocrx_word' id='word_1_136' title='bbox 747 2553 812 2600; x_wconf 88' lang='lat' dir='ltr'><strong><em>tom.</em></strong></span> <span class='ocrx_word' id='word_1_137' title='bbox 827 2544 860 2606; x_wconf 82' lang='lat' dir='ltr'><strong><em>ll,</em></strong></span> <span class='ocrx_word' id='word_1_138' title='bbox 888 2561 949 2619; x_wconf 81' lang='lat' dir='ltr'><strong><em>pag.</em></strong></span> <span class='ocrx_word' id='word_1_139' title='bbox 968 2545 1016 2610; x_wconf 72' lang='lat'><strong><em>94,</em></strong></span> <span class='ocrx_word' id='word_1_140' title='bbox 1051 2542 1175 2601; x_wconf 78' lang='lat' dir='ltr'><strong><em>Andreae</em></strong></span> 
     </span>
     <span class='ocr_line' id='line_1_20' title="bbox 157 2627 1173 2704; baseline -0.004 -17"><span class='ocrx_word' id='word_1_141' title='bbox 157 2627 330 2688; x_wconf 79' lang='lat' dir='ltr'><strong><em>Caesareensi</em></strong></span> <span class='ocrx_word' id='word_1_142' title='bbox 352 2633 378 2687; x_wconf 90' lang='lat' dir='ltr'><strong><em>in</em></strong></span> <span class='ocrx_word' id='word_1_143' title='bbox 396 2630 561 2704; x_wconf 86' lang='lat' dir='ltr'><strong><em>Cappadocia</em></strong></span> <span class='ocrx_word' id='word_1_144' title='bbox 584 2629 798 2703; x_wconf 86' lang='lat' dir='ltr'><strong><em>archiepiscopo,</em></strong></span> <span class='ocrx_word' id='word_1_145' title='bbox 822 2628 872 2683; x_wconf 88' lang='lat' dir='ltr'><strong><em>sub</em></strong></span> <span class='ocrx_word' id='word_1_146' title='bbox 891 2628 967 2684; x_wconf 89' lang='lat' dir='ltr'><strong><em>cuins</em></strong></span> <span class='ocrx_word' id='word_1_147' title='bbox 984 2629 1092 2684; x_wconf 88' lang='lat' dir='ltr'><strong><em>nornine</em></strong></span> <span class='ocrx_word' id='word_1_148' title='bbox 1109 2627 1173 2685; x_wconf 90' lang='lat' dir='ltr'><strong><em>editi</em></strong></span> 
     </span>
     <span class='ocr_line' id='line_1_21' title="bbox 155 2713 1173 2788; baseline -0.005 -15"><span class='ocrx_word' id='word_1_149' title='bbox 155 2718 270 2788; x_wconf 87' lang='lat' dir='ltr'><strong><em>primum</em></strong></span> <span class='ocrx_word' id='word_1_150' title='bbox 293 2727 358 2774; x_wconf 91' lang='lat' dir='ltr'><strong><em>sunt</em></strong></span> <span class='ocrx_word' id='word_1_151' title='bbox 378 2715 530 2781; x_wconf 60' lang='lat' dir='ltr'><strong><em>olebano,</em></strong></span> <span class='ocrx_word' id='word_1_152' title='bbox 553 2716 639 2771; x_wconf 91' lang='lat' dir='ltr'><strong><em>maior</em></strong></span> <span class='ocrx_word' id='word_1_153' title='bbox 653 2724 681 2772; x_wconf 88' lang='lat' dir='ltr'><strong><em>et</em></strong></span> <span class='ocrx_word' id='word_1_154' title='bbox 695 2713 792 2772; x_wconf 92' lang='lat' dir='ltr'><strong><em>melior</em></strong></span> <span class='ocrx_word' id='word_1_155' title='bbox 806 2714 928 2770; x_wconf 87' lang='lat' dir='ltr'><strong><em>codicum</em></strong></span> <span class='ocrx_word' id='word_1_156' title='bbox 944 2730 1007 2787; x_wconf 81' lang='lat' dir='ltr'><strong><em>pars</em></strong></span> <span class='ocrx_word' id='word_1_157' title='bbox 1022 2713 1173 2780; x_wconf 74' lang='lat' dir='ltr'><strong><em>adiudicat3</em></strong></span> 
     </span>
     <span class='ocr_line' id='line_1_22' title="bbox 155 2799 1174 2870; baseline -0.001 -15"><span class='ocrx_word' id='word_1_158' title='bbox 155 2807 185 2857; x_wconf 87' lang='lat' dir='ltr'><strong><em>ot</em></strong></span> <span class='ocrx_word' id='word_1_159' title='bbox 205 2818 253 2857; x_wconf 89' lang='lat' dir='ltr'><strong><em>eos</em></strong></span> <span class='ocrx_word' id='word_1_160' title='bbox 276 2801 347 2856; x_wconf 88' lang='lat' dir='ltr'><strong><em>inter</em></strong></span> <span class='ocrx_word' id='word_1_161' title='bbox 369 2801 415 2870; x_wconf 87' lang='lat' dir='ltr'><strong><em>(ne</em></strong></span> <span class='ocrx_word' id='word_1_162' title='bbox 438 2801 550 2856; x_wconf 87' lang='lat' dir='ltr'><strong><em>aliorum</em></strong></span> <span class='ocrx_word' id='word_1_163' title='bbox 573 2799 663 2856; x_wconf 89' lang='lat' dir='ltr'><strong><em>studio</em></strong></span> <span class='ocrx_word' id='word_1_164' title='bbox 685 2800 737 2855; x_wconf 87' lang='lat' dir='ltr'><strong><em>iam</em></strong></span> <span class='ocrx_word' id='word_1_165' title='bbox 753 2807 833 2855; x_wconf 89' lang='lat' dir='ltr'><strong><em>notos</em></strong></span> <span class='ocrx_word' id='word_1_166' title='bbox 849 2799 934 2854; x_wconf 87' lang='lat' dir='ltr'><strong><em>iactos</em></strong></span> <span class='ocrx_word' id='word_1_167' title='bbox 948 2804 1174 2867; x_wconf 84' lang='lat' dir='ltr'><strong><em>commemorem)</em></strong></span> 
     </span>
     <span class='ocr_line' id='line_1_23' title="bbox 155 2883 1175 2958; baseline -0.003 -17"><span class='ocrx_word' id='word_1_168' title='bbox 155 2885 202 2957; x_wconf 84' lang='lat' dir='ltr'><strong><em>qai</em></strong></span> <span class='ocrx_word' id='word_1_169' title='bbox 223 2884 274 2940; x_wconf 91' lang='lat' dir='ltr'><strong><em>snb</em></strong></span> <span class='ocrx_word' id='word_1_170' title='bbox 300 2902 380 2956; x_wconf 81' lang='lat' dir='ltr'><strong><em>mann</em></strong></span> <span class='ocrx_word' id='word_1_171' title='bbox 403 2885 468 2940; x_wconf 89' lang='lat' dir='ltr'><strong><em>mibi</em></strong></span> <span class='ocrx_word' id='word_1_172' title='bbox 491 2893 547 2948; x_wconf 87' lang='lat' dir='ltr'><strong><em>ost,</em></strong></span> <span class='ocrx_word' id='word_1_173' title='bbox 577 2884 661 2941; x_wconf 83' lang='lat' dir='ltr'><strong><em>codex</em></strong></span> <span class='ocrx_word' id='word_1_174' title='bbox 683 2884 710 2940; x_wconf 91' lang='lat' dir='ltr'><strong><em>in</em></strong></span> <span class='ocrx_word' id='word_1_175' title='bbox 733 2900 834 2958; x_wconf 79' lang='lat' dir='ltr'><strong><em>papyro</em></strong></span> <span class='ocrx_word' id='word_1_176' title='bbox 857 2883 941 2939; x_wconf 90' lang='lat' dir='ltr'><strong><em>nitide</em></strong></span> <span class='ocrx_word' id='word_1_177' title='bbox 962 2883 1090 2956; x_wconf 85' lang='lat' dir='ltr'><strong><em>scriptus.</em></strong></span> <span class='ocrx_word' id='word_1_178' title='bbox 1114 2899 1175 2938; x_wconf 83' lang='lat' dir='ltr'><strong><em>ma-</em></strong></span> 
     </span>
     <span class='ocr_line' id='line_1_24' title="bbox 155 2964 1174 3041; baseline -0.001 -16"><span class='ocrx_word' id='word_1_179' title='bbox 155 2970 357 3041; x_wconf 82' lang='lat' dir='ltr'><strong><em>nnscriptorum</em></strong></span> <span class='ocrx_word' id='word_1_180' title='bbox 384 2967 565 3024; x_wconf 86' lang='lat' dir='ltr'><strong><em>bibliothecae</em></strong></span> <span class='ocrx_word' id='word_1_181' title='bbox 587 2969 761 3025; x_wconf 79' lang='lat' dir='ltr'><strong><em>Comicianae</em></strong></span> <span class='ocrx_word' id='word_1_182' title='bbox 784 2970 854 3026; x_wconf 79' lang='lat'>828.</span> <span class='ocrx_word' id='word_1_183' title='bbox 895 2968 991 3041; x_wconf 82' lang='lat' dir='ltr'><strong><em>Incipit</em></strong></span> <span class='ocrx_word' id='word_1_184' title='bbox 1013 2969 1072 3024; x_wconf 86' lang='lat' dir='ltr'><strong><em>bie:</em></strong></span> <span class='ocrx_word' id='word_1_185' title='bbox 1107 2964 1174 3024; x_wconf 77' lang='grc' dir='ltr'><strong><em>Τοῦ</em></strong></span> 
     </span>
    </p>

    <p class='ocr_par' dir='ltr' id='par_1_11' title="bbox 111 3043 1175 4139">
     <span class='ocr_line' id='line_1_25' title="bbox 113 3043 1175 3138; baseline -0.003 -29"><span class='ocrx_word' id='word_1_186' title='bbox 113 3124 119 3138; x_wconf 33' lang='lat'><em>⁴</em></span> <span class='ocrx_word' id='word_1_187' title='bbox 155 3049 187 3109; x_wconf 76' lang='grc' dir='ltr'><strong><em>ἓν</em></strong></span> <span class='ocrx_word' id='word_1_188' title='bbox 207 3045 305 3128; x_wconf 75' lang='grc' dir='ltr'><strong><em>ἁγίοις</em></strong></span> <span class='ocrx_word' id='word_1_189' title='bbox 318 3047 448 3127; x_wconf 83' lang='grc' dir='ltr'><strong><em>Πατρὸς</em></strong></span> <span class='ocrx_word' id='word_1_190' title='bbox 467 3045 557 3128; x_wconf 76' lang='grc' dir='ltr'><strong><em>ἡμῶν</em></strong></span> <span class='ocrx_word' id='word_1_191' title='bbox 570 3043 715 3126; x_wconf 80' lang='grc' dir='ltr'><strong><em>Ἀνδρίου</em></strong></span> <span class='ocrx_word' id='word_1_192' title='bbox 730 3043 967 3128; x_wconf 72' lang='grc' dir='ltr'><strong><em>ἀρχιεπιοκόπου</em></strong></span> <span class='ocrx_word' id='word_1_193' title='bbox 985 3048 1175 3126; x_wconf 74' lang='grc' dir='ltr'><strong><em>Καισαρείας</em></strong></span> 
     </span>
     <span class='ocr_line' id='line_1_26' title="bbox 154 3128 1174 3213; baseline -0.003 -18"><span class='ocrx_word' id='word_1_194' title='bbox 154 3132 382 3205; x_wconf 75' lang='grc' dir='ltr'><strong><em>Καππαδοκίας</em></strong></span> <span class='ocrx_word' id='word_1_195' title='bbox 401 3128 545 3213; x_wconf 68' lang='grc' dir='ltr'><strong><em>ἑρμηνεία</em></strong></span> <span class='ocrx_word' id='word_1_196' title='bbox 566 3133 608 3204; x_wconf 76' lang='grc' dir='ltr'><strong><em>εἰς</em></strong></span> <span class='ocrx_word' id='word_1_197' title='bbox 629 3129 906 3213; x_wconf 74' lang='grc' dir='ltr'><strong><em>τῆν’Λπονιίλυψιν</em></strong></span> <span class='ocrx_word' id='word_1_198' title='bbox 918 3138 974 3194; x_wconf 76' lang='grc' dir='ltr'><strong><em>τοῦ</em></strong></span> <span class='ocrx_word' id='word_1_199' title='bbox 988 3129 1076 3212; x_wconf 75' lang='grc' dir='ltr'><strong><em>ἁγίου</em></strong></span> <span class='ocrx_word' id='word_1_200' title='bbox 1092 3129 1174 3192; x_wconf 79' lang='grc' dir='ltr'><strong><em>οἷαο-</em></strong></span> 
     </span>
     <span class='ocr_line' id='line_1_27' title="bbox 154 3213 1173 3298; baseline -0.003 -18"><span class='ocrx_word' id='word_1_201' title='bbox 154 3213 265 3280; x_wconf 79' lang='grc' dir='ltr'><strong><em>στόλου</em></strong></span> <span class='ocrx_word' id='word_1_202' title='bbox 286 3218 338 3278; x_wconf 79' lang='grc' dir='ltr'><strong><em>καί</em></strong></span> <span class='ocrx_word' id='word_1_203' title='bbox 353 3214 566 3298; x_wconf 70' lang='grc' dir='ltr'><strong><em>εὐαγγελιστοῦ</em></strong></span> <span class='ocrx_word' id='word_1_204' title='bbox 579 3214 719 3279; x_wconf 79' lang='grc' dir='ltr'><strong><em>Ἰωάννου</em></strong></span> <span class='ocrx_word' id='word_1_205' title='bbox 734 3224 790 3280; x_wconf 82' lang='grc' dir='ltr'><strong><em>τοῦ</em></strong></span> <span class='ocrx_word' id='word_1_206' title='bbox 808 3213 976 3297; x_wconf 79' lang='grc' dir='ltr'><strong><em>Θεολόγοο·</em></strong></span> <span class='ocrx_word' id='word_1_207' title='bbox 999 3222 1099 3279; x_wconf 76' lang='lat' dir='ltr'><strong><em>Sancti</em></strong></span> <span class='ocrx_word' id='word_1_208' title='bbox 1113 3222 1173 3277; x_wconf 64' lang='lat' dir='ltr'><strong><em>Pa</em></strong></span> 
     </span>
     <span class='ocr_line' id='line_1_28' title="bbox 155 3305 1174 3380; baseline 0.002 -19"><span class='ocrx_word' id='word_1_209' title='bbox 155 3307 206 3362; x_wconf 84' lang='lat' dir='ltr'><strong><em>tris</em></strong></span> <span class='ocrx_word' id='word_1_210' title='bbox 227 3309 318 3362; x_wconf 69' lang='lat' dir='ltr'><strong><em>nostri</em></strong></span> <span class='ocrx_word' id='word_1_211' title='bbox 332 3305 461 3364; x_wconf 78' lang='lat' dir='ltr'><strong><em>Andreae</em></strong></span> <span class='ocrx_word' id='word_1_212' title='bbox 476 3307 684 3380; x_wconf 72' lang='lat' dir='ltr'><strong><em>archiepiscopi</em></strong></span> <span class='ocrx_word' id='word_1_213' title='bbox 698 3307 858 3363; x_wconf 82' lang='lat' dir='ltr'><strong><em>Caesareae</em></strong></span> <span class='ocrx_word' id='word_1_214' title='bbox 873 3306 1073 3380; x_wconf 79' lang='lat' dir='ltr'><strong><em>Cappadociae</em></strong></span> <span class='ocrx_word' id='word_1_215' title='bbox 1089 3307 1174 3363; x_wconf 85' lang='lat' dir='ltr'><strong><em>Com·</em></strong></span> 
     </span>
     <span class='ocr_line' id='line_1_29' title="bbox 154 3392 1174 3467; baseline -0.001 -19"><span class='ocrx_word' id='word_1_216' title='bbox 154 3392 302 3449; x_wconf 76' lang='lat' dir='ltr'><strong><em>nantarius</em></strong></span> <span class='ocrx_word' id='word_1_217' title='bbox 323 3393 351 3448; x_wconf 89' lang='lat' dir='ltr'><strong><em>in</em></strong></span> <span class='ocrx_word' id='word_1_218' title='bbox 372 3393 552 3467; x_wconf 76' lang='lat' dir='ltr'><strong><em>Apocalypsin</em></strong></span> <span class='ocrx_word' id='word_1_219' title='bbox 574 3394 667 3448; x_wconf 80' lang='lat' dir='ltr'><strong><em>eoacti</em></strong></span> <span class='ocrx_word' id='word_1_220' title='bbox 687 3395 810 3465; x_wconf 86' lang='lat' dir='ltr'><strong><em>apostoli</em></strong></span> <span class='ocrx_word' id='word_1_221' title='bbox 832 3402 858 3447; x_wconf 89' lang='lat' dir='ltr'><strong><em>et</em></strong></span> <span class='ocrx_word' id='word_1_222' title='bbox 879 3393 1069 3464; x_wconf 76' lang='lat' dir='ltr'><strong><em>eooapelistae</em></strong></span> <span class='ocrx_word' id='word_1_223' title='bbox 1083 3392 1174 3448; x_wconf 82' lang='lat' dir='ltr'><strong><em>laare-</em></strong></span> 
     </span>
     <span class='ocr_line' id='line_1_30' title="bbox 152 3476 1173 3549; baseline 0 -16"><span class='ocrx_word' id='word_1_224' title='bbox 152 3477 198 3533; x_wconf 64' lang='grc' dir='ltr'><strong><em>κίε</em></strong></span> <span class='ocrx_word' id='word_1_225' title='bbox 223 3476 364 3549; x_wconf 80' lang='lat' dir='ltr'><strong><em>Tlteolopi.</em></strong></span> <span class='ocrx_word' id='word_1_226' title='bbox 408 3478 512 3536; x_wconf 82' lang='lat' dir='ltr'><strong><em>lacerta</em></strong></span> <span class='ocrx_word' id='word_1_227' title='bbox 540 3487 582 3534; x_wconf 88' lang='lat' dir='ltr'><strong><em>est</em></strong></span> <span class='ocrx_word' id='word_1_228' title='bbox 603 3476 725 3535; x_wconf 87' lang='lat' dir='ltr'><strong><em>Andreae</em></strong></span> <span class='ocrx_word' id='word_1_229' title='bbox 749 3477 935 3534; x_wconf 71' lang='lat' dir='ltr'><strong><em>caesareensis</em></strong></span> <span class='ocrx_word' id='word_1_230' title='bbox 964 3487 1053 3544; x_wconf 78' lang='lat' dir='ltr'><strong><em>sctas3</em></strong></span> <span class='ocrx_word' id='word_1_231' title='bbox 1083 3477 1173 3533; x_wconf 82' lang='lat' dir='ltr'><strong><em>molto</em></strong></span> 
     </span>
     <span class='ocr_line' id='line_1_31' title="bbox 154 3561 1174 3636; baseline 0.001 -18"><span class='ocrx_word' id='word_1_232' title='bbox 154 3571 242 3618; x_wconf 80' lang='lat' dir='ltr'><strong><em>temen</em></strong></span> <span class='ocrx_word' id='word_1_233' title='bbox 265 3561 442 3635; x_wconf 81' lang='lat' dir='ltr'><strong><em>probabiliter</em></strong></span> <span class='ocrx_word' id='word_1_234' title='bbox 463 3580 494 3620; x_wconf 88' lang='lat' dir='ltr'><strong><em>ex</em></strong></span> <span class='ocrx_word' id='word_1_235' title='bbox 517 3563 690 3626; x_wconf 82' lang='lat' dir='ltr'><strong><em>coniecturis,</em></strong></span> <span class='ocrx_word' id='word_1_236' title='bbox 712 3579 779 3635; x_wconf 82' lang='lat' dir='ltr'><strong><em>quas</em></strong></span> <span class='ocrx_word' id='word_1_237' title='bbox 795 3562 916 3619; x_wconf 81' lang='lat' dir='ltr'><strong><em>dadinus</em></strong></span> <span class='ocrx_word' id='word_1_238' title='bbox 932 3563 1078 3636; x_wconf 82' lang='lat' dir='ltr'><strong><em>congessit,</em></strong></span> <span class='ocrx_word' id='word_1_239' title='bbox 1103 3578 1174 3619; x_wconf 82' lang='lat' dir='ltr'><strong><em>eoo·</em></strong></span> 
     </span>
     <span class='ocr_line' id='line_1_32' title="bbox 154 3645 1173 3723; baseline 0.002 -22.012"><span class='ocrx_word' id='word_1_240' title='bbox 154 3645 261 3702; x_wconf 77' lang='grc' dir='ltr'><strong><em>·ιιο(1οοί</em></strong></span> <span class='ocrx_word' id='word_1_241' title='bbox 282 3646 401 3703; x_wconf 85' lang='lat' dir='ltr'><strong><em>arbitror</em></strong></span> <span class='ocrx_word' id='word_1_242' title='bbox 422 3664 495 3704; x_wconf 88' lang='lat' dir='ltr'><strong><em>nono</em></strong></span> <span class='ocrx_word' id='word_1_243' title='bbox 517 3648 625 3704; x_wconf 82' lang='lat' dir='ltr'><strong><em>saeculo</em></strong></span> <span class='ocrx_word' id='word_1_244' title='bbox 649 3648 801 3721; x_wconf 80' lang='lat' dir='ltr'><strong><em>scripsisse.</em></strong></span> <span class='ocrx_word' id='word_1_245' title='bbox 829 3647 1041 3712; x_wconf 73' lang='lat' dir='ltr'><strong><em>accusantem,</em></strong></span> <span class='ocrx_word' id='word_1_246' title='bbox 1064 3647 1091 3702; x_wconf 90' lang='lat' dir='ltr'><strong><em>in</em></strong></span> <span class='ocrx_word' id='word_1_247' title='bbox 1115 3662 1173 3723; x_wconf 85' lang='lat' dir='ltr'><strong><em>qno</em></strong></span> 
     </span>
     <span class='ocr_line' id='line_1_33' title="bbox 153 3730 1171 3805; baseline 0 -18"><span class='ocrx_word' id='word_1_248' title='bbox 153 3730 295 3804; x_wconf 75' lang='lat' dir='ltr'><strong><em>Epiphanii</em></strong></span> <span class='ocrx_word' id='word_1_249' title='bbox 316 3731 414 3788; x_wconf 85' lang='lat' dir='ltr'><strong><em>librant</em></strong></span> <span class='ocrx_word' id='word_1_250' title='bbox 437 3733 479 3788; x_wconf 78' lang='lat' dir='ltr'><strong><em>lte</em></strong></span> <span class='ocrx_word' id='word_1_251' title='bbox 499 3735 612 3804; x_wconf 71' lang='lat' dir='ltr'><strong><em>peremis</em></strong></span> <span class='ocrx_word' id='word_1_252' title='bbox 635 3733 735 3797; x_wconf 79' lang='lat' dir='ltr'><strong><em>laudat,</em></strong></span> <span class='ocrx_word' id='word_1_253' title='bbox 759 3742 801 3789; x_wconf 84' lang='lat' dir='ltr'><strong><em>est</em></strong></span> <span class='ocrx_word' id='word_1_254' title='bbox 822 3749 881 3805; x_wconf 89' lang='lat' dir='ltr'><strong><em>cap.</em></strong></span> <span class='ocrx_word' id='word_1_255' title='bbox 895 3734 940 3796; x_wconf 86' lang='lat'><strong><em>10,</em></strong></span> <span class='ocrx_word' id='word_1_256' title='bbox 963 3731 1010 3788; x_wconf 82' lang='lat' dir='ltr'><strong><em>abi</em></strong></span> <span class='ocrx_word' id='word_1_257' title='bbox 1032 3731 1065 3788; x_wconf 86' lang='lat' dir='ltr'><strong><em>de</em></strong></span> <span class='ocrx_word' id='word_1_258' title='bbox 1080 3731 1171 3805; x_wconf 89' lang='lat' dir='ltr'><strong><em>lapide</em></strong></span> 
     </span>
     <span class='ocr_line' id='line_1_34' title="bbox 129 3808 1175 3917; baseline -0.003 -42"><span class='ocrx_word' id='word_1_259' title='bbox 129 3815 249 3875; x_wconf 72' lang='lat' dir='ltr'><strong><em>,Sardio</em></strong></span> <span class='ocrx_word' id='word_1_260' title='bbox 276 3815 391 3890; x_wconf 79' lang='lat' dir='ltr'><strong><em>loquerm</em></strong></span> <span class='ocrx_word' id='word_1_261' title='bbox 417 3818 470 3874; x_wconf 86' lang='lat' dir='ltr'><strong><em>sit:</em></strong></span> <span class='ocrx_word' id='word_1_262' title='bbox 496 3813 595 3893; x_wconf 75' lang='grc' dir='ltr'><strong><em>Λίγει</em></strong></span> <span class='ocrx_word' id='word_1_263' title='bbox 622 3812 682 3916; x_wconf 74' lang='lat' dir='ltr'><strong><em>prio</em></strong></span> <span class='ocrx_word' id='word_1_264' title='bbox 711 3836 727 3874; x_wconf 93' lang='grc' dir='ltr'><strong><em>ο</em></strong></span> <span class='ocrx_word' id='word_1_265' title='bbox 716 3809 845 3892; x_wconf 81' lang='grc' dir='ltr'><strong><em>μίγας</em></strong></span> <span class='ocrx_word' id='word_1_266' title='bbox 864 3808 1040 3917; x_wconf 74' lang='grc' dir='ltr'><strong><em>Ἐπιφάννος</em></strong></span> <span class='ocrx_word' id='word_1_267' title='bbox 1060 3819 1175 3873; x_wconf 79' lang='grc' dir='ltr'><strong><em>τοῦτον</em></strong></span> 
     </span>
     <span class='ocr_line' id='line_1_35' title="bbox 154 3893 1174 3978; baseline 0.001 -22"><span class='ocrx_word' id='word_1_268' title='bbox 154 3895 211 3957; x_wconf 77' lang='grc' dir='ltr'><strong><em>τὸν</em></strong></span> <span class='ocrx_word' id='word_1_269' title='bbox 229 3895 323 3958; x_wconf 78' lang='grc' dir='ltr'><strong><em>λίθον</em></strong></span> <span class='ocrx_word' id='word_1_270' title='bbox 343 3894 492 3975; x_wconf 68' lang='grc' dir='ltr'><strong><em>ἰατρείαν</em></strong></span> <span class='ocrx_word' id='word_1_271' title='bbox 512 3893 666 3976; x_wconf 72' lang='grc' dir='ltr'><strong><em>οίὸήματοί</em></strong></span> <span class='ocrx_word' id='word_1_272' title='bbox 688 3918 721 3958; x_wconf 80' lang='grc' dir='ltr'><strong><em>τε</em></strong></span> <span class='ocrx_word' id='word_1_273' title='bbox 734 3898 785 3957; x_wconf 82' lang='grc' dir='ltr'><strong><em>ναί</em></strong></span> <span class='ocrx_word' id='word_1_274' title='bbox 800 3895 857 3968; x_wconf 80' lang='grc' dir='ltr'><strong><em>τὰς</em></strong></span> <span class='ocrx_word' id='word_1_275' title='bbox 869 3894 933 3960; x_wconf 76' lang='grc' dir='ltr'><strong><em>ἀπο</em></strong></span> <span class='ocrx_word' id='word_1_276' title='bbox 921 3893 1077 3978; x_wconf 74' lang='grc' dir='ltr'><strong><em>σιδήρου</em></strong></span> <span class='ocrx_word' id='word_1_277' title='bbox 1091 3899 1174 3975; x_wconf 72' lang='grc' dir='ltr'><strong><em>πλη·</em></strong></span> 
     </span>
     <span class='ocr_line' id='line_1_36' title="bbox 111 3979 1174 4064; baseline -0.003 -18"><span class='ocrx_word' id='word_1_278' title='bbox 111 3979 211 4060; x_wconf 73' lang='lat' dir='ltr'><strong><em>altreie</em></strong></span> <span class='ocrx_word' id='word_1_279' title='bbox 237 3979 460 4064; x_wconf 76' lang='grc' dir='ltr'><strong><em>ίκιχριίμενον·</em></strong></span> <span class='ocrx_word' id='word_1_280' title='bbox 487 3986 579 4052; x_wconf 76' lang='lat' dir='ltr'><strong><em>Scae,</em></strong></span> <span class='ocrx_word' id='word_1_281' title='bbox 607 3995 637 4042; x_wconf 86' lang='lat' dir='ltr'><strong><em>ot</em></strong></span> <span class='ocrx_word' id='word_1_282' title='bbox 661 4002 780 4057; x_wconf 79' lang='lat' dir='ltr'><strong><em>mapoos</em></strong></span> <span class='ocrx_word' id='word_1_283' title='bbox 801 3987 982 4060; x_wconf 74' lang='lat' dir='ltr'><strong><em>Epiphaniae</em></strong></span> <span class='ocrx_word' id='word_1_284' title='bbox 1003 3987 1084 4052; x_wconf 82' lang='lat' dir='ltr'><strong><em>diost,</em></strong></span> <span class='ocrx_word' id='word_1_285' title='bbox 1112 4003 1174 4043; x_wconf 71' lang='lat' dir='ltr'><strong><em>nort</em></strong></span> 
     </span>
     <span class='ocr_line' id='line_1_37' title="bbox 154 4070 1175 4139; baseline 0 -12"><span class='ocrx_word' id='word_1_286' title='bbox 154 4071 236 4127; x_wconf 71' lang='lat' dir='ltr'><strong><em>noto</em></strong></span> <span class='ocrx_word' id='word_1_287' title='bbox 251 4073 415 4139; x_wconf 69' lang='lat' dir='ltr'><strong><em>terroribus,</em></strong></span> <span class='ocrx_word' id='word_1_288' title='bbox 428 4072 461 4129; x_wconf 77' lang='lat' dir='ltr'><strong><em>-et&#39;</em></strong></span> <span class='ocrx_word' id='word_1_289' title='bbox 475 4074 615 4128; x_wconf 72' lang='lat' dir='ltr'><strong><em>marcae</em></strong></span> <span class='ocrx_word' id='word_1_290' title='bbox 629 4070 806 4137; x_wconf 77' lang='lat' dir='ltr'><strong><em>odbibeator,</em></strong></span> <span class='ocrx_word' id='word_1_291' title='bbox 828 4073 961 4137; x_wconf 78' lang='lat' dir='ltr'><strong><em>medetur,</em></strong></span> <span class='ocrx_word' id='word_1_292' title='bbox 976 4088 1072 4127; x_wconf 73' lang='lat' dir='ltr'><strong><em>ceram</em></strong></span> <span class='ocrx_word' id='word_1_293' title='bbox 1084 4073 1175 4128; x_wconf 68' lang='lat' dir='ltr'><strong><em>sliu</em></strong></span> 
     </span>
    </p>
   </div>
   <div class='ocr_carea' id='block_1_6' title="bbox 0 0 1298 4822">
    <p class='ocr_par' dir='ltr' id='par_1_12' title="bbox 0 0 1298 4822">
     <span class='ocr_line' id='line_1_38' title="bbox 0 0 1298 4822; baseline 0 1"><span class='ocrx_word' id='word_1_294' title='bbox 0 0 1298 4822; x_wconf 95' lang='lat' dir='ltr'><strong><em> </em></strong></span> 
     </span>
    </p>
   </div>
  </div>
 </body>
</html>
