2586 4822
75 328 85 348 Ι
132 343 136 351 1

144 783 207 846 208
491 798 569 847 unm
588 797 627 846 ns
646 796 685 845 ru
706 795 818 845 cunnus

146 954 237 1028 ibique
260 951 416 1007 reseruntur
443 950 613 1008 benedixisse
636 951 718 1007 lsrael
740 951 773 1016 ii,
804 951 849 1024 qui
879 950 905 1004 in
935 957 1028 1004 niente
1051 948 1207 1008 Garizimbd

107 1040 111 1048 '
149 1037 333 1094 consistebant
357 1037 493 1091 dieentes:
516 1038 684 1091 Benedictus
708 1037 755 1106 pai
776 1036 847 1105 sunit
862 1035 1031 1088 uoluntatem
1047 1033 1171 1099 Domini,

148 1133 176 1179 et
197 1139 248 1177 vox
270 1120 431 1176 audiebatur
458 1137 508 1193 per
534 1122 613 1195 plana
636 1136 809 1193 camporum,
832 1118 891 1198 :dubi
914 1118 1032 1191 populus
1055 1117 1171 1181 astabat,

148 1216 175 1262 et
197 1205 362 1261 innuebatur
385 1206 409 1260 ei
430 1215 460 1260 ut
484 1206 601 1262 diceret:
625 1205 699 1269 Fiat,
722 1207 781 1277 fiet.
817 1203 914 1259 Contra
938 1220 1000 1258 vero
1025 1202 1123 1259 Ruben
1146 1213 1173 1260 et

122 1292 202 1350 suad
227 1299 254 1346 et
277 1291 373 1363 reliqui
397 1306 457 1345 cum
481 1291 568 1345 eisin
592 1299 684 1345 monte
701 1289 784 1344 Gebal
807 1297 910 1343 stantes
933 1287 1056 1343 aiebant:
1080 1288 1173 1344 Mule-

149 1378 239 1431 dietus
262 1378 309 1446 qui
330 1392 387 1429 non
408 1376 479 1446 fucit
502 1376 596 1429 omnia
618 1391 690 1446 puae
718 1375 827 1445 scripto
855 1381 920 1427 sunt
947 1373 978 1426 in
1005 1374 1059 1427 isto
1090 1374 1173 1438 libro,

149 1471 176 1517 et
198 1457 381 1533 respondebat
404 1460 491 1514 omnis
514 1460 647 1532 populus:
672 1459 745 1523 Fiat,
768 1461 828 1530 fiat.
860 1459 1059 1529 Interpretatur
1082 1467 1174 1514 autern

79 1549 81 1553 ’
148 1546 209 1607 fiat,
239 1543 340 1609 limem
376 1561 436 1598 nam
460 1560 540 1599 voces
564 1562 578 1599 e
602 1543 708 1599 duobus
738 1541 877 1598 montibus
906 1542 973 1597 istae
996 1542 1173 1599 resonabant.

149 1629 264 1684 Gerizim
288 1630 367 1684 etiam
390 1622 598 1702 interpretaturi
622 1637 648 1684 et
669 1645 749 1682 mons
772 1629 917 1691 liberatus,
942 1635 970 1682 et
984 1627 1110 1682 concino
1127 1629 1173 1682 in-

110 1721 140 1772 ¹0
151 1715 259 1768 colotes
275 1730 378 1767 eornm.
409 1714 522 1783 Quidam
537 1731 601 1769 vero
617 1720 790 1786 putaverunt,
816 1712 861 1785 qui
877 1728 931 1767 nun
947 1710 1093 1784 dibgenter
1108 1712 1213 1768 divi-ur

148 1816 196 1854 nas
219 1799 331 1855 scrutati
347 1808 411 1855 sunt
426 1799 551 1861 Litteras,
574 1799 688 1854 maxime
704 1799 749 1872 qui
766 1797 799 1852 de
811 1797 985 1852 Samaritanis
1001 1792 1169 1868 oriuntur¹)‚

147 1931 458 1942 *-

147 2015 244 2074 Sichem,
263 2030 309 2061 uon
328 2022 350 2062 nt
368 2015 471 2077 plerique
490 2023 591 2063 errantes
610 2016 687 2075 tepent
706 2015 795 2073 Sielrar,
816 2029 873 2077 punc
891 2028 952 2060 nunc
965 2011 1075 2074 ll'eupolis
1095 2013 1162 2075 uppel

146 2082 215 2133 letter,
243 2088 262 2128 et
282 2097 310 2129 ee
328 2083 399 2129 lutere
416 2084 499 2129 moritis
519 2084 618 2130 Gerizim
636 2089 783 2131 exstructum.
827 2080 861 2128 lle
886 2080 940 2142 quis
964 2085 1042 2126 aritern
1070 2080 1171 2127 miretur

146 2161 189 2195 cur
207 2146 355 2209 Epiphanius
374 2150 518 2196 eontrarium
538 2150 655 2210 senserit,
682 2149 757 2197 errori
783 2162 865 2196 ansam
891 2161 945 2194 esse
964 2146 1042 2194 datam
1063 2147 1172 2195 creditur

147 2229 174 2262 ex
194 2215 296 2262 teredo
315 2217 404 2278 chplll
425 2217 618 2276 ιιειιιιιοιιιιιιιιι,
651 2232 722 2279 quem
748 2216 847 2265 inlerius
871 2215 1014 2276 descripturi
1038 2228 1125 2263 sumus
1149 2222 1173 2262 et

147 2281 293 2343 explicaturi.
329 2283 453 2332 Eoirnrero
472 2286 542 2332 etiam
561 2285 584 2332 iu
603 2287 700 2334 Penurio
719 2288 743 2333 S.
763 2283 910 2347 Epiphanius
929 2283 1111 2331 Deuteronomii
1130 2297 1173 2331 au·

146 2351 257 2398 ctoritate
276 2365 301 2398 se
320 2359 412 2412 tuetur,
443 2367 488 2399 nou
508 2352 700 2415 praetermittens
726 2361 803 2400 tamen
830 2352 900 2401 etiarn
924 2353 1092 2399 auctoritatem
1117 2350 1173 2399 libri

146 2418 200 2466 lesu
220 2419 288 2478 Nare,
308 2419 337 2466 do
356 2434 402 2482 qua
421 2421 509 2481 pariter
527 2421 585 2468 alias
604 2420 731 2468 dicendum
751 2429 794 2479 est,
818 2421 857 2468 irbi
878 2419 987 2467 nimirum
1009 2432 1061 2465 eum
1081 2432 1125 2481 pro
1146 2432 1172 2466 se

146 2495 222 2547 urget.
258 2487 305 2534 Sed
326 2488 363 2535 hic
382 2487 446 2535 addit
465 2496 603 2550 praeterea,
628 2495 721 2535 montes
741 2488 842 2535 Garizim
862 2496 884 2535 et
905 2486 992 2546 Gehai,
1022 2500 1085 2548 quos
1110 2486 1174 2534 inter

146 2555 225 2602 media
244 2563 294 2602 erat
312 2556 433 2617 Neapolis,
459 2556 490 2603 ita
509 2571 563 2604 esse
582 2556 705 2608 sublimes.
732 2564 758 2603 ut
776 2556 873 2604 minime
898 2555 945 2616 apti
965 2567 1020 2602 esse
1039 2555 1172 2614 potuerint,

147 2630 172 2670 ιιι
190 2623 231 2684 qtri
250 2623 279 2670 ad
304 2624 397 2672 radices
423 2633 472 2672 erat
496 2625 599 2687 populus
624 2623 781 2686 responderet
806 2623 941 2672 huminibus
966 2636 1006 2669 sen
1031 2621 1055 2668 in
1083 2622 1173 2670 vertice

145 2690 312 2739 clamantibus.
349 2694 422 2740 Porro
442 2708 495 2740 eum
515 2692 608 2740 libellus
627 2692 665 2740 hic
684 2692 809 2754 Epiplranii
835 2690 912 2739 inedia
938 2690 981 2738 bac
1000 2689 1052 2751 ipsa
1072 2689 1102 2737 de
1122 2690 1171 2738 situ

146 2759 263 2806 montium
283 2759 383 2807 Garizirn
404 2767 426 2807 et
440 2761 513 2809 Gebal
532 2760 694 2823 disputatione
710 2759 813 2821 deficiat,
832 2774 861 2807 ne
880 2759 955 2820 liquet
973 2757 1072 2819 quidem
1092 2765 1174 2806 utrum

146 2826 171 2872 S.
181 2826 270 2873 Ductor
289 2828 424 2875 etiamalio
443 2842 486 2889 pro
505 2843 548 2877 sua
562 2828 844 2890 sententiapruposuerit
859 2832 997 2887 argumenta
1016 2826 1038 2873 iu
1059 2825 1088 2873 iis
1108 2839 1173 2888 quae

145 2890 321 2949 desiderantur,
339 2894 505 2943 desideranda.
542 2896 627 2944 Verum
647 2911 700 2943 curn
720 2896 742 2942 in
759 2896 854 2944 Penuria
874 2893 931 2942 illud
951 2907 1024 2940 unum
1043 2900 1173 2954 proponat,

146 2971 232 3019 nernpe
251 2961 282 3006 itu
302 2975 356 3006 esse
375 2963 489 3023 scriptum
510 2963 532 3009 iu
552 2963 747 3023 Deuteronomio,
766 2970 788 3010 et
807 2963 847 3011 lib.
867 2962 920 3010 lesu
937 2961 1006 3022 Nare,
1026 2962 1072 3008 boe
1091 2962 1174 3022 ipsum

146 3039 188 3087 pro
208 3026 334 3087 potissimo
359 3037 498 3088 argumento
524 3030 636 3079 babuisse
660 3032 712 3080 iure
732 3038 754 3078 et
773 3031 858 3079 merito
876 3029 996 3078 conlisere
1015 3027 1080 3076 licet.
1124 3028 1173 3077 Sed

146 3094 198 3140 eius
224 3095 343 3141 scatentia
366 3096 444 3144 adbuc
469 3097 599 3159 probabilis
623 3099 696 3147 rideri
721 3107 803 3160 posset
827 3098 867 3145 uhi
892 3098 945 3160 quis
964 3096 1124 3159 probabiliter
1151 3104 1173 3144 et

82 3160 85 3164 '
146 3160 249 3221 legitime
269 3168 403 3223 testaretur,
428 3164 488 3212 duos
507 3174 600 3214 montes
620 3166 693 3215 Gebal
711 3167 786 3215 luisse
805 3168 829 3213 io
848 3164 993 3224 Palaestina,
1021 3171 1080 3212 tunc
1106 3165 1177 3212 enirn

146 3228 206 3276 alios
226 3229 255 3276 ad
266 3229 400 3279 lericbunta
419 3246 462 3282 suo
481 3235 578 3283 nomine
597 3235 628 3282 ita
647 3235 733 3295 dictus,
752 3234 812 3282 alius
830 3247 884 3281 nero
903 3233 933 3281 ad
944 3232 1074 3280 sichimam
1086 3231 1173 3294 luisse,

146 3304 169 3344 et
188 3297 223 3343 sic
242 3297 445 3348 Samaritanorum
465 3315 545 3350 errore
564 3303 704 3365 appellatos,
729 3315 899 3351 censeremus:
925 3300 969 3348 sed
987 3302 1042 3362 quis
1062 3313 1172 3363 unquam

147 3364 205 3412 baec
230 3365 345 3415 tradidit?
381 3368 443 3425 Quid
471 3370 535 3432 quiid
560 3385 629 3419 muns
654 3370 750 3434 quidam
779 3385 791 3418 e
817 3369 913 3430 regione
938 3368 1083 3416 lericbuotis
1110 3368 1174 3417 situs

144 3434 228 3481 Adonis
238 3433 325 3484 dieitur
343 3449 355 3482 a
370 3436 471 3499 losepho
490 3437 531 3485 lib.
542 3439 577 3499 lv,
597 3453 648 3501 cap.
656 3439 679 3499 8,
698 3435 778 3501 §45⁴2
803 3437 939 3486 Gerbardus
952 3436 1069 3484 llercator
1082 3444 1174 3484 utrana-

146 3513 194 3561 que
212 3502 355 3550 sententiam
373 3505 546 3554 conciliandam
566 3507 661 3569 putarit,
681 3506 746 3569 quod
764 3505 923 3553 arbitrabatur
940 3503 1008 3552 lacile
1021 3504 1074 3552 lieri
1090 3518 1173 3567 posse,

146 3568 166 3615 si
187 3567 288 3616 Garizim
305 3569 377 3618 luerit
396 3580 485 3621 tractus
504 3575 621 3622 montium
639 3575 667 3622 ad
688 3574 770 3622 orbern
790 3574 833 3621 llai
859 3581 882 3620 et
900 3574 975 3634 ipsarn
995 3585 1095 3634 quoque
1114 3572 1175 3620 leri·

146 3636 233 3684 ebuota
253 3643 364 3686 extensus
383 3641 412 3687 ah
431 3642 490 3689 urbe
510 3642 623 3691 Sicbima.
659 3643 706 3690 Sed
726 3642 771 3689 boc
789 3649 872 3703 utpote
893 3640 958 3688 nullo
977 3638 1085 3700 legitimo
1104 3640 1175 3688 testi·

145 3704 227 3751 munio
246 3707 427 3768 comprobatum
444 3709 513 3758 laeile
532 3710 647 3759 relicitur.
683 3709 746 3766 Quin
765 3709 844 3769 etiam,
864 3707 970 3756 Rolandc
993 3714 1016 3754 et
1034 3707 1109 3756 blasio
1131 3709 1174 3756 ad·

145 3771 291 3833 notantibus,
321 3790 375 3824 curn
394 3777 452 3839 ipsis
471 3779 546 3827 saeris
566 3778 669 3833 Litteris,
689 3777 747 3826 Gen.
760 3777 809 3840 llll,
834 3777 932 3825 minime
951 3774 1079 3824 convenire
1098 3789 1175 3838 posse

145 3839 245 3888 ridetur.

230 3907 248 3964 il
267 3910 335 3972 hpud
353 3912 377 3959 S.
388 3911 557 3976 Hieronymum
576 3913 599 3961 in
620 3911 688 3973 libro,
707 3926 777 3973 quem
798 3926 824 3960 ex
844 3911 941 3960 Philone
960 3917 984 3958 et
995 3909 1095 3970 Origine
1115 3924 1176 3958 con-

146 3975 260 4036 cinnarit,
286 3979 316 4026 lle
341 3981 527 4042 interpretatione
544 3983 661 4030 rromioum
680 3980 856 4039 hebraicorum,
876 3987 937 4038 ete,
963 3977 1066 4026 Gerizim
1094 3987 1174 4038 sonat,

146 4044 237 4103 dieisio,
258 4047 305 4093 siue
324 4049 420 4105 advena,
441 4048 526 4105 creola,
548 4052 595 4097 sine
613 4049 708 4108 odueno,
728 4051 786 4108 eius,
805 4050 965 4107 abscissionrt,
985 4052 1031 4093 etc.

214 4110 237 4162 tr
256 4114 395 4164 leniendus
415 4114 452 4163 hic
472 4122 508 4164 est
526 4123 609 4164 auctor
629 4116 659 4164 lle
676 4117 734 4165 loeis
747 4131 827 4166 sacrae
839 4116 978 4179 Scripturoe,
998 4111 1114 4176 quisquis
1134 4114 1176 4164 ille
