2586 4822
474 834 763 886 iuiusuvenstoues
1070 818 1133 884 137

110 988 152 1046 lie
172 1005 226 1063 qua
248 989 474 1064 repastinandum
496 1000 601 1064 agetur,
630 999 660 1047 ut
682 999 710 1048 et
731 989 765 1047 de
785 988 872 1047 Natali
894 989 1000 1047 Cirristi·
1014 1006 1048 1048 ae
1066 1009 1134 1049 vero

110 1073 240 1148 Baptisud
262 1083 291 1130 st
311 1074 449 1131 lusionis
471 1091 552 1131 anno.

200 1162 260 1217 440
276 1173 300 1214 a.
331 1155 398 1235 napi
422 1158 497 1215 θεοῦ
519 1161 564 1239 τῷ
584 1152 745 1236 πνεύματι]
769 1159 881 1216 Praeter
898 1158 1082 1218 coniecturam
1097 1161 1135 1216 il·

111 1244 165 1300 iam
188 1245 324 1318 quemad
346 1261 421 1300 oram
440 1245 626 1310 adtendimus,
650 1246 769 1304 oeeurn't
790 1244 871 1302 seriid
893 1262 984 1319 posse,
1006 1241 1075 1325 saepi
1097 1228 1134 1302 οὗ

111 1345 156 1386 τω
178 1348 227 1384 τιν.

137 1387 146 1409 l
198 1417 258 1472 440
275 1431 300 1470 c.
330 1410 378 1469 uui
402 1409 556 1483 ἐξελέξατο
578 1408 632 1471 τὸν
653 1408 787 1488 Πέτρον]
824 1415 955 1489 Egregius
978 1416 1022 1472 hie
1043 1415 1131 1481 iocus,

112 1516 145 1555 ex
168 1517 222 1574 quo
245 1499 332 1574 liquet
347 1500 464 1555 ¹Petrum
481 1499 602 1555 Andreae
624 1516 655 1554 ac
677 1499 792 1556 caeteris
808 1500 954 1574 Apostoiis,
978 1517 1032 1557 non
1055 1510 1133 1558 aeta-

112 1584 158 1648 tis,
182 1593 228 1640 aut
243 1584 390 1640 vocationis
406 1585 509 1649 ordine,
533 1585 581 1641 sed
597 1584 764 1659 principatus
779 1602 810 1641 ae
825 1584 971 1658 dignitatis,
991 1585 1130 1659 anteponi.

200 1673 255 1727 441
276 1687 300 1724 a.
331 1665 407 1745 quui
429 1664 488 1744 γὰρ
512 1661 610 1737 οὕτως
631 1661 659 1724 oi
682 1661 782 1743 ἄλλοι]
814 1670 909 1725 llirum
933 1679 975 1726 est
990 1670 1063 1744 quod
1078 1671 1132 1726 hoe

112 1754 174 1811 loeo
197 1756 294 1809 asserit
315 1755 587 1827 primumlierodem
610 1755 725 1829 fugisse:
753 1764 847 1828 postea
870 1750 1045 1820 liuzar'etum,
1068 1756 1133 1811 inde

112 1840 146 1894 ad
177 1839 339 1913 baptismum
368 1840 530 1896 accessisse:
560 1858 629 1913 quae
659 1856 748 1915 neque
770 1857 831 1895 etim
854 1839 1012 1912 Evangelio.
1042 1856 1133 1912 neque

112 1942 176 1981 cum
198 1923 385 1997 superioribus
408 1925 563 1980 cohaerent.
593 1925 658 1980 iiam
675 1924 809 1980 lierodem
832 1925 900 1998 iugit
922 1924 1051 1980 duntaxat
1067 1933 1134 1997 post

112 2009 222 2066 loannis
244 2025 347 2068 nerem.
371 2026 441 2083 quae
464 2008 545 2082 longe
568 2020 630 2083 post
652 2009 814 2084 baptismum
837 2009 943 2066 accidit.
975 2008 1039 2065 Vide
1061 2025 1133 2083 quae
1180 2014 1184 2019 '

112 2095 146 2150 ad
169 2112 194 2151 c.
212 2095 251 2151 28
273 2093 457 2149 observamus.

200 2180 260 2236 442
277 2178 303 2233 b.
333 2171 350 2234 ὁ
373 2173 407 2234 δὲ
425 2171 566 2252 Ἰωάννης
587 2172 637 2232 καὶ
659 2172 716 2252 τήν
742 2171 901 2255 πρόθεσιν]
946 2179 1021 2235 Furi.
1052 2171 1133 2236 notul

111 2259 168 2340 τὴν
190 2257 349 2339 πρόθεσιν.

200 2353 259 2407 444
277 2366 300 2404 a.
332 2349 533 2423 κατηγοροῦσι
556 2341 590 2402 δὲ
610 2340 712 2421 πάλιν]
746 2346 853 2402 Nullum
877 2356 919 2403 est
941 2348 969 2404 in
991 2349 1032 2404 itis
1055 2347 1133 2405 libris

111 2442 301 2508 argumentum
330 2434 356 2488 in
385 2449 440 2507 quo
470 2432 609 2487 tractando
637 2430 698 2504 plus
727 2448 825 2505 operae
854 2451 885 2488 ae
918 2433 999 2488 studii
1028 2432 1134 2489 navarit

111 2519 279 2592 Epiphanius
302 2535 381 2591 quarn
405 2518 431 2571 in
447 2534 477 2572 ea
494 2517 664 2590 quaestione,
688 2529 739 2588 qua
757 2516 886 2573 liominici
903 2517 1002 2573 Natalis
1019 2525 1050 2572 et·
1061 2517 1129 2572 tus-

113 2605 198 2660 sionis
220 2620 307 2658 annus
329 2602 483 2675 inquiritur.
528 2601 582 2657 Sed
605 2618 655 2656 nec
677 2601 821 2657 obscurior
843 2618 956 2674 usquam
978 2601 1054 2658 loetts
1076 2610 1130 2666 est,

112 2699 160 2745 aut
182 2689 210 2743 in
231 2704 286 2762 quo
309 2689 399 2742 minus
421 2687 563 2759 interpreti
597 2685 767 2758 tergiversari
796 2702 827 2742 ac
850 2685 1019 2742 dissimulare
1041 2685 1131 2742 liceat.

113 2774 228 2829 Tantum
252 2772 329 2827 airest
352 2781 381 2827 ut
405 2772 430 2826 in
454 2789 486 2827 eo
510 2771 669 2825 declarando
693 2787 727 2825 ne
750 2771 785 2826 sit
800 2770 907 2844 longior
921 2771 1007 2826 vereri
1023 2770 1130 2835 debeat,
1225 2814 1228 2820 4

112 2868 159 2914 aut
188 2857 311 2913 instituta
340 2873 370 2911 se
392 2855 520 2911 Notarium
544 2865 571 2911 et
593 2854 859 2911 Animadversionem
883 2855 1012 2911 brevitate
1035 2855 1132 2911 deien-

112 2943 188 2999 dere.
218 2945 305 3014 Atque
328 2958 358 2998 ea
381 2958 446 2996 sane
468 2941 591 3013 quaestio
611 2957 674 2995 ctum
697 2957 752 2996 non
774 2941 863 2996 minus
886 2942 936 2996 irae
957 2949 1129 3013 tempestate,

112 3044 194 3103 quam
218 3027 313 3100 priscis
336 3026 387 3081 iilis
406 3024 582 3098 temporibus,
606 3024 728 3080 eruditos
743 3035 875 3108 exerceat.
899 3043 932 3081 eo
948 3025 1066 3099 denique
1080 3024 1132 3081 ed·
1232 3072 1236 3080 .

112 3115 193 3169 dueta
216 3129 260 3167 res
283 3121 334 3176 est,
358 3120 388 3166 ut
411 3111 457 3183 qui
480 3110 610 3166 inscitiam
633 3126 710 3165 stiam
728 3111 845 3183 ingenue
861 3112 949 3166 lassus
964 3110 1053 3174 inerit,
1076 3125 1132 3184 pu-

112 3198 265 3254 dentiorem
294 3197 394 3252 exitum
422 3204 534 3267 quaerat
561 3211 642 3267 quam
670 3196 692 3250 si
722 3196 789 3251 certi
821 3195 920 3268 aliquid
949 3204 977 3251 et
999 3195 1131 3268 explorati

113 3295 209 3340 terem
231 3298 262 3337 se
283 3299 364 3354 posse
386 3280 513 3337 confidat.
554 3280 588 3335 Ut
610 3279 681 3335 enirn
704 3297 718 3334 a
741 3280 934 3336 vetustioribus
957 3280 1062 3336 initium
1083 3296 1132 3336 re-

111 3376 214 3442 petam,
236 3367 297 3438 quis
319 3375 462 3439 antequam
485 3364 604 3438 Dionysii
625 3365 742 3439 vulgaris
762 3364 805 3420 iila
828 3364 1128 3439 ratiopererebuisset,

113 3453 140 3508 in
163 3460 265 3509 certam
288 3469 319 3506 ae
334 3452 508 3506 constitutam
524 3451 685 3505 sententiam
700 3449 800 3505 includi
815 3467 845 3505 se
860 3467 957 3524 passus
972 3447 1035 3506 esti
1056 3451 1170 3514 laon-⁹2

112 3554 178 3611 gum
201 3546 245 3592 est
267 3544 294 3592 et
316 3537 433 3591 otiosum
457 3542 577 3590 veterum
593 3535 702 3590 Petrum
719 3535 860 3607 opiniones
876 3551 969 3591 omnes
984 3533 1128 3608 persequi;

113 3622 197 3695 idque
219 3619 253 3675 ali
275 3620 332 3676 aliis
355 3620 500 3692 diiigenter
521 3627 563 3674 est
585 3620 699 3683 laetum,
722 3618 881 3693 praesertim
903 3637 917 3674 a
941 3618 1054 3675 lleiierio
1076 3612 1132 3675 no-'
1166 3610 1172 3619 ’

112 3714 172 3762 stro
193 3707 239 3785 aqi
259 3700 425 3782 μακαρίτῃ,
448 3713 475 3760 et
497 3705 595 3759 loanne
618 3703 733 3777 lieplero
756 3704 952 3769 Mathematici),
974 3703 1131 3761 inerudita

112 3791 158 3847 iila
179 3790 370 3846 dissertatione
398 3790 431 3845 de
460 3805 531 3844 anno
553 3787 636 3843 Natali
665 3798 694 3845 et
721 3788 748 3844 in
778 3788 885 3863 Eulogis
915 3788 1128 3863 Chronologiois‚

112 3886 143 3931 ut
166 3877 201 3932 de
223 3874 398 3931 illustrissimi
422 3874 527 3929 Baronii
550 3872 696 3928 Annalibus
719 3890 751 3930 ae
772 3874 887 3929 caeteris
908 3873 1129 3947 chronographis

112 3971 227 4017 taeeam.
258 3958 378 4028 Quorum
401 3960 520 4015 omnium
544 3967 606 4032 post
627 3968 681 4013 tam
704 3958 862 4031 exquisitam
885 3967 913 4014 et
928 3968 1045 4015 exactam
1061 3974 1132 4031 ope·

112 4062 170 4102 rem
197 4060 427 4119 supervacaneum
458 4043 539 4098 rideri
568 4051 674 4117 poterat
701 4043 818 4099 anobis
840 4060 870 4099 ea
893 4043 1023 4116 disputari
1044 4042 1131 4098 velie-

112 4132 242 4196 mentius,
266 4147 335 4203 quae
357 4130 433 4185 anxie
455 4128 489 4184 ab
512 4128 563 4184 illis
585 4138 650 4185 sunt
665 4137 844 4201 accurateque
859 4128 989 4195 discussa,
1011 4126 1063 4183 nisi
1078 4140 1131 4184 nos
