2586 4822
324 864 408 912 mm
424 864 576 913 πετειισ
592 863 658 913 κει
673 863 862 913 mamm.
1064 847 1101 912 ¹³

76 1015 282 1100 κατοκνῆσαι
309 1007 509 1081 ἀποστεῖλαι
537 1015 685 1099 ποιητῶν
708 1038 744 1079 τε
766 1014 848 1098 λέγω
870 1015 922 1078 καὶ
946 1009 1105 1098 λογογρά-

77 1133 164 1195 φων,
188 1108 338 1196 ρητόρων
360 1135 396 1176 τε
418 1111 471 1176 καί
495 1112 666 1195 σοφιστῶν
687 1108 743 1174 καί
766 1109 887 1192 ἰατρῶν
908 1108 963 1175 καὶ
992 1109 1104 1192 ίατρο-

78 1210 255 1293 σοφιστῶν
276 1209 331 1271 καί
355 1206 620 1292 ἱστοριογράφων
642 1208 696 1271 καὶ
719 1207 848 1273 λοιπῶν
869 1208 1013 1292 βίβλους.
1043 1207 1102 1271 τοῦ

79 1304 114 1368 δέ
146 1303 242 1388 ἔργου
272 1302 522 1387 προκόπτοντος
553 1302 608 1368 καὶ
636 1304 701 1367 τῶν
728 1305 868 1388 βιβλίων
890 1301 1103 1385 πανταχόθεν

78 1406 311 1485 συναγομένων
333 1395 500 1488 ἠρώτησεν
524 1396 541 1465 ὃ
562 1400 718 1483 βασιλεὺς
739 1399 796 1466 τὸν
811 1399 869 1485 τήν
883 1399 1127 1486 βιβλιοθήκηνε

78 1503 347 1580 πεπιστευμένον
375 1497 409 1564 έν
435 1500 497 1585 μιᾷ
525 1501 591 1563 τῶν
620 1494 763 1583 ήμερῶν,
793 1493 846 1563 ὅτι
875 1497 981 1564 πόσαι
1005 1494 1037 1563 δ’
1062 1489 1103 1565 άν

78 1589 143 1662 εἶεν
166 1596 280 1680 βίβλοι
303 1594 350 1673 είς
365 1594 423 1679 τήν
436 1593 656 1682 βιβλιοθήκην
673 1600 901 1677 συναχθεῖσαι.
933 1593 1003 1662 ὁδέ
1019 1589 1104 1663 άπε-

77 1700 179 1779 κρίθη
208 1696 255 1776 τῷ
283 1694 417 1776 βασιλεῖ
444 1694 545 1778 λέγων
578 1688 632 1758 ὅτι
662 1689 724 1779 ἤδη
756 1698 816 1777 μέν
849 1693 914 1760 είσι
944 1693 1104 1778 μυριάδες

78 1796 179 1857 πέντε
200 1791 341 1875 βιβλίων
361 1792 415 1856 καί
438 1791 704 1875 τετρακισχίλιοι,
721 1785 927 1868 ὀκτακόσιαι,
957 1790 1059 1856 πλέον
1081 1783 1103 1876 ή

53 1890 234 1955 Βέλασσον.
281 1881 441 1972 ἀκούομεν
469 1889 505 1954 δὲ
528 1887 577 1955 ἔτι
600 1885 686 1953 πολὺ
709 1890 843 1973 πλῆθος
865 1887 899 1953 ἒν
921 1890 967 1974 τῶ
989 1887 1103 1974 κόσμῳ
1113 1910 1144 1960 ιο

79 1982 250 2070 ὑπάρχειν,
274 1984 368 2070 παρά
390 2011 426 2052 τε
440 1986 598 2067 Αίθίοψι
621 1992 673 2050 καί
688 1979 809 2063 Ἰνδοῖς,
832 1986 981 2068 Πέρσαις
996 2011 1033 2052 τε
1047 1986 1102 2051 καί

76 2078 280 2168 Ἔλαμίταις,
308 2085 362 2148 καὶ
385 2085 628 2168 Βαβυλωνίοις,
657 2079 848 2167 Ἀσουρίοις
875 2084 986 2149 τεκαὶ
1009 2083 1103 2148 Χαλ-

80 2183 200 2260 δαίοις,
223 2182 279 2246 καί
304 2183 453 2261 Φοίνιξι,
477 2181 597 2265 Σύροις
618 2206 654 2247 τε
675 2183 728 2247 καὶ
750 2192 822 2259 τοῖς
845 2180 878 2246 έν
900 2184 939 2267 τῇ
958 2175 1106 2260 Ἑλλάδι,

79 2278 173 2363 παρὰ
192 2275 367 2361 Ῥωμαίοις
387 2304 423 2345 τε
447 2277 543 2345 οῦπω
563 2275 733 2362 Ῥωμαίοις
754 2280 968 2362 καλουμένοις
985 2273 1100 2366 άκμήν,

79 2371 162 2442 άλλά
185 2382 362 2455 Λατίνοις.
404 2371 488 2443 άλλά
511 2379 564 2443 καὶ
587 2376 681 2460 παρὰ
702 2386 774 2454 τοῖς
789 2372 1026 2460 Ἰεροσολύμοις
1047 2380 1101 2444 καλ
1114 2400 1143 2450 ιε

79 2474 112 2540 έν
132 2478 175 2561 τῇ
195 2468 338 2561 Ἰουδαίᾳ
360 2469 546 2558 ὑπάρχουσι
566 2475 679 2559 βίβλοι
698 2477 810 2540 θείκαί
825 2477 892 2539 τῶν
907 2478 1101 2560 προφητῶν,

80 2570 294 2657 διηγούμεναι
321 2575 399 2655 περὶ
428 2575 513 2638 θεοῦ
540 2574 597 2637 καὶ
622 2575 680 2659 τής
702 2578 940 2654 κοσμοποιίας,
968 2573 1103 2659 καὶτῆς

80 2667 180 2755 άλλης
202 2667 314 2754 πάσης
335 2669 559 2755 κοινωφελοῦς
577 2670 801 2747 διδασκαλίας.
833 2668 862 2734 εί
877 2656 934 2734 οῦν
950 2670 1040 2735 δοκεῖ
1053 2671 1102 2755 τῷ

79 2768 190 2849 κράτει
204 2790 276 2844 σου,
299 2768 447 2852 βασιλεῦ,
470 2769 523 2832 καί
541 2761 642 2845 αῦτὰς
656 2767 950 2850 μεταστείλαοθαι,
970 2766 1101 2852 γράψον

78 2877 147 2941 τοῖς
170 2865 205 2930 έν
222 2860 461 2949 Ἰεροσολύμοις
477 2864 698 2942 διδασκάλοις,
721 2867 777 2930 καί
792 2858 1018 2931 άποοτελοῦσί
1034 2886 1140 2944 σοιν)

78 2959 172 3040 ὅπως
200 2961 257 3028 καί
285 2961 346 3039 τὰς
373 2956 475 3039 αὐτὰς
502 2964 638 3047 βίβλους
659 2965 798 3028 καταθῶ
821 2961 854 3028 έν
877 2964 917 3048 τή
936 2957 1021 3048 ἀῦτῇ
1044 2966 1102 3050 τῆς

77 3065 133 3147 σής
157 3055 329 3142 εὐσεβείας
349 3057 560 3146 βιβλιοθήκῃ.
590 3059 667 3126 τότε
687 3066 796 3127 τοίνυν
818 3058 940 3146 γράφει
962 3054 980 3124 ὁ
1003 3068 1102 3144 βασι·

78 3159 149 3236 λεῦς
172 3157 357 3243 ἐπιστολήν
379 3156 516 3240 ἔχουσαν
538 3155 626 3223 τάδε.

39 3267 72 3316 1ο
156 3263 207 3322 10.
227 3254 413 3333 “Βασιλεῦς
427 3256 639 3338 Πτολεμαῖος
653 3264 724 3332 τοῖς
739 3253 773 3320 έν
785 3249 1021 3338 Ἰεροσολύμοις
1034 3258 1102 3322 τῶν

75 3349 240 3419 ’Ἰουδαίων
262 3354 408 3419 πλεῖστα
428 3359 564 3436 χαίρειν.
602 3350 823 3438 βιβλιοθήκην
856 3352 1140 3434 καταοκευάσαςῦ
1219 3429 1224 3440 ,

78 3455 127 3518 καί
148 3452 289 3536 πλῆθος
310 3449 502 3535 συναγαγών
523 3452 662 3536 βιβλίων
686 3450 722 3529 έξ
742 3447 880 3516 έκάστου
903 3449 1038 3529 έθνους,
1067 3450 1101 3519 έν

78 3546 155 3635 αι’·τῇ
167 3544 358 3633 ἀπεθέμην.
392 3543 535 3626 άκοάσας
547 3549 581 3614 δὲ
595 3543 640 3626 ῶς
654 3550 706 3614 καί
720 3542 797 3630 παρ’
812 3542 889 3631 ῦμῒν
902 3548 1102 3636 έμφέροντάι
1152 3630 1154 3636 Ι

77 3651 188 3731 βίβλοι
210 3649 397 3732 προφητῶν
419 3649 496 3730 περὶ
519 3649 603 3713 θεοῦ
625 3671 661 3712 τε
675 3647 730 3711 καὶ
744 3651 966 3729 κοσμοποιίας
982 3648 1100 3732 δηλοῦ-

80 3768 148 3821 οαι,
178 3747 235 3810 καί
265 3743 389 3822 ταῦτας
410 3755 485 3822 ταῖς
507 3742 623 3822 ἄλλοις
645 3739 834 3829 ἀφιερῶσαι
856 3742 1025 3825 ἐπιθυμῶ,
1048 3749 1101 3828 γέ-

79 3868 188 3929 γραφα
209 3838 308 3921 ὅπως
328 3842 452 3921 ταύτας
472 3837 551 3929 ἡμῖν
574 3837 801 3926 ἀποστείλητε.
846 3837 899 3907 ὅτι
921 3839 982 3927 γάρ
1003 3844 1140 3926 τιμήςεε
1230 3893 1233 3899 ,

81 3941 196 4019 ἓνεκεν,
224 3948 280 4008 καὶ
310 3936 348 4006 οῦ
375 3947 568 4026 περιεργίας
588 3938 698 4022 χάριν,
728 3934 804 4005 οῦδὲ
826 3946 1013 4017 κακονοίας,
1042 3942 1101 4025 τῆς

81 4039 230 4126 τοιαύτης
251 4039 364 4117 αίτίας
386 4037 453 4120 εἰμὶ
477 4036 703 4124 ἐπιθυμητής,
734 4032 817 4103 άλλά
839 4045 985 4113 πίστεως
1008 4037 1100 4106 ένεκα

81 4137 130 4202 κατ’
150 4141 210 4225 τῆς
230 4141 310 4224 περὶ
332 4132 419 4220 ὑμᾶς
435 4137 549 4223 φιλίας
563 4135 621 4222 τήν
637 4134 762 4202 τούτων
778 4135 909 4220 σίτησιν
925 4137 1099 4220 ποιοῦμαι,
