<?xml version="1.0" encoding="UTF-8"?>
<!DOCTYPE html PUBLIC "-//W3C//DTD XHTML 1.0 Transitional//EN"
    "http://www.w3.org/TR/xhtml1/DTD/xhtml1-transitional.dtd">
<html xmlns="http://www.w3.org/1999/xhtml" xml:lang="en" lang="en">
 <head>
  <title>
</title>
<meta http-equiv="Content-Type" content="text/html;charset=utf-8" />
  <meta name='ocr-system' content='tesseract 3.04.00' />
  <meta name='ocr-capabilities' content='ocr_page ocr_carea ocr_par ocr_line ocrx_word'/>
</head>
<body>
  <div class='ocr_page' id='page_1' title='image "./opera02dindgoog_0658.png"; bbox 0 0 2586 4822; ppageno 0'>
   <div class='ocr_carea' id='block_1_1' title="bbox 208 709 777 772">
    <p class='ocr_par' dir='ltr' id='par_1_1' title="bbox 208 709 777 772">
     <span class='ocr_line' id='line_1_1' title="bbox 208 709 777 772; baseline -0.005 0"><span class='ocrx_word' id='word_1_1' title='bbox 208 709 271 772; x_wconf 84' lang='lat' dir='ltr'><strong>tto</strong></span> <span class='ocrx_word' id='word_1_2' title='bbox 660 718 777 770; x_wconf 74' lang='lat' dir='ltr'><strong>metu</strong></span> 
     </span>
    </p>
   </div>
   <div class='ocr_carea' id='block_1_2' title="bbox 113 873 1228 4095">
    <p class='ocr_par' dir='ltr' id='par_1_2' title="bbox 113 873 1228 4095">
     <span class='ocr_line' id='line_1_2' title="bbox 205 873 1226 954; baseline -0.003 -18"><span class='ocrx_word' id='word_1_3' title='bbox 205 879 345 954; x_wconf 80' lang='lat' dir='ltr'><strong>proiectus</strong></span> <span class='ocrx_word' id='word_1_4' title='bbox 367 877 395 934; x_wconf 91' lang='lat' dir='ltr'><strong>in</strong></span> <span class='ocrx_word' id='word_1_5' title='bbox 418 875 608 934; x_wconf 79' lang='lat' dir='ltr'><strong>Galaaditidem</strong></span> <span class='ocrx_word' id='word_1_6' title='bbox 629 875 799 948; x_wconf 72' lang='lat' dir='ltr'><strong>migraverat.</strong></span> <span class='ocrx_word' id='word_1_7' title='bbox 838 873 909 931; x_wconf 84' lang='lat' dir='ltr'><strong>Tliaa</strong></span> <span class='ocrx_word' id='word_1_8' title='bbox 930 888 995 932; x_wconf 85' lang='lat' dir='ltr'><strong>reno</strong></span> <span class='ocrx_word' id='word_1_9' title='bbox 1017 875 1111 932; x_wconf 72' lang='lat' dir='ltr'><strong>Levita</strong></span> <span class='ocrx_word' id='word_1_10' title='bbox 1133 873 1226 933; x_wconf 69' lang='lat' dir='ltr'><strong>utha</strong></span> 
     </span>
     <span class='ocr_line' id='line_1_3' title="bbox 206 959 1228 1034; baseline -0.003 -13"><span class='ocrx_word' id='word_1_11' title='bbox 206 965 235 1021; x_wconf 89' lang='lat' dir='ltr'><strong>in</strong></span> <span class='ocrx_word' id='word_1_12' title='bbox 251 963 348 1020; x_wconf 85' lang='lat' dir='ltr'><strong>Galaad</strong></span> <span class='ocrx_word' id='word_1_13' title='bbox 364 961 457 1018; x_wconf 84' lang='lat' dir='ltr'><strong>Thishi</strong></span> <span class='ocrx_word' id='word_1_14' title='bbox 479 962 563 1018; x_wconf 86' lang='lat' dir='ltr'><strong>luisse</strong></span> <span class='ocrx_word' id='word_1_15' title='bbox 585 961 680 1018; x_wconf 88' lang='lat' dir='ltr'><strong>docet:</strong></span> <span class='ocrx_word' id='word_1_16' title='bbox 704 977 774 1034; x_wconf 91' lang='lat' dir='ltr'><strong>quae</strong></span> <span class='ocrx_word' id='word_1_17' title='bbox 796 976 857 1016; x_wconf 82' lang='lat' dir='ltr'><strong>oum</strong></span> <span class='ocrx_word' id='word_1_18' title='bbox 879 959 913 1015; x_wconf 81' lang='lat' dir='ltr'><strong>ali</strong></span> <span class='ocrx_word' id='word_1_19' title='bbox 928 959 1059 1017; x_wconf 74' lang='lat' dir='ltr'><strong>lsratlitis</strong></span> <span class='ocrx_word' id='word_1_20' title='bbox 1082 961 1228 1034; x_wconf 78' lang='lat' dir='ltr'><strong>postillam</strong></span> 
     </span>
     <span class='ocr_line' id='line_1_4' title="bbox 207 1045 1227 1122; baseline -0.001 -17"><span class='ocrx_word' id='word_1_21' title='bbox 207 1047 411 1105; x_wconf 83' lang='lat' dir='ltr'><strong>Gabionitrrum</strong></span> <span class='ocrx_word' id='word_1_22' title='bbox 433 1047 545 1111; x_wconf 85' lang='lat' dir='ltr'><strong>cladem,</strong></span> <span class='ocrx_word' id='word_1_23' title='bbox 568 1063 621 1122; x_wconf 87' lang='lat' dir='ltr'><strong>qua</strong></span> <span class='ocrx_word' id='word_1_24' title='bbox 640 1045 791 1102; x_wconf 85' lang='lat' dir='ltr'><strong>Galaaditae</strong></span> <span class='ocrx_word' id='word_1_25' title='bbox 814 1047 916 1118; x_wconf 85' lang='lat' dir='ltr'><strong>pariter</strong></span> <span class='ocrx_word' id='word_1_26' title='bbox 936 1045 1052 1102; x_wconf 87' lang='lat' dir='ltr'><strong>involuti</strong></span> <span class='ocrx_word' id='word_1_27' title='bbox 1075 1057 1151 1111; x_wconf 86' lang='lat' dir='ltr'><strong>sunt,</strong></span> <span class='ocrx_word' id='word_1_28' title='bbox 1173 1046 1227 1105; x_wconf 77' lang='lat' dir='ltr'><strong>lod.</strong></span> 
     </span>
     <span class='ocr_line' id='line_1_5' title="bbox 208 1129 1228 1207; baseline -0.004 -14"><span class='ocrx_word' id='word_1_29' title='bbox 208 1136 258 1199; x_wconf 73' lang='lat' dir='ltr'><strong>tt,</strong></span> <span class='ocrx_word' id='word_1_30' title='bbox 282 1134 342 1190; x_wconf 87' lang='lat' dir='ltr'><strong>solo</strong></span> <span class='ocrx_word' id='word_1_31' title='bbox 365 1142 438 1188; x_wconf 82' lang='lat' dir='ltr'><strong>esset</strong></span> <span class='ocrx_word' id='word_1_32' title='bbox 460 1141 589 1205; x_wconf 84' lang='lat' dir='ltr'><strong>aequata,</strong></span> <span class='ocrx_word' id='word_1_33' title='bbox 619 1130 756 1204; x_wconf 86' lang='lat' dir='ltr'><strong>plerique,</strong></span> <span class='ocrx_word' id='word_1_34' title='bbox 778 1130 825 1203; x_wconf 94' lang='lat' dir='ltr'><strong>qui</strong></span> <span class='ocrx_word' id='word_1_35' title='bbox 848 1129 958 1186; x_wconf 78' lang='lat' dir='ltr'><strong>eaedem</strong></span> <span class='ocrx_word' id='word_1_36' title='bbox 981 1130 1056 1187; x_wconf 89' lang='lat' dir='ltr'><strong>illam</strong></span> <span class='ocrx_word' id='word_1_37' title='bbox 1081 1130 1228 1207; x_wconf 73' lang='lat' dir='ltr'><strong>effingerent</strong></span> 
     </span>
     <span class='ocr_line' id='line_1_6' title="bbox 206 1212 1227 1292; baseline 0.002 -15"><span class='ocrx_word' id='word_1_38' title='bbox 206 1219 308 1277; x_wconf 82' lang='lat' dir='ltr'><strong>reversi</strong></span> <span class='ocrx_word' id='word_1_39' title='bbox 332 1228 426 1292; x_wconf 87' lang='lat' dir='ltr'><strong>postea</strong></span> <span class='ocrx_word' id='word_1_40' title='bbox 441 1217 569 1291; x_wconf 88' lang='lat' dir='ltr'><strong>oppidum</strong></span> <span class='ocrx_word' id='word_1_41' title='bbox 585 1217 778 1279; x_wconf 73' lang='lat' dir='ltr'><strong>instaurarunt,</strong></span> <span class='ocrx_word' id='word_1_42' title='bbox 802 1213 834 1270; x_wconf 87' lang='lat' dir='ltr'><strong>ab</strong></span> <span class='ocrx_word' id='word_1_43' title='bbox 852 1232 938 1290; x_wconf 89' lang='lat' dir='ltr'><strong>eoque</strong></span> <span class='ocrx_word' id='word_1_44' title='bbox 955 1231 1021 1272; x_wconf 84' lang='lat' dir='ltr'><strong>casu</strong></span> <span class='ocrx_word' id='word_1_45' title='bbox 1037 1212 1114 1278; x_wconf 61' lang='lat'><strong>57¹2:</strong></span> <span class='ocrx_word' id='word_1_46' title='bbox 1131 1230 1227 1280; x_wconf 65' lang='lat' dir='ltr'><strong>*neto</strong></span> 
     </span>
     <span class='ocr_line' id='line_1_7' title="bbox 155 1299 1228 1370; baseline -0.002 -8"><span class='ocrx_word' id='word_1_47' title='bbox 155 1305 339 1362; x_wconf 57' lang='lat' dir='ltr'><strong>innominati</strong></span> <span class='ocrx_word' id='word_1_48' title='bbox 361 1312 434 1359; x_wconf 82' lang='lat' dir='ltr'><strong>sunt</strong></span> <span class='ocrx_word' id='word_1_49' title='bbox 464 1301 586 1370; x_wconf 86' lang='lat' dir='ltr'><strong>Quorum</strong></span> <span class='ocrx_word' id='word_1_50' title='bbox 609 1316 679 1357; x_wconf 92' lang='lat' dir='ltr'><strong>unus</strong></span> <span class='ocrx_word' id='word_1_51' title='bbox 702 1299 771 1356; x_wconf 82' lang='lat' dir='ltr'><strong>Elias</strong></span> <span class='ocrx_word' id='word_1_52' title='bbox 786 1299 852 1356; x_wconf 85' lang='lat' dir='ltr'><strong>luit.</strong></span> <span class='ocrx_word' id='word_1_53' title='bbox 882 1299 948 1356; x_wconf 81' lang='lat' dir='ltr'><strong>llam</strong></span> <span class='ocrx_word' id='word_1_54' title='bbox 970 1300 1022 1357; x_wconf 85' lang='lat' dir='ltr'><strong>illis</strong></span> <span class='ocrx_word' id='word_1_55' title='bbox 1047 1300 1228 1360; x_wconf 78' lang='lat' dir='ltr'><strong>viriaseteat·</strong></span> 
     </span>
     <span class='ocr_line' id='line_1_8' title="bbox 208 1385 1227 1465; baseline -0.003 -19"><span class='ocrx_word' id='word_1_56' title='bbox 208 1388 320 1465; x_wconf 86' lang='lat' dir='ltr'><strong>poribus</strong></span> <span class='ocrx_word' id='word_1_57' title='bbox 343 1397 504 1461; x_wconf 87' lang='lat' dir='ltr'><strong>argumento</strong></span> <span class='ocrx_word' id='word_1_58' title='bbox 526 1394 577 1451; x_wconf 91' lang='lat' dir='ltr'><strong>est,</strong></span> <span class='ocrx_word' id='word_1_59' title='bbox 599 1385 673 1459; x_wconf 92' lang='lat' dir='ltr'><strong>quod</strong></span> <span class='ocrx_word' id='word_1_60' title='bbox 688 1393 745 1441; x_wconf 87' lang='lat' dir='ltr'><strong>tum</strong></span> <span class='ocrx_word' id='word_1_61' title='bbox 760 1395 901 1458; x_wconf 86' lang='lat' dir='ltr'><strong>superstes</strong></span> <span class='ocrx_word' id='word_1_62' title='bbox 917 1394 975 1442; x_wconf 85' lang='lat' dir='ltr'><strong>erat</strong></span> <span class='ocrx_word' id='word_1_63' title='bbox 989 1385 1126 1452; x_wconf 73' lang='lat' dir='ltr'><strong>Phineos:</strong></span> <span class='ocrx_word' id='word_1_64' title='bbox 1150 1403 1227 1462; x_wconf 73' lang='lat' dir='ltr'><strong>qne·</strong></span> 
     </span>
     <span class='ocr_line' id='line_1_9' title="bbox 208 1469 1227 1544; baseline 0.002 -15"><span class='ocrx_word' id='word_1_65' title='bbox 208 1473 324 1531; x_wconf 80' lang='lat' dir='ltr'><strong>eundern</strong></span> <span class='ocrx_word' id='word_1_66' title='bbox 349 1489 410 1528; x_wconf 87' lang='lat' dir='ltr'><strong>esse</strong></span> <span class='ocrx_word' id='word_1_67' title='bbox 431 1489 493 1528; x_wconf 88' lang='lat' dir='ltr'><strong>eum</strong></span> <span class='ocrx_word' id='word_1_68' title='bbox 508 1471 564 1527; x_wconf 77' lang='lat' dir='ltr'><strong>Elia</strong></span> <span class='ocrx_word' id='word_1_69' title='bbox 580 1470 712 1544; x_wconf 87' lang='lat' dir='ltr'><strong>hlagistris</strong></span> <span class='ocrx_word' id='word_1_70' title='bbox 730 1469 826 1544; x_wconf 86' lang='lat' dir='ltr'><strong>placet.</strong></span> <span class='ocrx_word' id='word_1_71' title='bbox 856 1469 928 1526; x_wconf 83' lang='lat' dir='ltr'><strong>llaec</strong></span> <span class='ocrx_word' id='word_1_72' title='bbox 942 1470 1045 1528; x_wconf 78' lang='lat' dir='ltr'><strong>Levita.</strong></span> <span class='ocrx_word' id='word_1_73' title='bbox 1077 1471 1153 1542; x_wconf 79' lang='lat' dir='ltr'><strong>Quae</strong></span> <span class='ocrx_word' id='word_1_74' title='bbox 1166 1483 1227 1531; x_wconf 78' lang='lat' dir='ltr'><strong>sont</strong></span> 
     </span>
     <span class='ocr_line' id='line_1_10' title="bbox 208 1555 1225 1631; baseline 0.003 -17"><span class='ocrx_word' id='word_1_75' title='bbox 208 1558 395 1615; x_wconf 75' lang='lat' dir='ltr'><strong>insulsissima.</strong></span> <span class='ocrx_word' id='word_1_76' title='bbox 441 1557 584 1630; x_wconf 74' lang='lat' dir='ltr'><strong>Fingamus</strong></span> <span class='ocrx_word' id='word_1_77' title='bbox 607 1557 677 1611; x_wconf 89' lang='lat' dir='ltr'><strong>enim</strong></span> <span class='ocrx_word' id='word_1_78' title='bbox 700 1555 782 1611; x_wconf 83' lang='lat' dir='ltr'><strong>Tliam</strong></span> <span class='ocrx_word' id='word_1_79' title='bbox 805 1572 866 1611; x_wconf 89' lang='lat' dir='ltr'><strong>esse</strong></span> <span class='ocrx_word' id='word_1_80' title='bbox 888 1555 1022 1621; x_wconf 84' lang='lat' dir='ltr'><strong>Phinees,</strong></span> <span class='ocrx_word' id='word_1_81' title='bbox 1046 1558 1225 1631; x_wconf 84' lang='lat' dir='ltr'><strong>quomodoit</strong></span> 
     </span>
     <span class='ocr_line' id='line_1_11' title="bbox 208 1640 1222 1717; baseline 0 -18"><span class='ocrx_word' id='word_1_82' title='bbox 208 1645 242 1700; x_wconf 92' lang='lat' dir='ltr'><strong>ad</strong></span> <span class='ocrx_word' id='word_1_83' title='bbox 269 1660 365 1699; x_wconf 80' lang='lat' dir='ltr'><strong>iterem</strong></span> <span class='ocrx_word' id='word_1_84' title='bbox 387 1643 526 1717; x_wconf 83' lang='lat' dir='ltr'><strong>quaesitus</strong></span> <span class='ocrx_word' id='word_1_85' title='bbox 549 1641 582 1699; x_wconf 87' lang='lat' dir='ltr'><strong>eh</strong></span> <span class='ocrx_word' id='word_1_86' title='bbox 605 1640 747 1705; x_wconf 73' lang='lat' dir='ltr'><strong>Israelitis,</strong></span> <span class='ocrx_word' id='word_1_87' title='bbox 777 1657 808 1696; x_wconf 90' lang='lat' dir='ltr'><strong>ao</strong></span> <span class='ocrx_word' id='word_1_88' title='bbox 829 1641 892 1713; x_wconf 86' lang='lat' dir='ltr'><strong>luga</strong></span> <span class='ocrx_word' id='word_1_89' title='bbox 913 1641 1006 1713; x_wconf 86' lang='lat' dir='ltr'><strong>lapsus</strong></span> <span class='ocrx_word' id='word_1_90' title='bbox 1029 1643 1222 1717; x_wconf 78' lang='lat' dir='ltr'><strong>credipotest,</strong></span> 
     </span>
     <span class='ocr_line' id='line_1_12' title="bbox 208 1725 1222 1802; baseline 0.001 -18"><span class='ocrx_word' id='word_1_91' title='bbox 208 1728 255 1802; x_wconf 91' lang='lat' dir='ltr'><strong>qui</strong></span> <span class='ocrx_word' id='word_1_92' title='bbox 283 1728 317 1784; x_wconf 91' lang='lat' dir='ltr'><strong>ah</strong></span> <span class='ocrx_word' id='word_1_93' title='bbox 339 1728 448 1785; x_wconf 88' lang='lat' dir='ltr'><strong>illorum</strong></span> <span class='ocrx_word' id='word_1_94' title='bbox 470 1726 591 1802; x_wconf 86' lang='lat' dir='ltr'><strong>partibus</strong></span> <span class='ocrx_word' id='word_1_95' title='bbox 614 1726 734 1789; x_wconf 88' lang='lat' dir='ltr'><strong>steterit,</strong></span> <span class='ocrx_word' id='word_1_96' title='bbox 763 1725 912 1798; x_wconf 84' lang='lat' dir='ltr'><strong>iisdemque</strong></span> <span class='ocrx_word' id='word_1_97' title='bbox 934 1725 1109 1799; x_wconf 75' lang='lat' dir='ltr'><strong>praelueritl</strong></span> <span class='ocrx_word' id='word_1_98' title='bbox 1145 1728 1222 1802; x_wconf 72' lang='lat' dir='ltr'><strong>Atqui</strong></span> 
     </span>
     <span class='ocr_line' id='line_1_13' title="bbox 208 1809 1221 1884; baseline -0.001 -14"><span class='ocrx_word' id='word_1_99' title='bbox 208 1815 278 1870; x_wconf 88' lang='lat' dir='ltr'><strong>hanc</strong></span> <span class='ocrx_word' id='word_1_100' title='bbox 307 1814 418 1870; x_wconf 79' lang='lat' dir='ltr'><strong>eandem</strong></span> <span class='ocrx_word' id='word_1_101' title='bbox 448 1813 481 1870; x_wconf 91' lang='lat' dir='ltr'><strong>de</strong></span> <span class='ocrx_word' id='word_1_102' title='bbox 504 1813 621 1869; x_wconf 84' lang='lat' dir='ltr'><strong>Phiuoes</strong></span> <span class='ocrx_word' id='word_1_103' title='bbox 648 1810 779 1875; x_wconf 79' lang='lat' dir='ltr'><strong>fabulam,</strong></span> <span class='ocrx_word' id='word_1_104' title='bbox 809 1809 882 1884; x_wconf 89' lang='lat' dir='ltr'><strong>quod</strong></span> <span class='ocrx_word' id='word_1_105' title='bbox 909 1810 981 1868; x_wconf 88' lang='lat' dir='ltr'><strong>idern</strong></span> <span class='ocrx_word' id='word_1_106' title='bbox 1010 1812 1049 1869; x_wconf 86' lang='lat' dir='ltr'><strong>sit</strong></span> <span class='ocrx_word' id='word_1_107' title='bbox 1080 1829 1139 1871; x_wconf 83' lang='lat' dir='ltr'><strong>outo</strong></span> <span class='ocrx_word' id='word_1_108' title='bbox 1158 1812 1221 1875; x_wconf 78' lang='lat' dir='ltr'><strong>Elia,</strong></span> 
     </span>
     <span class='ocr_line' id='line_1_14' title="bbox 208 1894 1223 1969; baseline -0.001 -13"><span class='ocrx_word' id='word_1_109' title='bbox 208 1898 291 1956; x_wconf 88' lang='lat' dir='ltr'><strong>habet</strong></span> <span class='ocrx_word' id='word_1_110' title='bbox 313 1899 423 1955; x_wconf 87' lang='lat' dir='ltr'><strong>llieron.</strong></span> <span class='ocrx_word' id='word_1_111' title='bbox 446 1898 504 1955; x_wconf 88' lang='lat' dir='ltr'><strong>Lih.</strong></span> <span class='ocrx_word' id='word_1_112' title='bbox 528 1898 637 1965; x_wconf 82' lang='lat' dir='ltr'><strong>Qiraest.</strong></span> <span class='ocrx_word' id='word_1_113' title='bbox 661 1894 743 1952; x_wconf 89' lang='lat' dir='ltr'><strong>llehr.</strong></span> <span class='ocrx_word' id='word_1_114' title='bbox 766 1895 792 1950; x_wconf 91' lang='lat' dir='ltr'><strong>in</strong></span> <span class='ocrx_word' id='word_1_115' title='bbox 816 1895 930 1969; x_wconf 84' lang='lat' dir='ltr'><strong>Paralip.</strong></span> <span class='ocrx_word' id='word_1_116' title='bbox 953 1895 1032 1952; x_wconf 89' lang='lat' dir='ltr'><strong>euius</strong></span> <span class='ocrx_word' id='word_1_117' title='bbox 1064 1899 1223 1956; x_wconf 75' lang='lat' dir='ltr'><strong>authoritate</strong></span> 
     </span>
     <span class='ocr_line' id='line_1_15' title="bbox 207 1979 1222 2058; baseline 0 -17"><span class='ocrx_word' id='word_1_118' title='bbox 207 1985 294 2041; x_wconf 78' lang='lat' dir='ltr'><strong>fretus</strong></span> <span class='ocrx_word' id='word_1_119' title='bbox 318 1985 415 2039; x_wconf 78' lang='lat' dir='ltr'><strong>Petrus</strong></span> <span class='ocrx_word' id='word_1_120' title='bbox 437 1982 580 2038; x_wconf 77' lang='lat' dir='ltr'><strong>Damianos</strong></span> <span class='ocrx_word' id='word_1_121' title='bbox 596 1981 644 2054; x_wconf 85' lang='lat' dir='ltr'><strong>Ep.</strong></span> <span class='ocrx_word' id='word_1_122' title='bbox 663 1984 680 2038; x_wconf 83' lang='lat'>4</span> <span class='ocrx_word' id='word_1_123' title='bbox 703 1980 736 2036; x_wconf 87' lang='lat' dir='ltr'><strong>ad</strong></span> <span class='ocrx_word' id='word_1_124' title='bbox 750 1979 836 2036; x_wconf 87' lang='lat' dir='ltr'><strong>lliool.</strong></span> <span class='ocrx_word' id='word_1_125' title='bbox 852 1981 1011 2038; x_wconf 77' lang='lat' dir='ltr'><strong>Pontificem</strong></span> <span class='ocrx_word' id='word_1_126' title='bbox 1034 1983 1152 2041; x_wconf 88' lang='lat' dir='ltr'><strong>eandem</strong></span> <span class='ocrx_word' id='word_1_127' title='bbox 1166 1984 1222 2058; x_wconf 85' lang='lat' dir='ltr'><strong>plo·</strong></span> 
     </span>
     <span class='ocr_line' id='line_1_16' title="bbox 207 2065 1220 2141; baseline 0.001 -16"><span class='ocrx_word' id='word_1_128' title='bbox 207 2068 283 2125; x_wconf 78' lang='lat' dir='ltr'><strong>ribus</strong></span> <span class='ocrx_word' id='word_1_129' title='bbox 300 2068 418 2140; x_wconf 73' lang='lat' dir='ltr'><strong>exponit.</strong></span> <span class='ocrx_word' id='word_1_130' title='bbox 449 2066 527 2134; x_wconf 78' lang='lat' dir='ltr'><strong>Quod</strong></span> <span class='ocrx_word' id='word_1_131' title='bbox 542 2083 576 2121; x_wconf 85' lang='lat' dir='ltr'><strong>ne</strong></span> <span class='ocrx_word' id='word_1_132' title='bbox 592 2066 783 2122; x_wconf 78' lang='lat' dir='ltr'><strong>refutationem</strong></span> <span class='ocrx_word' id='word_1_133' title='bbox 798 2065 906 2141; x_wconf 85' lang='lat' dir='ltr'><strong>quidem</strong></span> <span class='ocrx_word' id='word_1_134' title='bbox 922 2075 1056 2123; x_wconf 87' lang='lat' dir='ltr'><strong>meretur.</strong></span> <span class='ocrx_word' id='word_1_135' title='bbox 1086 2068 1220 2126; x_wconf 61' lang='lat' dir='ltr'><strong>Ahulw</strong></span> 
     </span>
     <span class='ocr_line' id='line_1_17' title="bbox 206 2150 1219 2227; baseline 0.002 -20"><span class='ocrx_word' id='word_1_136' title='bbox 206 2152 375 2208; x_wconf 82' lang='lat' dir='ltr'><strong>sacerdotem</strong></span> <span class='ocrx_word' id='word_1_137' title='bbox 399 2151 481 2206; x_wconf 89' lang='lat' dir='ltr'><strong>luisse</strong></span> <span class='ocrx_word' id='word_1_138' title='bbox 504 2159 585 2223; x_wconf 89' lang='lat' dir='ltr'><strong>negat</strong></span> <span class='ocrx_word' id='word_1_139' title='bbox 607 2151 727 2214; x_wconf 87' lang='lat' dir='ltr'><strong>omnino,</strong></span> <span class='ocrx_word' id='word_1_140' title='bbox 750 2150 799 2208; x_wconf 86' lang='lat' dir='ltr'><strong>sed</strong></span> <span class='ocrx_word' id='word_1_141' title='bbox 814 2150 947 2207; x_wconf 86' lang='lat' dir='ltr'><strong>levissima</strong></span> <span class='ocrx_word' id='word_1_142' title='bbox 962 2151 1134 2219; x_wconf 79' lang='lat' dir='ltr'><strong>coniectura,</strong></span> <span class='ocrx_word' id='word_1_143' title='bbox 1156 2152 1219 2227; x_wconf 86' lang='lat' dir='ltr'><strong>qnod</strong></span> 
     </span>
     <span class='ocr_line' id='line_1_18' title="bbox 207 2234 1217 2296; baseline 0.002 -4"><span class='ocrx_word' id='word_1_144' title='bbox 207 2235 378 2292; x_wconf 81' lang='lat' dir='ltr'><strong>Galanilitidis</strong></span> <span class='ocrx_word' id='word_1_145' title='bbox 400 2234 485 2290; x_wconf 87' lang='lat' dir='ltr'><strong>incola</strong></span> <span class='ocrx_word' id='word_1_146' title='bbox 509 2235 673 2291; x_wconf 87' lang='lat' dir='ltr'><strong>nominetur.</strong></span> <span class='ocrx_word' id='word_1_147' title='bbox 703 2237 759 2293; x_wconf 83' lang='lat' dir='ltr'><strong>lnro</strong></span> <span class='ocrx_word' id='word_1_148' title='bbox 781 2253 845 2292; x_wconf 82' lang='lat' dir='ltr'><strong>vero</strong></span> <span class='ocrx_word' id='word_1_149' title='bbox 867 2235 961 2293; x_wconf 83' lang='lat' dir='ltr'><strong>saltem</strong></span> <span class='ocrx_word' id='word_1_150' title='bbox 976 2252 1010 2292; x_wconf 82' lang='lat' dir='ltr'><strong>ex</strong></span> <span class='ocrx_word' id='word_1_151' title='bbox 1026 2254 1061 2294; x_wconf 95' lang='lat' dir='ltr'><strong>eo</strong></span> <span class='ocrx_word' id='word_1_152' title='bbox 1078 2240 1217 2296; x_wconf 83' lang='lat' dir='ltr'><strong>contrariae</strong></span> 
     </span>
     <span class='ocr_line' id='line_1_19' title="bbox 206 2318 1216 2394; baseline 0.001 -18"><span class='ocrx_word' id='word_1_153' title='bbox 206 2319 350 2393; x_wconf 82' lang='lat' dir='ltr'><strong>suspitioni</strong></span> <span class='ocrx_word' id='word_1_154' title='bbox 373 2318 459 2382; x_wconf 89' lang='lat' dir='ltr'><strong>loeus,</strong></span> <span class='ocrx_word' id='word_1_155' title='bbox 484 2320 610 2392; x_wconf 90' lang='lat' dir='ltr'><strong>quoniam</strong></span> <span class='ocrx_word' id='word_1_156' title='bbox 634 2333 780 2380; x_wconf 70' lang='lat' dir='ltr'><strong>oweno</strong></span> <span class='ocrx_word' id='word_1_157' title='bbox 803 2337 839 2377; x_wconf 78' lang='lat' dir='ltr'><strong>eo</strong></span> <span class='ocrx_word' id='word_1_158' title='bbox 856 2322 1004 2394; x_wconf 70' lang='lat' dir='ltr'><strong>inquilinis</strong></span> <span class='ocrx_word' id='word_1_159' title='bbox 1028 2322 1096 2386; x_wconf 81' lang='lat' dir='ltr'><strong>luit:</strong></span> <span class='ocrx_word' id='word_1_160' title='bbox 1121 2325 1170 2380; x_wconf 89' lang='lat' dir='ltr'><strong>hoe</strong></span> <span class='ocrx_word' id='word_1_161' title='bbox 1181 2332 1216 2379; x_wconf 83' lang='lat' dir='ltr'><strong>ert</strong></span> 
     </span>
     <span class='ocr_line' id='line_1_20' title="bbox 113 2404 1212 2483; baseline 0.004 -22"><span class='ocrx_word' id='word_1_162' title='bbox 113 2464 116 2469; x_wconf 74' lang='grc'>,</span> <span class='ocrx_word' id='word_1_163' title='bbox 156 2472 160 2483; x_wconf 32' lang='lat'><strong>⁴</strong></span> <span class='ocrx_word' id='word_1_164' title='bbox 207 2422 262 2462; x_wconf 89' lang='lat' dir='ltr'><strong>non</strong></span> <span class='ocrx_word' id='word_1_165' title='bbox 285 2405 419 2478; x_wconf 74' lang='lat' dir='ltr'><strong>indigena,</strong></span> <span class='ocrx_word' id='word_1_166' title='bbox 443 2420 533 2479; x_wconf 86' lang='lat' dir='ltr'><strong>neque</strong></span> <span class='ocrx_word' id='word_1_167' title='bbox 555 2422 587 2460; x_wconf 85' lang='lat' dir='ltr'><strong>ex</strong></span> <span class='ocrx_word' id='word_1_168' title='bbox 609 2404 653 2461; x_wconf 85' lang='lat' dir='ltr'><strong>illa</strong></span> <span class='ocrx_word' id='word_1_169' title='bbox 669 2405 761 2470; x_wconf 89' lang='lat' dir='ltr'><strong>Trihu,</strong></span> <span class='ocrx_word' id='word_1_170' title='bbox 784 2405 833 2461; x_wconf 90' lang='lat' dir='ltr'><strong>sed</strong></span> <span class='ocrx_word' id='word_1_171' title='bbox 855 2408 1015 2479; x_wconf 87' lang='lat' dir='ltr'><strong>peregrinos</strong></span> <span class='ocrx_word' id='word_1_172' title='bbox 1039 2417 1069 2464; x_wconf 88' lang='lat' dir='ltr'><strong>et</strong></span> <span class='ocrx_word' id='word_1_173' title='bbox 1092 2410 1119 2465; x_wconf 91' lang='lat' dir='ltr'><strong>in</strong></span> <span class='ocrx_word' id='word_1_174' title='bbox 1141 2409 1212 2465; x_wconf 73' lang='lat' dir='ltr'><strong>iton</strong></span> 
     </span>
     <span class='ocr_line' id='line_1_21' title="bbox 173 2488 1212 2565; baseline 0.002 -19.901"><span class='ocrx_word' id='word_1_175' title='bbox 173 2548 177 2553; x_wconf 77' lang='grc'><strong>,</strong></span> <span class='ocrx_word' id='word_1_176' title='bbox 201 2490 266 2546; x_wconf 78' lang='lat' dir='ltr'><strong>solo</strong></span> <span class='ocrx_word' id='word_1_177' title='bbox 294 2492 406 2563; x_wconf 86' lang='lat' dir='ltr'><strong>degens.</strong></span> <span class='ocrx_word' id='word_1_178' title='bbox 451 2488 549 2545; x_wconf 86' lang='lat' dir='ltr'><strong>Verum</strong></span> <span class='ocrx_word' id='word_1_179' title='bbox 577 2490 604 2545; x_wconf 92' lang='lat' dir='ltr'><strong>in</strong></span> <span class='ocrx_word' id='word_1_180' title='bbox 633 2508 662 2546; x_wconf 85' lang='lat' dir='ltr'><strong>re</strong></span> <span class='ocrx_word' id='word_1_181' title='bbox 689 2490 769 2546; x_wconf 87' lang='lat' dir='ltr'><strong>dubia</strong></span> <span class='ocrx_word' id='word_1_182' title='bbox 791 2491 920 2563; x_wconf 90' lang='lat' dir='ltr'><strong>utrinque</strong></span> <span class='ocrx_word' id='word_1_183' title='bbox 941 2491 1017 2565; x_wconf 85' lang='lat' dir='ltr'><strong>larga</strong></span> <span class='ocrx_word' id='word_1_184' title='bbox 1039 2492 1171 2550; x_wconf 85' lang='lat' dir='ltr'><strong>divinandi</strong></span> <span class='ocrx_word' id='word_1_185' title='bbox 1188 2507 1212 2547; x_wconf 86' lang='lat' dir='ltr'><strong>ao</strong></span> 
     </span>
     <span class='ocr_line' id='line_1_22' title="bbox 206 2573 1210 2653; baseline 0.005 -22"><span class='ocrx_word' id='word_1_186' title='bbox 206 2574 358 2631; x_wconf 84' lang='lat' dir='ltr'><strong>somniandi</strong></span> <span class='ocrx_word' id='word_1_187' title='bbox 380 2573 456 2646; x_wconf 84' lang='lat' dir='ltr'><strong>eopia</strong></span> <span class='ocrx_word' id='word_1_188' title='bbox 478 2582 530 2630; x_wconf 88' lang='lat' dir='ltr'><strong>est.</strong></span> <span class='ocrx_word' id='word_1_189' title='bbox 560 2573 615 2630; x_wconf 90' lang='lat' dir='ltr'><strong>Nos</strong></span> <span class='ocrx_word' id='word_1_190' title='bbox 638 2576 718 2631; x_wconf 87' lang='lat' dir='ltr'><strong>otiosi</strong></span> <span class='ocrx_word' id='word_1_191' title='bbox 741 2592 797 2632; x_wconf 91' lang='lat' dir='ltr'><strong>non</strong></span> <span class='ocrx_word' id='word_1_192' title='bbox 819 2592 922 2631; x_wconf 91' lang='lat' dir='ltr'><strong>sumus.</strong></span> <span class='ocrx_word' id='word_1_193' title='bbox 954 2575 1032 2645; x_wconf 86' lang='lat' dir='ltr'><strong>Quod</strong></span> <span class='ocrx_word' id='word_1_194' title='bbox 1048 2578 1084 2635; x_wconf 91' lang='lat' dir='ltr'><strong>ad</strong></span> <span class='ocrx_word' id='word_1_195' title='bbox 1100 2579 1210 2653; x_wconf 78' lang='lat' dir='ltr'><strong>oppium</strong></span> 
     </span>
     <span class='ocr_line' id='line_1_23' title="bbox 205 2657 1209 2738; baseline 0.005 -24"><span class='ocrx_word' id='word_1_196' title='bbox 205 2677 270 2716; x_wconf 88' lang='lat' dir='ltr'><strong>vero</strong></span> <span class='ocrx_word' id='word_1_197' title='bbox 294 2657 386 2714; x_wconf 87' lang='lat' dir='ltr'><strong>Thisbi</strong></span> <span class='ocrx_word' id='word_1_198' title='bbox 408 2658 541 2730; x_wconf 82' lang='lat' dir='ltr'><strong>pertinet,</strong></span> <span class='ocrx_word' id='word_1_199' title='bbox 571 2660 604 2715; x_wconf 91' lang='lat' dir='ltr'><strong>de</strong></span> <span class='ocrx_word' id='word_1_200' title='bbox 627 2661 685 2716; x_wconf 90' lang='lat' dir='ltr'><strong>eius</strong></span> <span class='ocrx_word' id='word_1_201' title='bbox 707 2661 761 2716; x_wconf 84' lang='lat' dir='ltr'><strong>situ</strong></span> <span class='ocrx_word' id='word_1_202' title='bbox 784 2677 864 2716; x_wconf 88' lang='lat' dir='ltr'><strong>nemo</strong></span> <span class='ocrx_word' id='word_1_203' title='bbox 886 2662 954 2717; x_wconf 85' lang='lat' dir='ltr'><strong>certi</strong></span> <span class='ocrx_word' id='word_1_204' title='bbox 975 2661 1079 2734; x_wconf 74' lang='lat' dir='ltr'><strong>aliquid</strong></span> <span class='ocrx_word' id='word_1_205' title='bbox 1102 2661 1209 2738; x_wconf 72' lang='lat' dir='ltr'><strong>prodet</strong></span> 
     </span>
     <span class='ocr_line' id='line_1_24' title="bbox 206 2741 1209 2820; baseline 0.006 -20"><span class='ocrx_word' id='word_1_206' title='bbox 206 2746 259 2800; x_wconf 88' lang='lat' dir='ltr'><strong>nisi</strong></span> <span class='ocrx_word' id='word_1_207' title='bbox 280 2743 354 2818; x_wconf 89' lang='lat' dir='ltr'><strong>quod</strong></span> <span class='ocrx_word' id='word_1_208' title='bbox 376 2741 475 2798; x_wconf 82' lang='lat' dir='ltr'><strong>Tobiae</strong></span> <span class='ocrx_word' id='word_1_209' title='bbox 503 2747 513 2800; x_wconf 93' lang='grc'><strong>1</strong></span> <span class='ocrx_word' id='word_1_210' title='bbox 541 2761 571 2800; x_wconf 85' lang='lat' dir='ltr'><strong>er</strong></span> <span class='ocrx_word' id='word_1_211' title='bbox 594 2745 660 2800; x_wconf 79' lang='lat' dir='ltr'><strong>LXX</strong></span> <span class='ocrx_word' id='word_1_212' title='bbox 682 2744 859 2803; x_wconf 88' lang='lat' dir='ltr'><strong>translatione</strong></span> <span class='ocrx_word' id='word_1_213' title='bbox 882 2745 989 2810; x_wconf 87' lang='lat' dir='ltr'><strong>Thishi,</strong></span> <span class='ocrx_word' id='word_1_214' title='bbox 1014 2763 1029 2803; x_wconf 87' lang='lat' dir='ltr'><strong>e</strong></span> <span class='ocrx_word' id='word_1_215' title='bbox 1052 2765 1112 2820; x_wconf 93' lang='lat' dir='ltr'><strong>quo</strong></span> <span class='ocrx_word' id='word_1_216' title='bbox 1133 2748 1209 2806; x_wconf 79' lang='lat' dir='ltr'><strong>oriet-</strong></span> 
     </span>
     <span class='ocr_line' id='line_1_25' title="bbox 206 2826 1208 2907; baseline 0.007 -22"><span class='ocrx_word' id='word_1_217' title='bbox 206 2831 258 2886; x_wconf 91' lang='lat' dir='ltr'><strong>dus</strong></span> <span class='ocrx_word' id='word_1_218' title='bbox 285 2828 369 2885; x_wconf 83' lang='lat' dir='ltr'><strong>luisse</strong></span> <span class='ocrx_word' id='word_1_219' title='bbox 392 2826 489 2883; x_wconf 84' lang='lat' dir='ltr'><strong>Tohias</strong></span> <span class='ocrx_word' id='word_1_220' title='bbox 516 2830 663 2893; x_wconf 88' lang='lat' dir='ltr'><strong>asseritur,</strong></span> <span class='ocrx_word' id='word_1_221' title='bbox 694 2830 720 2885; x_wconf 93' lang='lat' dir='ltr'><strong>in</strong></span> <span class='ocrx_word' id='word_1_222' title='bbox 745 2830 860 2887; x_wconf 80' lang='lat' dir='ltr'><strong>Galilaea</strong></span> <span class='ocrx_word' id='word_1_223' title='bbox 888 2831 1014 2904; x_wconf 87' lang='lat' dir='ltr'><strong>ponitur,</strong></span> <span class='ocrx_word' id='word_1_224' title='bbox 1044 2850 1131 2907; x_wconf 82' lang='lat' dir='ltr'><strong>supra</strong></span> <span class='ocrx_word' id='word_1_225' title='bbox 1148 2837 1208 2893; x_wconf 63' lang='lat' dir='ltr'><strong>haer,</strong></span> 
     </span>
     <span class='ocr_line' id='line_1_26' title="bbox 206 2912 1212 2989; baseline 0.005 -20"><span class='ocrx_word' id='word_1_226' title='bbox 206 2913 325 2988; x_wconf 89' lang='lat' dir='ltr'><strong>quaein</strong></span> <span class='ocrx_word' id='word_1_227' title='bbox 347 2912 439 2968; x_wconf 87' lang='lat' dir='ltr'><strong>Latina</strong></span> <span class='ocrx_word' id='word_1_228' title='bbox 462 2913 571 2970; x_wconf 87' lang='lat' dir='ltr'><strong>minime</strong></span> <span class='ocrx_word' id='word_1_229' title='bbox 593 2916 776 2989; x_wconf 88' lang='lat' dir='ltr'><strong>reperiuntur.</strong></span> <span class='ocrx_word' id='word_1_230' title='bbox 814 2915 867 2972; x_wconf 88' lang='lat' dir='ltr'><strong>Sed</strong></span> <span class='ocrx_word' id='word_1_231' title='bbox 891 2925 918 2972; x_wconf 89' lang='lat' dir='ltr'><strong>et</strong></span> <span class='ocrx_word' id='word_1_232' title='bbox 939 2915 1040 2972; x_wconf 86' lang='lat' dir='ltr'><strong>hlazius</strong></span> <span class='ocrx_word' id='word_1_233' title='bbox 1062 2918 1098 2973; x_wconf 96' lang='lat' dir='ltr'><strong>ad</strong></span> <span class='ocrx_word' id='word_1_234' title='bbox 1126 2917 1212 2978; x_wconf 68' lang='grc'><strong>1110-</strong></span> 
     </span>
     <span class='ocr_line' id='line_1_27' title="bbox 205 2992 1210 3076; baseline 0.003 -21"><span class='ocrx_word' id='word_1_235' title='bbox 205 3016 256 3055; x_wconf 82' lang='lat' dir='ltr'><strong>sue</strong></span> <span class='ocrx_word' id='word_1_236' title='bbox 282 2992 390 3072; x_wconf 79' lang='grc' dir='ltr'><strong><em>Θηβῆς</em></strong></span> <span class='ocrx_word' id='word_1_237' title='bbox 411 3014 460 3069; x_wconf 86' lang='lat' dir='ltr'><strong>pro</strong></span> <span class='ocrx_word' id='word_1_238' title='bbox 486 2992 606 3072; x_wconf 77' lang='grc' dir='ltr'><em>Θισβῆς</em></span> <span class='ocrx_word' id='word_1_239' title='bbox 627 2999 799 3056; x_wconf 85' lang='lat' dir='ltr'><strong>scribendum</strong></span> <span class='ocrx_word' id='word_1_240' title='bbox 822 3001 966 3056; x_wconf 77' lang='lat' dir='ltr'><strong>existimat.</strong></span> <span class='ocrx_word' id='word_1_241' title='bbox 1002 3002 1140 3076; x_wconf 83' lang='lat' dir='ltr'><strong>Iosephus</strong></span> <span class='ocrx_word' id='word_1_242' title='bbox 1161 3003 1210 3066; x_wconf 71' lang='lat' dir='ltr'><strong>ht</strong></span> 
     </span>
     <span class='ocr_line' id='line_1_28' title="bbox 205 3081 1112 3158; baseline 0.006 -19"><span class='ocrx_word' id='word_1_243' title='bbox 205 3081 378 3139; x_wconf 88' lang='lat' dir='ltr'><strong>Theshonenr</strong></span> <span class='ocrx_word' id='word_1_244' title='bbox 401 3082 579 3141; x_wconf 87' lang='lat' dir='ltr'><strong>Galaaditidos</strong></span> <span class='ocrx_word' id='word_1_245' title='bbox 602 3084 697 3140; x_wconf 86' lang='lat' dir='ltr'><strong>urbem</strong></span> <span class='ocrx_word' id='word_1_246' title='bbox 720 3084 793 3140; x_wconf 75' lang='lat' dir='ltr'><strong>hiliae</strong></span> <span class='ocrx_word' id='word_1_247' title='bbox 815 3086 927 3158; x_wconf 88' lang='lat' dir='ltr'><strong>patriam</strong></span> <span class='ocrx_word' id='word_1_248' title='bbox 949 3102 1011 3142; x_wconf 90' lang='lat' dir='ltr'><strong>esse</strong></span> <span class='ocrx_word' id='word_1_249' title='bbox 1034 3087 1112 3145; x_wconf 87' lang='lat' dir='ltr'><strong>dicit.</strong></span> 
     </span>
     <span class='ocr_line' id='line_1_29' title="bbox 291 3159 1215 3248; baseline 0.005 -26"><span class='ocrx_word' id='word_1_250' title='bbox 291 3159 425 3244; x_wconf 69' lang='grc' dir='ltr'><strong>ἀδελφὸς</strong></span> <span class='ocrx_word' id='word_1_251' title='bbox 451 3162 570 3242; x_wconf 74' lang='grc' dir='ltr'><strong>γέγονεν</strong></span> <span class='ocrx_word' id='word_1_252' title='bbox 588 3160 705 3242; x_wconf 74' lang='grc' dir='ltr'><strong><em>Ἰωδαέ]</em></strong></span> <span class='ocrx_word' id='word_1_253' title='bbox 751 3169 799 3226; x_wconf 84' lang='lat' dir='ltr'><strong>ldie</strong></span> <span class='ocrx_word' id='word_1_254' title='bbox 821 3180 865 3226; x_wconf 85' lang='lat' dir='ltr'><strong>est</strong></span> <span class='ocrx_word' id='word_1_255' title='bbox 886 3170 988 3227; x_wconf 91' lang='lat' dir='ltr'><strong>loiadas</strong></span> <span class='ocrx_word' id='word_1_256' title='bbox 1012 3170 1154 3239; x_wconf 77' lang='lat' dir='ltr'><strong>Pontifex,</strong></span> <span class='ocrx_word' id='word_1_257' title='bbox 1176 3171 1215 3248; x_wconf 87' lang='lat' dir='ltr'><strong>qui</strong></span> 
     </span>
     <span class='ocr_line' id='line_1_30' title="bbox 204 3251 1217 3320; baseline 0.004 -10"><span class='ocrx_word' id='word_1_258' title='bbox 204 3251 256 3310; x_wconf 85' lang='lat' dir='ltr'><strong>suh</strong></span> <span class='ocrx_word' id='word_1_259' title='bbox 278 3251 382 3308; x_wconf 79' lang='lat' dir='ltr'><strong>hthalia</strong></span> <span class='ocrx_word' id='word_1_260' title='bbox 406 3261 433 3308; x_wconf 87' lang='lat' dir='ltr'><strong>et</strong></span> <span class='ocrx_word' id='word_1_261' title='bbox 454 3252 514 3310; x_wconf 87' lang='lat' dir='ltr'><strong>loas</strong></span> <span class='ocrx_word' id='word_1_262' title='bbox 530 3254 687 3310; x_wconf 84' lang='lat' dir='ltr'><strong>Sacerdotio</strong></span> <span class='ocrx_word' id='word_1_263' title='bbox 710 3255 819 3310; x_wconf 85' lang='lat' dir='ltr'><strong>iunctus</strong></span> <span class='ocrx_word' id='word_1_264' title='bbox 842 3264 893 3320; x_wconf 90' lang='lat' dir='ltr'><strong>est,</strong></span> <span class='ocrx_word' id='word_1_265' title='bbox 917 3255 968 3311; x_wconf 89' lang='lat' dir='ltr'><strong>suh</strong></span> <span class='ocrx_word' id='word_1_266' title='bbox 988 3256 1042 3312; x_wconf 88' lang='lat' dir='ltr'><strong>hoe</strong></span> <span class='ocrx_word' id='word_1_267' title='bbox 1063 3275 1131 3316; x_wconf 79' lang='lat' dir='ltr'><strong>vero</strong></span> <span class='ocrx_word' id='word_1_268' title='bbox 1153 3275 1217 3315; x_wconf 89' lang='lat' dir='ltr'><strong>mor·</strong></span> 
     </span>
     <span class='ocr_line' id='line_1_31' title="bbox 206 3337 1214 3403; baseline 0.007 -10"><span class='ocrx_word' id='word_1_269' title='bbox 206 3347 286 3402; x_wconf 83' lang='lat' dir='ltr'><strong>tuus,</strong></span> <span class='ocrx_word' id='word_1_270' title='bbox 316 3354 377 3392; x_wconf 86' lang='lat' dir='ltr'><strong>oum</strong></span> <span class='ocrx_word' id='word_1_271' title='bbox 399 3337 507 3394; x_wconf 79' lang='lat' dir='ltr'><strong>vixisset</strong></span> <span class='ocrx_word' id='word_1_272' title='bbox 529 3356 614 3395; x_wconf 90' lang='lat' dir='ltr'><strong>annos</strong></span> <span class='ocrx_word' id='word_1_273' title='bbox 641 3343 709 3397; x_wconf 83' lang='lat'>130.</span> <span class='ocrx_word' id='word_1_274' title='bbox 754 3340 907 3397; x_wconf 86' lang='lat' dir='ltr'><strong>Torniellus</strong></span> <span class='ocrx_word' id='word_1_275' title='bbox 929 3357 1000 3397; x_wconf 87' lang='lat' dir='ltr'><strong>auno</strong></span> <span class='ocrx_word' id='word_1_276' title='bbox 1023 3344 1121 3400; x_wconf 87' lang='lat' dir='ltr'><strong>mundi</strong></span> <span class='ocrx_word' id='word_1_277' title='bbox 1145 3345 1214 3403; x_wconf 82' lang='lat' dir='ltr'><strong>etet</strong></span> 
     </span>
     <span class='ocr_line' id='line_1_32' title="bbox 205 3422 1217 3503; baseline 0.002 -23"><span class='ocrx_word' id='word_1_278' title='bbox 205 3432 321 3480; x_wconf 87' lang='lat' dir='ltr'><strong>mortem</strong></span> <span class='ocrx_word' id='word_1_279' title='bbox 349 3422 435 3486; x_wconf 83' lang='lat' dir='ltr'><strong>illius,</strong></span> <span class='ocrx_word' id='word_1_280' title='bbox 464 3422 524 3479; x_wconf 87' lang='lat' dir='ltr'><strong>loas</strong></span> <span class='ocrx_word' id='word_1_281' title='bbox 554 3424 689 3480; x_wconf 87' lang='lat' dir='ltr'><strong>tricesimo</strong></span> <span class='ocrx_word' id='word_1_282' title='bbox 713 3426 809 3500; x_wconf 89' lang='lat' dir='ltr'><strong>quinto</strong></span> <span class='ocrx_word' id='word_1_283' title='bbox 832 3427 903 3489; x_wconf 88' lang='lat' dir='ltr'><strong>lere,</strong></span> <span class='ocrx_word' id='word_1_284' title='bbox 932 3426 1086 3498; x_wconf 83' lang='lat' dir='ltr'><strong>consignat.</strong></span> <span class='ocrx_word' id='word_1_285' title='bbox 1133 3429 1217 3503; x_wconf 87' lang='lat' dir='ltr'><strong>Coepit</strong></span> 
     </span>
     <span class='ocr_line' id='line_1_33' title="bbox 204 3507 1216 3586; baseline 0.004 -21"><span class='ocrx_word' id='word_1_286' title='bbox 204 3518 296 3566; x_wconf 86' lang='lat' dir='ltr'><strong>autem</strong></span> <span class='ocrx_word' id='word_1_287' title='bbox 317 3508 386 3573; x_wconf 86' lang='lat' dir='ltr'><strong>loos,</strong></span> <span class='ocrx_word' id='word_1_288' title='bbox 409 3524 442 3564; x_wconf 81' lang='lat' dir='ltr'><strong>ex</strong></span> <span class='ocrx_word' id='word_1_289' title='bbox 456 3507 638 3582; x_wconf 69' lang='lat' dir='ltr'><strong>chronologia</strong></span> <span class='ocrx_word' id='word_1_290' title='bbox 660 3519 762 3574; x_wconf 83' lang='lat' dir='ltr'><strong>nostro,</strong></span> <span class='ocrx_word' id='word_1_291' title='bbox 786 3510 847 3566; x_wconf 83' lang='lat' dir='ltr'><strong>Per.</strong></span> <span class='ocrx_word' id='word_1_292' title='bbox 863 3509 912 3567; x_wconf 88' lang='lat' dir='ltr'><strong>lul.</strong></span> <span class='ocrx_word' id='word_1_293' title='bbox 931 3512 1029 3578; x_wconf 81' lang='lat'><strong>3836;</strong></span> <span class='ocrx_word' id='word_1_294' title='bbox 1053 3515 1170 3586; x_wconf 83' lang='lat' dir='ltr'><strong>proinde</strong></span> <span class='ocrx_word' id='word_1_295' title='bbox 1184 3515 1216 3572; x_wconf 78' lang='lat' dir='ltr'><strong>at</strong></span> 
     </span>
     <span class='ocr_line' id='line_1_34' title="bbox 204 3593 1216 3668; baseline 0.007 -17"><span class='ocrx_word' id='word_1_296' title='bbox 204 3594 327 3651; x_wconf 80' lang='lat' dir='ltr'><strong>eiusdem</strong></span> <span class='ocrx_word' id='word_1_297' title='bbox 349 3594 475 3651; x_wconf 82' lang='lat' dir='ltr'><strong>contenit</strong></span> <span class='ocrx_word' id='word_1_298' title='bbox 495 3593 522 3650; x_wconf 92' lang='lat' dir='ltr'><strong>in</strong></span> <span class='ocrx_word' id='word_1_299' title='bbox 544 3597 576 3649; x_wconf 79' lang='grc' dir='ltr'><strong>Α.</strong></span> <span class='ocrx_word' id='word_1_300' title='bbox 598 3594 659 3651; x_wconf 86' lang='lat' dir='ltr'><strong>Per.</strong></span> <span class='ocrx_word' id='word_1_301' title='bbox 676 3594 725 3650; x_wconf 91' lang='lat' dir='ltr'><strong>lul.</strong></span> <span class='ocrx_word' id='word_1_302' title='bbox 744 3597 835 3659; x_wconf 87' lang='grc'>3870,</span> <span class='ocrx_word' id='word_1_303' title='bbox 859 3612 874 3651; x_wconf 90' lang='lat' dir='ltr'><strong>e</strong></span> <span class='ocrx_word' id='word_1_304' title='bbox 896 3594 995 3668; x_wconf 85' lang='lat' dir='ltr'><strong>quihus</strong></span> <span class='ocrx_word' id='word_1_305' title='bbox 1017 3595 1150 3657; x_wconf 84' lang='lat' dir='ltr'><strong>detractis</strong></span> <span class='ocrx_word' id='word_1_306' title='bbox 1168 3600 1216 3658; x_wconf 77' lang='lat'><strong>13⁰</strong></span> 
     </span>
     <span class='ocr_line' id='line_1_35' title="bbox 204 3679 1217 3760; baseline 0.006 -24"><span class='ocrx_word' id='word_1_307' title='bbox 204 3679 302 3753; x_wconf 83' lang='lat' dir='ltr'><strong>reliqui</strong></span> <span class='ocrx_word' id='word_1_308' title='bbox 324 3688 389 3736; x_wconf 85' lang='lat' dir='ltr'><strong>sunt</strong></span> <span class='ocrx_word' id='word_1_309' title='bbox 406 3681 497 3738; x_wconf 80' lang='lat' dir='ltr'><strong>etto.</strong></span> <span class='ocrx_word' id='word_1_310' title='bbox 527 3679 620 3752; x_wconf 87' lang='lat' dir='ltr'><strong>ltaque</strong></span> <span class='ocrx_word' id='word_1_311' title='bbox 642 3696 712 3736; x_wconf 89' lang='lat' dir='ltr'><strong>anno</strong></span> <span class='ocrx_word' id='word_1_312' title='bbox 729 3680 790 3736; x_wconf 87' lang='lat' dir='ltr'><strong>Per.</strong></span> <span class='ocrx_word' id='word_1_313' title='bbox 806 3680 856 3736; x_wconf 90' lang='lat' dir='ltr'><strong>lul.</strong></span> <span class='ocrx_word' id='word_1_314' title='bbox 874 3683 952 3739; x_wconf 81' lang='lat' dir='ltr'><strong>etot</strong></span> <span class='ocrx_word' id='word_1_315' title='bbox 979 3692 1091 3753; x_wconf 90' lang='lat' dir='ltr'><strong>praeter</strong></span> <span class='ocrx_word' id='word_1_316' title='bbox 1112 3693 1217 3760; x_wconf 80' lang='lat' dir='ltr'><strong>propter</strong></span> 
     </span>
     <span class='ocr_line' id='line_1_36' title="bbox 204 3763 1216 3844; baseline 0.004 -22"><span class='ocrx_word' id='word_1_317' title='bbox 204 3774 285 3822; x_wconf 88' lang='lat' dir='ltr'><strong>natus</strong></span> <span class='ocrx_word' id='word_1_318' title='bbox 307 3772 349 3820; x_wconf 90' lang='lat' dir='ltr'><strong>est</strong></span> <span class='ocrx_word' id='word_1_319' title='bbox 371 3763 482 3830; x_wconf 86' lang='lat' dir='ltr'><strong>loiadas,</strong></span> <span class='ocrx_word' id='word_1_320' title='bbox 505 3764 636 3821; x_wconf 84' lang='lat' dir='ltr'><strong>hohoami</strong></span> <span class='ocrx_word' id='word_1_321' title='bbox 653 3767 680 3829; x_wconf 83' lang='lat'><strong>2,</strong></span> <span class='ocrx_word' id='word_1_322' title='bbox 705 3765 781 3821; x_wconf 87' lang='lat' dir='ltr'><strong>annis</strong></span> <span class='ocrx_word' id='word_1_323' title='bbox 803 3774 867 3838; x_wconf 89' lang='lat' dir='ltr'><strong>post</strong></span> <span class='ocrx_word' id='word_1_324' title='bbox 881 3765 985 3839; x_wconf 81' lang='lat' dir='ltr'><strong>Templi</strong></span> <span class='ocrx_word' id='word_1_325' title='bbox 1006 3768 1150 3826; x_wconf 87' lang='lat' dir='ltr'><strong>eonditum</strong></span> <span class='ocrx_word' id='word_1_326' title='bbox 1163 3769 1216 3844; x_wconf 75' lang='lat' dir='ltr'><strong>ples</strong></span> 
     </span>
     <span class='ocr_line' id='line_1_37' title="bbox 204 3849 1215 3920; baseline 0.008 -13"><span class='ocrx_word' id='word_1_327' title='bbox 204 3850 294 3907; x_wconf 89' lang='lat' dir='ltr'><strong>minus</strong></span> <span class='ocrx_word' id='word_1_328' title='bbox 318 3853 367 3907; x_wconf 88' lang='grc'><strong>31.</strong></span> <span class='ocrx_word' id='word_1_329' title='bbox 398 3849 475 3920; x_wconf 82' lang='lat' dir='ltr'><strong>Quod</strong></span> <span class='ocrx_word' id='word_1_330' title='bbox 496 3850 520 3906; x_wconf 95' lang='lat' dir='ltr'><strong>si</strong></span> <span class='ocrx_word' id='word_1_331' title='bbox 542 3849 645 3906; x_wconf 85' lang='lat' dir='ltr'><strong>loiadae</strong></span> <span class='ocrx_word' id='word_1_332' title='bbox 669 3851 752 3907; x_wconf 81' lang='lat' dir='ltr'><strong>irater</strong></span> <span class='ocrx_word' id='word_1_333' title='bbox 774 3849 843 3906; x_wconf 86' lang='lat' dir='ltr'><strong>Elias</strong></span> <span class='ocrx_word' id='word_1_334' title='bbox 865 3850 915 3907; x_wconf 84' lang='lat' dir='ltr'><strong>tuit</strong></span> <span class='ocrx_word' id='word_1_335' title='bbox 937 3860 964 3907; x_wconf 91' lang='lat' dir='ltr'><strong>et</strong></span> <span class='ocrx_word' id='word_1_336' title='bbox 978 3850 1124 3911; x_wconf 80' lang='lat' dir='ltr'><strong>Achimaar</strong></span> <span class='ocrx_word' id='word_1_337' title='bbox 1143 3853 1215 3916; x_wconf 71' lang='lat' dir='ltr'><strong>tore</strong></span> 
     </span>
     <span class='ocr_line' id='line_1_38' title="bbox 203 3934 1213 4013; baseline 0 -19"><span class='ocrx_word' id='word_1_338' title='bbox 203 3952 376 4009; x_wconf 78' lang='lat' dir='ltr'><strong>consequens</strong></span> <span class='ocrx_word' id='word_1_339' title='bbox 399 3944 441 3992; x_wconf 89' lang='lat' dir='ltr'><strong>est</strong></span> <span class='ocrx_word' id='word_1_340' title='bbox 460 3935 581 3991; x_wconf 79' lang='lat' dir='ltr'><strong>Ananiam</strong></span> <span class='ocrx_word' id='word_1_341' title='bbox 605 3935 719 3992; x_wconf 88' lang='lat' dir='ltr'><strong>eundem</strong></span> <span class='ocrx_word' id='word_1_342' title='bbox 742 3952 802 3992; x_wconf 90' lang='lat' dir='ltr'><strong>esse</strong></span> <span class='ocrx_word' id='word_1_343' title='bbox 825 3952 886 3991; x_wconf 89' lang='lat' dir='ltr'><strong>eum</strong></span> <span class='ocrx_word' id='word_1_344' title='bbox 909 3934 1006 3992; x_wconf 87' lang='lat' dir='ltr'><strong>loiada.</strong></span> <span class='ocrx_word' id='word_1_345' title='bbox 1048 3938 1157 4013; x_wconf 78' lang='lat' dir='ltr'><strong>Quippe</strong></span> <span class='ocrx_word' id='word_1_346' title='bbox 1177 3938 1213 3996; x_wconf 87' lang='lat' dir='ltr'><strong>tt</strong></span> 
     </span>
     <span class='ocr_line' id='line_1_39' title="bbox 205 4019 1215 4095; baseline 0.005 -17"><span class='ocrx_word' id='word_1_347' title='bbox 205 4021 266 4079; x_wconf 86' lang='lat' dir='ltr'><strong>Par.</strong></span> <span class='ocrx_word' id='word_1_348' title='bbox 289 4038 313 4080; x_wconf 87' lang='lat' dir='ltr'><strong>e.</strong></span> <span class='ocrx_word' id='word_1_349' title='bbox 332 4022 349 4081; x_wconf 84' lang='grc'><strong>6</strong></span> <span class='ocrx_word' id='word_1_350' title='bbox 372 4020 491 4079; x_wconf 86' lang='lat' dir='ltr'><strong>aSadoh</strong></span> <span class='ocrx_word' id='word_1_351' title='bbox 514 4036 601 4095; x_wconf 90' lang='lat' dir='ltr'><strong>usqne</strong></span> <span class='ocrx_word' id='word_1_352' title='bbox 622 4020 655 4076; x_wconf 91' lang='lat' dir='ltr'><strong>ad</strong></span> <span class='ocrx_word' id='word_1_353' title='bbox 671 4020 773 4094; x_wconf 84' lang='lat' dir='ltr'><strong>Templi</strong></span> <span class='ocrx_word' id='word_1_354' title='bbox 796 4019 927 4077; x_wconf 82' lang='lat' dir='ltr'><strong>excidium</strong></span> <span class='ocrx_word' id='word_1_355' title='bbox 943 4020 1124 4081; x_wconf 85' lang='lat' dir='ltr'><strong>Sacerdotum</strong></span> <span class='ocrx_word' id='word_1_356' title='bbox 1138 4025 1215 4082; x_wconf 75' lang='lat' dir='ltr'><strong>serie</strong></span> 
     </span>
    </p>
   </div>
   <div class='ocr_carea' id='block_1_3' title="bbox 0 0 1298 4822">
    <p class='ocr_par' dir='ltr' id='par_1_3' title="bbox 0 0 1298 4822">
     <span class='ocr_line' id='line_1_40' title="bbox 0 0 1298 4822; baseline 0 2"><span class='ocrx_word' id='word_1_357' title='bbox 0 0 1298 4822; x_wconf 95' lang='lat' dir='ltr'><strong> </strong></span> 
     </span>
    </p>
   </div>
  </div>
 </body>
</html>
