<?xml version="1.0" encoding="UTF-8"?>
<!DOCTYPE html PUBLIC "-//W3C//DTD XHTML 1.0 Transitional//EN"
    "http://www.w3.org/TR/xhtml1/DTD/xhtml1-transitional.dtd">
<html xmlns="http://www.w3.org/1999/xhtml" xml:lang="en" lang="en">
 <head>
  <title>
</title>
<meta http-equiv="Content-Type" content="text/html;charset=utf-8" />
  <meta name='ocr-system' content='tesseract 3.04.00' />
  <meta name='ocr-capabilities' content='ocr_page ocr_carea ocr_par ocr_line ocrx_word'/>
</head>
<body>
  <div class='ocr_page' id='page_1' title='image "./opera02dindgoog_0204.png"; bbox 0 0 2586 4822; ppageno 0'>
   <div class='ocr_carea' id='block_1_1' title="bbox 15 830 1079 1069">
    <p class='ocr_par' dir='ltr' id='par_1_1' title="bbox 15 830 1079 1069">
     <span class='ocr_line' id='line_1_1' title="bbox 432 830 1079 897; baseline 0.006 -10"><span class='ocrx_word' id='word_1_1' title='bbox 432 838 542 889; x_wconf 78' lang='lat' dir='ltr'>sensio</span> <span class='ocrx_word' id='word_1_2' title='bbox 562 838 704 897; x_wconf 80' lang='lat' dir='ltr'>ruriam.</span> <span class='ocrx_word' id='word_1_3' title='bbox 1021 830 1079 891; x_wconf 82' lang='lat'>175</span> 
     </span>
     <span class='ocr_line' id='line_1_2' title="bbox 15 992 1078 1069; baseline 0.005 -19"><span class='ocrx_word' id='word_1_4' title='bbox 15 1000 158 1051; x_wconf 75' lang='lat' dir='ltr'>teronem</span> <span class='ocrx_word' id='word_1_5' title='bbox 180 1002 278 1068; x_wconf 85' lang='lat' dir='ltr'>putant</span> <span class='ocrx_word' id='word_1_6' title='bbox 300 993 363 1052; x_wconf 92' lang='lat' dir='ltr'>oleo</span> <span class='ocrx_word' id='word_1_7' title='bbox 385 996 508 1069; x_wconf 67' lang='lat' dir='ltr'>spano&#39;l)</span> <span class='ocrx_word' id='word_1_8' title='bbox 532 992 649 1065; x_wconf 76' lang='lat' dir='ltr'>viridi&#39;),</span> <span class='ocrx_word' id='word_1_9' title='bbox 672 992 713 1050; x_wconf 86' lang='lat' dir='ltr'>vel</span> <span class='ocrx_word' id='word_1_10' title='bbox 735 992 886 1051; x_wconf 90' lang='lat' dir='ltr'>liberirtino</span> <span class='ocrx_word' id='word_1_11' title='bbox 894 996 927 1066; x_wconf 86' lang='lat'>⁰),</span> <span class='ocrx_word' id='word_1_12' title='bbox 950 997 992 1053; x_wconf 88' lang='lat' dir='ltr'>alii</span> <span class='ocrx_word' id='word_1_13' title='bbox 1015 1016 1078 1056; x_wconf 81' lang='lat' dir='ltr'>vcro</span> 
     </span>
    </p>
   </div>
   <div class='ocr_carea' id='block_1_2' title="bbox 53 1161 1082 2369">
    <p class='ocr_par' dir='ltr' id='par_1_2' title="bbox 53 1161 1082 2113">
     <span class='ocr_line' id='line_1_3' title="bbox 142 1161 1081 1224; baseline 0.004 -15"><span class='ocrx_word' id='word_1_14' title='bbox 142 1162 179 1219; x_wconf 89' lang='lat' dir='ltr'>m)</span> <span class='ocrx_word' id='word_1_15' title='bbox 198 1161 301 1211; x_wconf 83' lang='lat' dir='ltr'>Primum</span> <span class='ocrx_word' id='word_1_16' title='bbox 321 1162 462 1223; x_wconf 78' lang='lat' dir='ltr'>auspicabar</span> <span class='ocrx_word' id='word_1_17' title='bbox 480 1163 633 1224; x_wconf 69' lang='lat' dir='ltr'>interpretem</span> <span class='ocrx_word' id='word_1_18' title='bbox 649 1161 779 1223; x_wconf 68' lang='lat' dir='ltr'>ignorasse,</span> <span class='ocrx_word' id='word_1_19' title='bbox 798 1176 878 1210; x_wconf 86' lang='lat' dir='ltr'>rocem</span> <span class='ocrx_word' id='word_1_20' title='bbox 890 1162 1003 1212; x_wconf 80' lang='lat' dir='ltr'>Graecam</span> <span class='ocrx_word' id='word_1_21' title='bbox 1014 1176 1081 1213; x_wconf 76' lang='lat' dir='ltr'>orra-</span> 
     </span>
     <span class='ocr_line' id='line_1_4' title="bbox 53 1222 1082 1296; baseline 0.006 -21"><span class='ocrx_word' id='word_1_22' title='bbox 53 1222 104 1281; x_wconf 64' lang='lat' dir='ltr'>res</span> <span class='ocrx_word' id='word_1_23' title='bbox 122 1228 208 1279; x_wconf 66' lang='lat' dir='ltr'>latine</span> <span class='ocrx_word' id='word_1_24' title='bbox 225 1229 293 1279; x_wconf 90' lang='lat' dir='ltr'>reddi</span> <span class='ocrx_word' id='word_1_25' title='bbox 311 1245 387 1291; x_wconf 80' lang='lat' dir='ltr'>roras,</span> <span class='ocrx_word' id='word_1_26' title='bbox 406 1232 530 1295; x_wconf 78' lang='lat' dir='ltr'>pretiosor,</span> <span class='ocrx_word' id='word_1_27' title='bbox 552 1237 635 1292; x_wconf 85' lang='lat' dir='ltr'>postea</span> <span class='ocrx_word' id='word_1_28' title='bbox 653 1237 732 1278; x_wconf 86' lang='lat' dir='ltr'>tamen</span> <span class='ocrx_word' id='word_1_29' title='bbox 751 1232 827 1294; x_wconf 85' lang='lat' dir='ltr'>Spano</span> <span class='ocrx_word' id='word_1_30' title='bbox 846 1245 889 1293; x_wconf 94' lang='lat' dir='ltr'>pro</span> <span class='ocrx_word' id='word_1_31' title='bbox 903 1232 1005 1296; x_wconf 84' lang='lat' dir='ltr'>lliepooo</span> <span class='ocrx_word' id='word_1_32' title='bbox 1023 1235 1082 1281; x_wconf 84' lang='lat' dir='ltr'>scri-</span> 
     </span>
     <span class='ocr_line' id='line_1_5' title="bbox 54 1296 1082 1362; baseline 0.005 -17"><span class='ocrx_word' id='word_1_33' title='bbox 54 1304 124 1360; x_wconf 91' lang='lat' dir='ltr'>ptam</span> <span class='ocrx_word' id='word_1_34' title='bbox 144 1312 200 1347; x_wconf 85' lang='lat' dir='ltr'>esse</span> <span class='ocrx_word' id='word_1_35' title='bbox 218 1298 293 1347; x_wconf 83' lang='lat' dir='ltr'>sensi.</span> <span class='ocrx_word' id='word_1_36' title='bbox 329 1297 413 1360; x_wconf 81' lang='lat' dir='ltr'>Neque</span> <span class='ocrx_word' id='word_1_37' title='bbox 430 1312 484 1346; x_wconf 86' lang='lat' dir='ltr'>rero</span> <span class='ocrx_word' id='word_1_38' title='bbox 504 1296 610 1347; x_wconf 86' lang='lat' dir='ltr'>insolens</span> <span class='ocrx_word' id='word_1_39' title='bbox 630 1298 675 1346; x_wconf 86' lang='lat' dir='ltr'>lroc</span> <span class='ocrx_word' id='word_1_40' title='bbox 695 1305 738 1358; x_wconf 80' lang='lat' dir='ltr'>cst,</span> <span class='ocrx_word' id='word_1_41' title='bbox 758 1312 811 1346; x_wconf 89' lang='lat' dir='ltr'>cum</span> <span class='ocrx_word' id='word_1_42' title='bbox 828 1298 933 1347; x_wconf 86' lang='lat' dir='ltr'>Graecos</span> <span class='ocrx_word' id='word_1_43' title='bbox 952 1301 1040 1362; x_wconf 89' lang='lat' dir='ltr'>pariter</span> <span class='ocrx_word' id='word_1_44' title='bbox 1058 1308 1082 1350; x_wconf 86' lang='lat' dir='ltr'>et</span> 
     </span>
     <span class='ocr_line' id='line_1_6' title="bbox 54 1365 1082 1432; baseline 0.004 -19"><span class='ocrx_word' id='word_1_45' title='bbox 54 1365 157 1414; x_wconf 74' lang='lat' dir='ltr'>latinos</span> <span class='ocrx_word' id='word_1_46' title='bbox 177 1366 312 1430; x_wconf 78' lang='lat' dir='ltr'>Hispaniam</span> <span class='ocrx_word' id='word_1_47' title='bbox 329 1373 353 1413; x_wconf 88' lang='lat' dir='ltr'>et</span> <span class='ocrx_word' id='word_1_48' title='bbox 367 1366 493 1430; x_wconf 77' lang='lat' dir='ltr'>Hispanum</span> <span class='ocrx_word' id='word_1_49' title='bbox 511 1367 600 1414; x_wconf 80' lang='lat' dir='ltr'>dixisse</span> <span class='ocrx_word' id='word_1_50' title='bbox 615 1368 723 1429; x_wconf 84' lang='lat' dir='ltr'>Spaniam</span> <span class='ocrx_word' id='word_1_51' title='bbox 742 1374 765 1413; x_wconf 90' lang='lat' dir='ltr'>et</span> <span class='ocrx_word' id='word_1_52' title='bbox 776 1368 876 1429; x_wconf 83' lang='lat' dir='ltr'>Sporum</span> <span class='ocrx_word' id='word_1_53' title='bbox 894 1368 1013 1416; x_wconf 85' lang='lat' dir='ltr'>scrccntis</span> <span class='ocrx_word' id='word_1_54' title='bbox 1027 1384 1082 1432; x_wconf 90' lang='lat' dir='ltr'>pro-</span> 
     </span>
     <span class='ocr_line' id='line_1_7' title="bbox 55 1433 1081 1497; baseline 0.004 -16"><span class='ocrx_word' id='word_1_55' title='bbox 55 1433 108 1482; x_wconf 85' lang='lat' dir='ltr'>bari</span> <span class='ocrx_word' id='word_1_56' title='bbox 127 1434 207 1496; x_wconf 86' lang='lat' dir='ltr'>possit</span> <span class='ocrx_word' id='word_1_57' title='bbox 225 1433 355 1496; x_wconf 79' lang='lat' dir='ltr'>exemplie3</span> <span class='ocrx_word' id='word_1_58' title='bbox 381 1436 416 1482; x_wconf 87' lang='lat' dir='ltr'>sic</span> <span class='ocrx_word' id='word_1_59' title='bbox 436 1435 497 1483; x_wconf 90' lang='lat' dir='ltr'>enirn</span> <span class='ocrx_word' id='word_1_60' title='bbox 518 1434 655 1497; x_wconf 78' lang='lat' dir='ltr'>Hispaniam</span> <span class='ocrx_word' id='word_1_61' title='bbox 675 1434 778 1496; x_wconf 80' lang='lat' dir='ltr'>appellat</span> <span class='ocrx_word' id='word_1_62' title='bbox 797 1447 843 1482; x_wconf 93' lang='lat' dir='ltr'>non</span> <span class='ocrx_word' id='word_1_63' title='bbox 864 1449 911 1483; x_wconf 94' lang='lat' dir='ltr'>uno</span> <span class='ocrx_word' id='word_1_64' title='bbox 929 1435 953 1484; x_wconf 90' lang='lat' dir='ltr'>in</span> <span class='ocrx_word' id='word_1_65' title='bbox 971 1435 1025 1485; x_wconf 89' lang='lat' dir='ltr'>loco</span> <span class='ocrx_word' id='word_1_66' title='bbox 1042 1452 1081 1486; x_wconf 86' lang='lat' dir='ltr'>re-</span> 
     </span>
     <span class='ocr_line' id='line_1_8' title="bbox 57 1501 1079 1567; baseline 0.005 -17"><span class='ocrx_word' id='word_1_67' title='bbox 57 1510 98 1550; x_wconf 88' lang='lat' dir='ltr'>tus</span> <span class='ocrx_word' id='word_1_68' title='bbox 116 1501 237 1565; x_wconf 70' lang='lat' dir='ltr'>interpres</span> <span class='ocrx_word' id='word_1_69' title='bbox 255 1501 380 1562; x_wconf 76' lang='lat' dir='ltr'>luvenalis,</span> <span class='ocrx_word' id='word_1_70' title='bbox 399 1510 424 1551; x_wconf 87' lang='lat' dir='ltr'>ct</span> <span class='ocrx_word' id='word_1_71' title='bbox 440 1502 504 1565; x_wconf 88' lang='lat' dir='ltr'>apud</span> <span class='ocrx_word' id='word_1_72' title='bbox 518 1503 619 1551; x_wconf 77' lang='lat' dir='ltr'>Nonium</span> <span class='ocrx_word' id='word_1_73' title='bbox 640 1510 700 1550; x_wconf 79' lang='lat' dir='ltr'>estat</span> <span class='ocrx_word' id='word_1_74' title='bbox 725 1517 776 1567; x_wconf 90' lang='lat' dir='ltr'>cap.</span> <span class='ocrx_word' id='word_1_75' title='bbox 788 1502 831 1550; x_wconf 78' lang='lat' dir='ltr'>tt:</span> <span class='ocrx_word' id='word_1_76' title='bbox 861 1504 938 1553; x_wconf 77' lang='lat' dir='ltr'>lullus</span> <span class='ocrx_word' id='word_1_77' title='bbox 957 1506 1020 1554; x_wconf 86' lang='lat' dir='ltr'>color</span> <span class='ocrx_word' id='word_1_78' title='bbox 1038 1515 1079 1565; x_wconf 85' lang='lat' dir='ltr'>est,</span> 
     </span>
     <span class='ocr_line' id='line_1_9' title="bbox 59 1570 1081 1635; baseline 0.004 -16"><span class='ocrx_word' id='word_1_79' title='bbox 59 1585 126 1634; x_wconf 76' lang='lat' dir='ltr'>poem</span> <span class='ocrx_word' id='word_1_80' title='bbox 145 1587 204 1621; x_wconf 82' lang='lat' dir='ltr'>nunc</span> <span class='ocrx_word' id='word_1_81' title='bbox 222 1585 333 1634; x_wconf 80' lang='lat' dir='ltr'>spanum,</span> <span class='ocrx_word' id='word_1_82' title='bbox 353 1571 388 1620; x_wconf 81' lang='lat' dir='ltr'>ael</span> <span class='ocrx_word' id='word_1_83' title='bbox 407 1573 508 1621; x_wconf 86' lang='lat' dir='ltr'>rrotiortm</span> <span class='ocrx_word' id='word_1_84' title='bbox 526 1573 632 1622; x_wconf 75' lang='lat' dir='ltr'>dicimus.</span> <span class='ocrx_word' id='word_1_85' title='bbox 670 1570 751 1627; x_wconf 79' lang='lat' dir='ltr'>Quid?</span> <span class='ocrx_word' id='word_1_86' title='bbox 783 1571 833 1619; x_wconf 92' lang='lat' dir='ltr'>lloc</span> <span class='ocrx_word' id='word_1_87' title='bbox 852 1571 929 1633; x_wconf 90' lang='lat' dir='ltr'>ipsum</span> <span class='ocrx_word' id='word_1_88' title='bbox 949 1572 1081 1635; x_wconf 87' lang='lat' dir='ltr'>Hispanum</span> 
     </span>
     <span class='ocr_line' id='line_1_10' title="bbox 60 1636 1082 1703; baseline 0.005 -18"><span class='ocrx_word' id='word_1_89' title='bbox 60 1636 149 1699; x_wconf 85' lang='lat' dir='ltr'>oleam,</span> <span class='ocrx_word' id='word_1_90' title='bbox 169 1638 197 1687; x_wconf 91' lang='lat' dir='ltr'>de</span> <span class='ocrx_word' id='word_1_91' title='bbox 216 1652 264 1702; x_wconf 86' lang='lat' dir='ltr'>quo</span> <span class='ocrx_word' id='word_1_92' title='bbox 283 1638 306 1686; x_wconf 95' lang='lat' dir='ltr'>lo</span> <span class='ocrx_word' id='word_1_93' title='bbox 326 1637 349 1685; x_wconf 91' lang='lat' dir='ltr'>ui</span> <span class='ocrx_word' id='word_1_94' title='bbox 367 1638 459 1687; x_wconf 80' lang='lat' dir='ltr'>ridetur</span> <span class='ocrx_word' id='word_1_95' title='bbox 477 1639 502 1687; x_wconf 87' lang='lat' dir='ltr'>S.</span> <span class='ocrx_word' id='word_1_96' title='bbox 521 1638 676 1701; x_wconf 77' lang='lat' dir='ltr'>Epiphanius,</span> <span class='ocrx_word' id='word_1_97' title='bbox 696 1653 767 1702; x_wconf 84' lang='lat' dir='ltr'>saepe</span> <span class='ocrx_word' id='word_1_98' title='bbox 786 1647 902 1688; x_wconf 82' lang='lat' dir='ltr'>memorat</span> <span class='ocrx_word' id='word_1_99' title='bbox 921 1639 1039 1703; x_wconf 87' lang='lat' dir='ltr'>Galenus,</span> <span class='ocrx_word' id='word_1_100' title='bbox 1059 1650 1082 1690; x_wconf 89' lang='lat' dir='ltr'>et</span> 
     </span>
     <span class='ocr_line' id='line_1_11' title="bbox 63 1703 1080 1770; baseline 0.005 -17"><span class='ocrx_word' id='word_1_101' title='bbox 63 1718 157 1769; x_wconf 86' lang='lat' dir='ltr'>semper</span> <span class='ocrx_word' id='word_1_102' title='bbox 175 1703 288 1753; x_wconf 78' lang='grc' dir='ltr'><strong><em>Σπάνον</em></strong></span> <span class='ocrx_word' id='word_1_103' title='bbox 304 1719 317 1753; x_wconf 81' lang='lat' dir='ltr'>e</span> <span class='ocrx_word' id='word_1_104' title='bbox 334 1718 396 1752; x_wconf 84' lang='grc' dir='ltr'>αων</span> <span class='ocrx_word' id='word_1_105' title='bbox 419 1713 494 1755; x_wconf 82' lang='lat' dir='ltr'>rocol.</span> <span class='ocrx_word' id='word_1_106' title='bbox 532 1708 613 1770; x_wconf 84' lang='lat' dir='ltr'>ltaque</span> <span class='ocrx_word' id='word_1_107' title='bbox 639 1705 717 1754; x_wconf 92' lang='lat' dir='ltr'>oleum</span> <span class='ocrx_word' id='word_1_108' title='bbox 737 1708 867 1769; x_wconf 91' lang='lat' dir='ltr'>llispanum</span> <span class='ocrx_word' id='word_1_109' title='bbox 887 1711 910 1755; x_wconf 87' lang='lat' dir='ltr'>in</span> <span class='ocrx_word' id='word_1_110' title='bbox 929 1709 1005 1770; x_wconf 88' lang='lat' dir='ltr'>pretio</span> <span class='ocrx_word' id='word_1_111' title='bbox 1024 1710 1080 1758; x_wconf 90' lang='lat' dir='ltr'>olim</span> 
     </span>
     <span class='ocr_line' id='line_1_12' title="bbox 64 1772 1081 1838; baseline 0.005 -16"><span class='ocrx_word' id='word_1_112' title='bbox 64 1774 237 1835; x_wconf 71' lang='lat' dir='ltr'>malmetun,</span> <span class='ocrx_word' id='word_1_113' title='bbox 263 1781 287 1824; x_wconf 87' lang='lat' dir='ltr'>et</span> <span class='ocrx_word' id='word_1_114' title='bbox 304 1772 402 1823; x_wconf 88' lang='lat' dir='ltr'>landant</span> <span class='ocrx_word' id='word_1_115' title='bbox 420 1775 490 1823; x_wconf 85' lang='lat' dir='ltr'>etiarn</span> <span class='ocrx_word' id='word_1_116' title='bbox 510 1775 599 1823; x_wconf 78' lang='lat' dir='ltr'><strong>Plinius</strong></span> <span class='ocrx_word' id='word_1_117' title='bbox 618 1775 658 1824; x_wconf 81' lang='lat' dir='ltr'>tto.</span> <span class='ocrx_word' id='word_1_118' title='bbox 670 1775 705 1823; x_wconf 77' lang='lat' dir='ltr'>xv</span> <span class='ocrx_word' id='word_1_119' title='bbox 724 1775 816 1838; x_wconf 81' lang='lat' dir='ltr'>cap.2·‚</span> <span class='ocrx_word' id='word_1_120' title='bbox 844 1776 930 1824; x_wconf 82' lang='lat' dir='ltr'>Strabo</span> <span class='ocrx_word' id='word_1_121' title='bbox 949 1777 1038 1833; x_wconf 82' lang='lat' dir='ltr'>lib.lll,</span> <span class='ocrx_word' id='word_1_122' title='bbox 1059 1787 1081 1827; x_wconf 86' lang='lat' dir='ltr'>et</span> 
     </span>
     <span class='ocr_line' id='line_1_13' title="bbox 66 1840 1082 1907; baseline 0.006 -18"><span class='ocrx_word' id='word_1_123' title='bbox 66 1840 376 1902; x_wconf 77' lang='lat' dir='ltr'>ttnrittosttren.,r.150.</span> <span class='ocrx_word' id='word_1_124' title='bbox 413 1845 592 1907; x_wconf 82' lang='lat' dir='ltr'>Geopooieorom</span> <span class='ocrx_word' id='word_1_125' title='bbox 610 1842 650 1891; x_wconf 91' lang='lat' dir='ltr'>lib.</span> <span class='ocrx_word' id='word_1_126' title='bbox 662 1842 690 1891; x_wconf 67' lang='lat' dir='ltr'>ld</span> <span class='ocrx_word' id='word_1_127' title='bbox 709 1858 729 1891; x_wconf 93' lang='lat' dir='ltr'>c.</span> <span class='ocrx_word' id='word_1_128' title='bbox 740 1843 781 1893; x_wconf 78' lang='lat'>26.</span> <span class='ocrx_word' id='word_1_129' title='bbox 814 1845 995 1903; x_wconf 78' lang='lat' dir='ltr'>Damogerontis</span> <span class='ocrx_word' id='word_1_130' title='bbox 1019 1854 1082 1895; x_wconf 82' lang='lat' dir='ltr'>extat</span> 
     </span>
     <span class='ocr_line' id='line_1_14' title="bbox 68 1910 1080 1963; baseline 0.006 -6"><span class='ocrx_word' id='word_1_131' title='bbox 68 1911 178 1961; x_wconf 88' lang='lat' dir='ltr'>monitam</span> <span class='ocrx_word' id='word_1_132' title='bbox 201 1911 230 1960; x_wconf 90' lang='lat' dir='ltr'>de</span> <span class='ocrx_word' id='word_1_133' title='bbox 255 1911 349 1959; x_wconf 85' lang='lat' dir='ltr'>ratione</span> <span class='ocrx_word' id='word_1_134' title='bbox 373 1911 515 1960; x_wconf 87' lang='lat' dir='ltr'>conllciendi</span> <span class='ocrx_word' id='word_1_135' title='bbox 540 1912 618 1959; x_wconf 90' lang='lat' dir='ltr'>oleum</span> <span class='ocrx_word' id='word_1_136' title='bbox 639 1910 671 1960; x_wconf 92' lang='lat' dir='ltr'>illi</span> <span class='ocrx_word' id='word_1_137' title='bbox 690 1910 776 1960; x_wconf 84' lang='lat' dir='ltr'>similo.</span> <span class='ocrx_word' id='word_1_138' title='bbox 812 1912 901 1961; x_wconf 86' lang='lat' dir='ltr'>llomac</span> <span class='ocrx_word' id='word_1_139' title='bbox 919 1920 998 1962; x_wconf 88' lang='lat' dir='ltr'>autem</span> <span class='ocrx_word' id='word_1_140' title='bbox 1016 1913 1080 1963; x_wconf 85' lang='lat' dir='ltr'>illius</span> 
     </span>
     <span class='ocr_line' id='line_1_15' title="bbox 71 1978 1081 2044; baseline 0.009 -22"><span class='ocrx_word' id='word_1_141' title='bbox 71 1988 205 2028; x_wconf 71' lang='lat' dir='ltr'>mercatores</span> <span class='ocrx_word' id='word_1_142' title='bbox 230 1978 353 2042; x_wconf 76' lang='lat' dir='ltr'>peculiare</span> <span class='ocrx_word' id='word_1_143' title='bbox 379 1978 505 2041; x_wconf 77' lang='lat' dir='ltr'>collegium</span> <span class='ocrx_word' id='word_1_144' title='bbox 533 1980 687 2028; x_wconf 83' lang='lat' dir='ltr'>constituisse</span> <span class='ocrx_word' id='word_1_145' title='bbox 714 1994 741 2028; x_wconf 84' lang='lat' dir='ltr'>er</span> <span class='ocrx_word' id='word_1_146' title='bbox 768 1980 925 2044; x_wconf 78' lang='lat' dir='ltr'>inscriptione</span> <span class='ocrx_word' id='word_1_147' title='bbox 952 1982 975 2031; x_wconf 90' lang='lat' dir='ltr'>in</span> <span class='ocrx_word' id='word_1_148' title='bbox 1001 1991 1081 2032; x_wconf 84' lang='lat' dir='ltr'>monte</span> 
     </span>
     <span class='ocr_line' id='line_1_16' title="bbox 74 2047 1016 2113; baseline 0.007 -21"><span class='ocrx_word' id='word_1_149' title='bbox 74 2048 175 2095; x_wconf 79' lang='lat' dir='ltr'>trenrtno</span> <span class='ocrx_word' id='word_1_150' title='bbox 192 2054 295 2110; x_wconf 81' lang='lat' dir='ltr'>reperta,</span> <span class='ocrx_word' id='word_1_151' title='bbox 315 2054 338 2095; x_wconf 88' lang='lat' dir='ltr'>ct</span> <span class='ocrx_word' id='word_1_152' title='bbox 356 2061 369 2095; x_wconf 94' lang='lat' dir='ltr'>a</span> <span class='ocrx_word' id='word_1_153' title='bbox 388 2048 499 2096; x_wconf 87' lang='lat' dir='ltr'>lleinesio</span> <span class='ocrx_word' id='word_1_154' title='bbox 519 2047 637 2110; x_wconf 84' lang='lat' dir='ltr'>descripta</span> <span class='ocrx_word' id='word_1_155' title='bbox 657 2062 680 2110; x_wconf 90' lang='lat' dir='ltr'>p.</span> <span class='ocrx_word' id='word_1_156' title='bbox 690 2047 739 2096; x_wconf 83' lang='lat'>460</span> <span class='ocrx_word' id='word_1_157' title='bbox 759 2049 893 2112; x_wconf 85' lang='lat' dir='ltr'>coniicitur,</span> <span class='ocrx_word' id='word_1_158' title='bbox 912 2051 935 2098; x_wconf 91' lang='lat' dir='ltr'>in</span> <span class='ocrx_word' id='word_1_159' title='bbox 954 2054 1016 2113; x_wconf 74' lang='lat' dir='ltr'>quai</span> 
     </span>
    </p>

    <p class='ocr_par' dir='ltr' id='par_1_3' title="bbox 285 2114 854 2166">
     <span class='ocr_line' id='line_1_17' title="bbox 285 2114 854 2166; baseline 0.004 -2"><span class='ocrx_word' id='word_1_160' title='bbox 285 2114 516 2165; x_wconf 71' lang='lat' dir='ltr'>decantaturus</span> <span class='ocrx_word' id='word_1_161' title='bbox 536 2115 645 2166; x_wconf 73' lang='lat' dir='ltr'>uttam</span> <span class='ocrx_word' id='word_1_162' title='bbox 664 2116 699 2164; x_wconf 76' lang='lat' dir='ltr'>Et</span> <span class='ocrx_word' id='word_1_163' title='bbox 721 2116 854 2166; x_wconf 74' lang='lat' dir='ltr'>blatteo.</span> 
     </span>
    </p>

    <p class='ocr_par' dir='ltr' id='par_1_4' title="bbox 78 2182 1081 2312">
     <span class='ocr_line' id='line_1_18' title="bbox 151 2182 1081 2249; baseline 0.006 -19"><span class='ocrx_word' id='word_1_164' title='bbox 151 2182 218 2231; x_wconf 84' lang='lat' dir='ltr'>lorro</span> <span class='ocrx_word' id='word_1_165' title='bbox 246 2183 318 2231; x_wconf 88' lang='lat' dir='ltr'>etiarn</span> <span class='ocrx_word' id='word_1_166' title='bbox 337 2184 400 2246; x_wconf 89' lang='lat' dir='ltr'>apud</span> <span class='ocrx_word' id='word_1_167' title='bbox 419 2184 546 2233; x_wconf 85' lang='lat' dir='ltr'>Gruterum</span> <span class='ocrx_word' id='word_1_168' title='bbox 571 2199 594 2247; x_wconf 92' lang='lat' dir='ltr'>p.</span> <span class='ocrx_word' id='word_1_169' title='bbox 605 2184 655 2233; x_wconf 78' lang='lat' dir='ltr'>roo</span> <span class='ocrx_word' id='word_1_170' title='bbox 673 2199 695 2232; x_wconf 95' lang='lat' dir='ltr'>n.</span> <span class='ocrx_word' id='word_1_171' title='bbox 709 2183 731 2245; x_wconf 85' lang='grc'>7,</span> <span class='ocrx_word' id='word_1_172' title='bbox 757 2190 860 2235; x_wconf 76' lang='lat' dir='ltr'>occurrit</span> <span class='ocrx_word' id='word_1_173' title='bbox 885 2184 1009 2249; x_wconf 85' lang='lat' dir='ltr'>inscriptio</span> <span class='ocrx_word' id='word_1_174' title='bbox 1036 2187 1081 2236; x_wconf 81' lang='lat' dir='ltr'>lto·</span> 
     </span>
     <span class='ocr_line' id='line_1_19' title="bbox 78 2250 322 2312; baseline 0.025 -18"><span class='ocrx_word' id='word_1_175' title='bbox 78 2260 126 2296; x_wconf 87' lang='lat' dir='ltr'>mae</span> <span class='ocrx_word' id='word_1_176' title='bbox 140 2252 210 2312; x_wconf 82' lang='lat' dir='ltr'>posita</span> <span class='ocrx_word' id='word_1_177' title='bbox 227 2250 322 2300; x_wconf 85' lang='lat' dir='ltr'>cuidam</span> 
     </span>
    </p>

    <p class='ocr_par' dir='ltr' id='par_1_5' title="bbox 402 2317 741 2369">
     <span class='ocr_line' id='line_1_20' title="bbox 402 2317 741 2369; baseline -0.003 0"><span class='ocrx_word' id='word_1_178' title='bbox 402 2319 532 2369; x_wconf 63' lang='lat' dir='ltr'>(iterato</span> <span class='ocrx_word' id='word_1_179' title='bbox 553 2319 589 2367; x_wconf 74' lang='lat' dir='ltr'>EX</span> <span class='ocrx_word' id='word_1_180' title='bbox 609 2317 741 2368; x_wconf 67' lang='lat' dir='ltr'>adulter.</span> 
     </span>
    </p>
   </div>
   <div class='ocr_carea' id='block_1_3' title="bbox 81 2379 1083 2514">
    <p class='ocr_par' dir='ltr' id='par_1_6' title="bbox 81 2379 1083 2514">
     <span class='ocr_line' id='line_1_21' title="bbox 81 2379 1083 2501; baseline 0.005 -66"><span class='ocrx_word' id='word_1_181' title='bbox 81 2379 215 2501; x_wconf 42' lang='lat' dir='ltr'>Utinam·</span> <span class='ocrx_word' id='word_1_182' title='bbox 233 2386 334 2451; x_wconf 74' lang='lat' dir='ltr'>pitto</span> <span class='ocrx_word' id='word_1_183' title='bbox 353 2388 413 2449; x_wconf 85' lang='lat' dir='ltr'>nl,</span> <span class='ocrx_word' id='word_1_184' title='bbox 445 2402 471 2438; x_wconf 84' lang='lat' dir='ltr'>er</span> <span class='ocrx_word' id='word_1_185' title='bbox 496 2389 572 2450; x_wconf 87' lang='lat' dir='ltr'>ipsius</span> <span class='ocrx_word' id='word_1_186' title='bbox 598 2388 685 2436; x_wconf 82' lang='lat' dir='ltr'>ltornae</span> <span class='ocrx_word' id='word_1_187' title='bbox 710 2389 785 2437; x_wconf 87' lang='lat' dir='ltr'>ruinis</span> <span class='ocrx_word' id='word_1_188' title='bbox 810 2398 902 2438; x_wconf 88' lang='lat' dir='ltr'>erutum</span> <span class='ocrx_word' id='word_1_189' title='bbox 928 2392 973 2440; x_wconf 86' lang='lat' dir='ltr'>lroc</span> <span class='ocrx_word' id='word_1_190' title='bbox 998 2392 1083 2452; x_wconf 68' lang='lat' dir='ltr'>legitur</span> 
     </span>
     <span class='ocr_line' id='line_1_22' title="bbox 83 2463 223 2514; baseline 0.071 -19"><span class='ocrx_word' id='word_1_191' title='bbox 83 2463 150 2514; x_wconf 86' lang='lat' dir='ltr'>eprap</span> <span class='ocrx_word' id='word_1_192' title='bbox 166 2468 223 2505; x_wconf 90' lang='lat' dir='ltr'>mm:</span> 
     </span>
    </p>
   </div>
   <div class='ocr_carea' id='block_1_4' title="bbox 65 2523 1082 4085">
    <p class='ocr_par' dir='ltr' id='par_1_7' title="bbox 545 2523 602 2571">
     <span class='ocr_line' id='line_1_23' title="bbox 545 2523 602 2571; baseline -0.018 0"><span class='ocrx_word' id='word_1_193' title='bbox 545 2523 602 2571; x_wconf 82' lang='lat' dir='ltr'>btr</span> 
     </span>
    </p>

    <p class='ocr_par' dir='ltr' id='par_1_8' title="bbox 504 2590 641 2639">
     <span class='ocr_line' id='line_1_24' title="bbox 504 2590 641 2639; baseline 0.007 -1"><span class='ocrx_word' id='word_1_194' title='bbox 504 2590 527 2638; x_wconf 82' lang='lat' dir='ltr'>L.</span> <span class='ocrx_word' id='word_1_195' title='bbox 548 2590 641 2639; x_wconf 80' lang='lat' dir='ltr'>ttamtt</span> 
     </span>
    </p>

    <p class='ocr_par' dir='ltr' id='par_1_9' title="bbox 526 2673 614 2707">
     <span class='ocr_line' id='line_1_25' title="bbox 526 2673 614 2707; baseline 0.011 -2"><span class='ocrx_word' id='word_1_196' title='bbox 526 2673 614 2707; x_wconf 67' lang='lat' dir='ltr'>enniano</span> 
     </span>
    </p>

    <p class='ocr_par' dir='ltr' id='par_1_10' title="bbox 508 2741 630 2775">
     <span class='ocr_line' id='line_1_26' title="bbox 508 2741 630 2775; baseline 0.016 -2"><span class='ocrx_word' id='word_1_197' title='bbox 508 2741 630 2775; x_wconf 69' lang='lat' dir='ltr'>vrororr</span> 
     </span>
    </p>

    <p class='ocr_par' dir='ltr' id='par_1_11' title="bbox 508 2809 632 2844">
     <span class='ocr_line' id='line_1_27' title="bbox 508 2809 632 2844; baseline 0 -2"><span class='ocrx_word' id='word_1_198' title='bbox 508 2809 632 2844; x_wconf 81' lang='lat' dir='ltr'>rorarmero</span> 
     </span>
    </p>

    <p class='ocr_par' dir='ltr' id='par_1_12' title="bbox 452 2877 689 3048">
     <span class='ocr_line' id='line_1_28' title="bbox 463 2877 676 2912; baseline 0 -2"><span class='ocrx_word' id='word_1_199' title='bbox 463 2877 579 2912; x_wconf 75' lang='lat' dir='ltr'>naerens.</span> <span class='ocrx_word' id='word_1_200' title='bbox 622 2878 676 2910; x_wconf 78' lang='lat' dir='ltr'>uiro</span> 
     </span>
     <span class='ocr_line' id='line_1_29' title="bbox 476 2946 664 2979; baseline 0 0"><span class='ocrx_word' id='word_1_201' title='bbox 476 2946 518 2979; x_wconf 90' lang='lat' dir='ltr'>ms.</span> <span class='ocrx_word' id='word_1_202' title='bbox 536 2946 664 2979; x_wconf 79' lang='lat' dir='ltr'>sencrrorr</span> 
     </span>
     <span class='ocr_line' id='line_1_30' title="bbox 452 3013 689 3048; baseline 0.008 -2"><span class='ocrx_word' id='word_1_203' title='bbox 452 3013 512 3048; x_wconf 81' lang='lat' dir='ltr'>orer.</span> <span class='ocrx_word' id='word_1_204' title='bbox 541 3014 637 3047; x_wconf 75' lang='lat' dir='ltr'>nissam.</span> <span class='ocrx_word' id='word_1_205' title='bbox 662 3014 689 3048; x_wconf 83' lang='lat' dir='ltr'>er</span> 
     </span>
    </p>

    <p class='ocr_par' dir='ltr' id='par_1_13' title="bbox 513 3082 630 3117">
     <span class='ocr_line' id='line_1_31' title="bbox 513 3082 630 3117; baseline 0 -2"><span class='ocrx_word' id='word_1_206' title='bbox 513 3082 630 3117; x_wconf 80' lang='lat' dir='ltr'>enormem</span> 
     </span>
    </p>

    <p class='ocr_par' dir='ltr' id='par_1_14' title="bbox 65 3150 1082 4085">
     <span class='ocr_line' id='line_1_32' title="bbox 521 3150 624 3184; baseline -0.01 -1"><span class='ocrx_word' id='word_1_207' title='bbox 521 3150 624 3184; x_wconf 77' lang='lat' dir='ltr'>nornen.</span> 
     </span>
     <span class='ocr_line' id='line_1_33' title="bbox 156 3200 1079 3267; baseline 0.01 -21"><span class='ocrx_word' id='word_1_208' title='bbox 156 3202 175 3257; x_wconf 90' lang='lat' dir='ltr'>nl</span> <span class='ocrx_word' id='word_1_209' title='bbox 191 3200 321 3250; x_wconf 84' lang='lat' dir='ltr'>Suetonius</span> <span class='ocrx_word' id='word_1_210' title='bbox 339 3202 363 3250; x_wconf 91' lang='lat' dir='ltr'>in</span> <span class='ocrx_word' id='word_1_211' title='bbox 382 3203 425 3251; x_wconf 85' lang='lat' dir='ltr'>lot.</span> <span class='ocrx_word' id='word_1_212' title='bbox 440 3203 529 3253; x_wconf 78' lang='lat' dir='ltr'>Caesar.</span> <span class='ocrx_word' id='word_1_213' title='bbox 551 3218 602 3267; x_wconf 85' lang='lat' dir='ltr'>rap.</span> <span class='ocrx_word' id='word_1_214' title='bbox 614 3201 654 3252; x_wconf 80' lang='lat'>53.</span> <span class='ocrx_word' id='word_1_215' title='bbox 674 3203 752 3251; x_wconf 91' lang='lat' dir='ltr'>oleum</span> <span class='ocrx_word' id='word_1_216' title='bbox 771 3205 844 3253; x_wconf 83' lang='lat' dir='ltr'>uiride</span> <span class='ocrx_word' id='word_1_217' title='bbox 863 3204 961 3267; x_wconf 91' lang='lat' dir='ltr'>opponit</span> <span class='ocrx_word' id='word_1_218' title='bbox 980 3207 1079 3263; x_wconf 84' lang='lat' dir='ltr'>condito,</span> 
     </span>
     <span class='ocr_line' id='line_1_34' title="bbox 90 3268 1082 3333; baseline 0.009 -20"><span class='ocrx_word' id='word_1_219' title='bbox 90 3274 166 3329; x_wconf 81' lang='lat' dir='ltr'>tempe,</span> <span class='ocrx_word' id='word_1_220' title='bbox 183 3268 243 3317; x_wconf 87' lang='lat' dir='ltr'>iurta</span> <span class='ocrx_word' id='word_1_221' title='bbox 262 3269 380 3319; x_wconf 73' lang='lat' dir='ltr'>diuersum</span> <span class='ocrx_word' id='word_1_222' title='bbox 398 3271 567 3333; x_wconf 89' lang='lat' dir='ltr'>pronuntiandi</span> <span class='ocrx_word' id='word_1_223' title='bbox 587 3271 692 3331; x_wconf 90' lang='lat' dir='ltr'>modom,</span> <span class='ocrx_word' id='word_1_224' title='bbox 710 3279 811 3333; x_wconf 76' lang='lat' dir='ltr'>retorto,</span> <span class='ocrx_word' id='word_1_225' title='bbox 832 3280 872 3321; x_wconf 90' lang='lat' dir='ltr'>aut</span> <span class='ocrx_word' id='word_1_226' title='bbox 890 3275 1001 3323; x_wconf 82' lang='lat' dir='ltr'>medicato</span> <span class='ocrx_word' id='word_1_227' title='bbox 1009 3312 1015 3332; x_wconf 54' lang='grc'>,.</span> <span class='ocrx_word' id='word_1_228' title='bbox 1036 3289 1082 3323; x_wconf 87' lang='lat' dir='ltr'>non</span> 
     </span>
     <span class='ocr_line' id='line_1_35' title="bbox 87 3335 1082 3403; baseline 0.004 -18"><span class='ocrx_word' id='word_1_229' title='bbox 87 3346 138 3391; x_wconf 68' lang='lat' dir='ltr'>tart·</span> <span class='ocrx_word' id='word_1_230' title='bbox 167 3335 246 3386; x_wconf 85' lang='lat' dir='ltr'>lllcurn</span> <span class='ocrx_word' id='word_1_231' title='bbox 264 3338 338 3387; x_wconf 90' lang='lat' dir='ltr'>riride</span> <span class='ocrx_word' id='word_1_232' title='bbox 357 3338 469 3388; x_wconf 86' lang='lat' dir='ltr'>dicebant</span> <span class='ocrx_word' id='word_1_233' title='bbox 487 3338 572 3401; x_wconf 85' lang='lat' dir='ltr'>Latini,</span> <span class='ocrx_word' id='word_1_234' title='bbox 591 3339 655 3403; x_wconf 85' lang='lat' dir='ltr'>quod</span> <span class='ocrx_word' id='word_1_235' title='bbox 675 3354 701 3387; x_wconf 85' lang='lat' dir='ltr'>er</span> <span class='ocrx_word' id='word_1_236' title='bbox 721 3340 845 3389; x_wconf 90' lang='lat' dir='ltr'>immatura</span> <span class='ocrx_word' id='word_1_237' title='bbox 864 3340 916 3389; x_wconf 88' lang='lat' dir='ltr'>olea</span> <span class='ocrx_word' id='word_1_238' title='bbox 936 3340 1082 3402; x_wconf 81' lang='lat' dir='ltr'>exprimeba-</span> 
     </span>
     <span class='ocr_line' id='line_1_36' title="bbox 88 3400 1080 3470; baseline 0.011 -23"><span class='ocrx_word' id='word_1_239' title='bbox 88 3406 123 3461; x_wconf 77' lang='lat' dir='ltr'>tur,</span> <span class='ocrx_word' id='word_1_240' title='bbox 137 3400 269 3454; x_wconf 82' lang='lat' dir='ltr'>docentibus</span> <span class='ocrx_word' id='word_1_241' title='bbox 282 3406 373 3455; x_wconf 86' lang='lat' dir='ltr'>Catone</span> <span class='ocrx_word' id='word_1_242' title='bbox 391 3421 443 3469; x_wconf 90' lang='lat' dir='ltr'>cap.</span> <span class='ocrx_word' id='word_1_243' title='bbox 455 3408 496 3469; x_wconf 83' lang='lat'>65,</span> <span class='ocrx_word' id='word_1_244' title='bbox 516 3408 647 3457; x_wconf 88' lang='lat' dir='ltr'>Columella</span> <span class='ocrx_word' id='word_1_245' title='bbox 658 3422 710 3470; x_wconf 88' lang='lat' dir='ltr'>cap.</span> <span class='ocrx_word' id='word_1_246' title='bbox 722 3408 761 3467; x_wconf 79' lang='lat'>50,</span> <span class='ocrx_word' id='word_1_247' title='bbox 781 3408 885 3456; x_wconf 88' lang='lat' dir='ltr'>Palladio</span> <span class='ocrx_word' id='word_1_248' title='bbox 898 3409 939 3458; x_wconf 89' lang='lat' dir='ltr'>lib.</span> <span class='ocrx_word' id='word_1_249' title='bbox 949 3408 977 3457; x_wconf 76' lang='lat' dir='ltr'>,tt</span> <span class='ocrx_word' id='word_1_250' title='bbox 997 3409 1031 3458; x_wconf 84' lang='lat' dir='ltr'>tic.</span> <span class='ocrx_word' id='word_1_251' title='bbox 1042 3410 1080 3469; x_wconf 84' lang='lat'>10,</span> 
     </span>
     <span class='ocr_line' id='line_1_37' title="bbox 86 3470 1081 3539; baseline 0.01 -24"><span class='ocrx_word' id='word_1_252' title='bbox 86 3476 104 3515; x_wconf 88' lang='lat' dir='ltr'>et</span> <span class='ocrx_word' id='word_1_253' title='bbox 118 3470 184 3522; x_wconf 80' lang='lat' dir='ltr'>Servio</span> <span class='ocrx_word' id='word_1_254' title='bbox 202 3474 225 3522; x_wconf 91' lang='lat' dir='ltr'>in</span> <span class='ocrx_word' id='word_1_255' title='bbox 244 3489 264 3523; x_wconf 87' lang='lat' dir='ltr'>r.</span> <span class='ocrx_word' id='word_1_256' title='bbox 274 3474 308 3524; x_wconf 83' lang='grc'>86</span> <span class='ocrx_word' id='word_1_257' title='bbox 326 3474 367 3523; x_wconf 90' lang='lat' dir='ltr'>lib.</span> <span class='ocrx_word' id='word_1_258' title='bbox 380 3474 398 3523; x_wconf 98' lang='lat' dir='ltr'>ll</span> <span class='ocrx_word' id='word_1_259' title='bbox 419 3477 586 3539; x_wconf 76' lang='lat' dir='ltr'>Georpieorom.</span> <span class='ocrx_word' id='word_1_260' title='bbox 616 3476 659 3525; x_wconf 75' lang='lat' dir='ltr'>Pro</span> <span class='ocrx_word' id='word_1_261' title='bbox 679 3478 768 3538; x_wconf 90' lang='lat' dir='ltr'>optima</span> <span class='ocrx_word' id='word_1_262' title='bbox 787 3476 840 3524; x_wconf 88' lang='lat' dir='ltr'>oleo</span> <span class='ocrx_word' id='word_1_263' title='bbox 860 3477 999 3538; x_wconf 84' lang='lat' dir='ltr'>habebatur,</span> <span class='ocrx_word' id='word_1_264' title='bbox 1019 3478 1081 3525; x_wconf 86' lang='lat' dir='ltr'>rmdc</span> 
     </span>
     <span class='ocr_line' id='line_1_38' title="bbox 84 3536 1080 3610; baseline 0.012 -28"><span class='ocrx_word' id='word_1_265' title='bbox 84 3536 146 3587; x_wconf 88' lang='lat' dir='ltr'>oleum</span> <span class='ocrx_word' id='word_1_266' title='bbox 162 3542 231 3591; x_wconf 82' lang='lat' dir='ltr'>riride</span> <span class='ocrx_word' id='word_1_267' title='bbox 250 3542 313 3591; x_wconf 89' lang='lat' dir='ltr'>idern</span> <span class='ocrx_word' id='word_1_268' title='bbox 333 3550 370 3592; x_wconf 86' lang='lat' dir='ltr'>est</span> <span class='ocrx_word' id='word_1_269' title='bbox 387 3556 415 3593; x_wconf 89' lang='lat' dir='ltr'>ac</span> <span class='ocrx_word' id='word_1_270' title='bbox 434 3543 513 3592; x_wconf 90' lang='lat' dir='ltr'>oleum</span> <span class='ocrx_word' id='word_1_271' title='bbox 532 3552 655 3607; x_wconf 80' lang='lat' dir='ltr'>optimum.</span> <span class='ocrx_word' id='word_1_272' title='bbox 693 3545 776 3593; x_wconf 79' lang='lat' dir='ltr'>Gracci</span> <span class='ocrx_word' id='word_1_273' title='bbox 792 3536 951 3610; x_wconf 66' lang='lat' dir='ltr'>imprimere</span> <span class='ocrx_word' id='word_1_274' title='bbox 961 3545 1080 3594; x_wconf 85' lang='lat' dir='ltr'>dicebant.</span> 
     </span>
     <span class='ocr_line' id='line_1_39' title="bbox 83 3603 1079 3677; baseline 0.007 -24"><span class='ocrx_word' id='word_1_275' title='bbox 83 3606 339 3671; x_wconf 66' lang='lat' dir='ltr'>impraemunitum</span> <span class='ocrx_word' id='word_1_276' title='bbox 357 3625 408 3674; x_wconf 88' lang='lat' dir='ltr'>cap.</span> <span class='ocrx_word' id='word_1_277' title='bbox 419 3610 451 3661; x_wconf 73' lang='lat' dir='ltr'>lli</span> <span class='ocrx_word' id='word_1_278' title='bbox 466 3611 538 3661; x_wconf 77' lang='lat' dir='ltr'>erat.</span> <span class='ocrx_word' id='word_1_279' title='bbox 556 3605 647 3659; x_wconf 79' lang='grc' dir='ltr'><strong><em>ἔλαιον</em></strong></span> <span class='ocrx_word' id='word_1_280' title='bbox 665 3603 832 3677; x_wconf 76' lang='grc' dir='ltr'><strong><em>ὀμφάκινον,</em></strong></span> <span class='ocrx_word' id='word_1_281' title='bbox 853 3604 868 3672; x_wconf 79' lang='grc' dir='ltr'><em>ἢ</em></span> <span class='ocrx_word' id='word_1_282' title='bbox 887 3604 971 3666; x_wconf 76' lang='grc' dir='ltr'><strong><em>ἄλλως</em></strong></span> <span class='ocrx_word' id='word_1_283' title='bbox 988 3609 1079 3660; x_wconf 73' lang='grc' dir='ltr'><em>καλόν.</em></span> 
     </span>
     <span class='ocr_line' id='line_1_40' title="bbox 149 3679 1081 3743; baseline 0.002 -16"><span class='ocrx_word' id='word_1_284' title='bbox 149 3680 171 3733; x_wconf 87' lang='lat' dir='ltr'>ol</span> <span class='ocrx_word' id='word_1_285' title='bbox 195 3679 359 3728; x_wconf 72' lang='lat' dir='ltr'>liberationum</span> <span class='ocrx_word' id='word_1_286' title='bbox 383 3679 461 3728; x_wconf 90' lang='lat' dir='ltr'>oleum</span> <span class='ocrx_word' id='word_1_287' title='bbox 486 3694 605 3743; x_wconf 85' lang='lat' dir='ltr'>nusquam</span> <span class='ocrx_word' id='word_1_288' title='bbox 631 3680 686 3729; x_wconf 86' lang='lat' dir='ltr'>alibi</span> <span class='ocrx_word' id='word_1_289' title='bbox 714 3689 870 3730; x_wconf 87' lang='lat' dir='ltr'>memoratum</span> <span class='ocrx_word' id='word_1_290' title='bbox 890 3683 958 3737; x_wconf 71' lang='lat' dir='ltr'>nonii</span> <span class='ocrx_word' id='word_1_291' title='bbox 985 3690 1007 3731; x_wconf 89' lang='lat' dir='ltr'>et</span> <span class='ocrx_word' id='word_1_292' title='bbox 1026 3682 1081 3730; x_wconf 86' lang='lat' dir='ltr'>hinc</span> 
     </span>
     <span class='ocr_line' id='line_1_41' title="bbox 78 3746 1081 3807; baseline 0.005 -15"><span class='ocrx_word' id='word_1_293' title='bbox 78 3746 183 3805; x_wconf 75' lang='lat' dir='ltr'>mornado</span> <span class='ocrx_word' id='word_1_294' title='bbox 201 3746 355 3797; x_wconf 79' lang='lat' dir='ltr'>emendarem</span> <span class='ocrx_word' id='word_1_295' title='bbox 373 3748 483 3797; x_wconf 89' lang='lat' dir='ltr'>solicitus</span> <span class='ocrx_word' id='word_1_296' title='bbox 500 3749 573 3797; x_wconf 90' lang='lat' dir='ltr'>multa</span> <span class='ocrx_word' id='word_1_297' title='bbox 592 3750 652 3797; x_wconf 89' lang='lat' dir='ltr'>mori</span> <span class='ocrx_word' id='word_1_298' title='bbox 671 3750 758 3807; x_wconf 82' lang='lat' dir='ltr'>animo,</span> <span class='ocrx_word' id='word_1_299' title='bbox 787 3758 864 3799; x_wconf 91' lang='lat' dir='ltr'>utrum</span> <span class='ocrx_word' id='word_1_300' title='bbox 884 3750 993 3799; x_wconf 80' lang='lat' dir='ltr'>fortassis</span> <span class='ocrx_word' id='word_1_301' title='bbox 1012 3758 1081 3798; x_wconf 88' lang='lat' dir='ltr'>restr-</span> 
     </span>
     <span class='ocr_line' id='line_1_42' title="bbox 75 3812 1082 3883; baseline 0.007 -25"><span class='ocrx_word' id='word_1_302' title='bbox 75 3812 175 3863; x_wconf 88' lang='lat' dir='ltr'>toendum</span> <span class='ocrx_word' id='word_1_303' title='bbox 194 3823 260 3864; x_wconf 85' lang='lat' dir='ltr'>esset</span> <span class='ocrx_word' id='word_1_304' title='bbox 277 3817 416 3877; x_wconf 81' lang='lat' dir='ltr'>Libornieo;</span> <span class='ocrx_word' id='word_1_305' title='bbox 435 3817 481 3865; x_wconf 91' lang='lat' dir='ltr'>tale</span> <span class='ocrx_word' id='word_1_306' title='bbox 500 3817 563 3866; x_wconf 89' lang='lat' dir='ltr'>enirn</span> <span class='ocrx_word' id='word_1_307' title='bbox 582 3818 669 3877; x_wconf 88' lang='lat' dir='ltr'>oleum,</span> <span class='ocrx_word' id='word_1_308' title='bbox 688 3818 814 3867; x_wconf 87' lang='lat' dir='ltr'>istrionum</span> <span class='ocrx_word' id='word_1_309' title='bbox 828 3833 924 3883; x_wconf 81' lang='lat' dir='ltr'>quoque</span> <span class='ocrx_word' id='word_1_310' title='bbox 940 3819 1037 3878; x_wconf 87' lang='lat' dir='ltr'>dictum,</span> <span class='ocrx_word' id='word_1_311' title='bbox 1056 3825 1082 3865; x_wconf 91' lang='lat' dir='ltr'>ot</span> 
     </span>
     <span class='ocr_line' id='line_1_43' title="bbox 72 3881 1081 3951; baseline 0.004 -22"><span class='ocrx_word' id='word_1_312' title='bbox 72 3881 151 3932; x_wconf 79' lang='lat' dir='ltr'>diserte</span> <span class='ocrx_word' id='word_1_313' title='bbox 175 3883 276 3933; x_wconf 85' lang='lat' dir='ltr'>docetur</span> <span class='ocrx_word' id='word_1_314' title='bbox 294 3886 474 3949; x_wconf 78' lang='lat' dir='ltr'>Geopooioorom</span> <span class='ocrx_word' id='word_1_315' title='bbox 492 3884 572 3935; x_wconf 81' lang='lat' dir='ltr'>libili</span> <span class='ocrx_word' id='word_1_316' title='bbox 591 3900 641 3950; x_wconf 90' lang='lat' dir='ltr'>cap.</span> <span class='ocrx_word' id='word_1_317' title='bbox 653 3885 693 3935; x_wconf 75' lang='lat' dir='ltr'>at.</span> <span class='ocrx_word' id='word_1_318' title='bbox 724 3887 789 3951; x_wconf 90' lang='lat' dir='ltr'>quod</span> <span class='ocrx_word' id='word_1_319' title='bbox 808 3886 890 3936; x_wconf 86' lang='lat' dir='ltr'>istriae</span> <span class='ocrx_word' id='word_1_320' title='bbox 910 3886 1022 3936; x_wconf 77' lang='lat' dir='ltr'>liburnia</span> <span class='ocrx_word' id='word_1_321' title='bbox 1040 3886 1081 3934; x_wconf 89' lang='lat' dir='ltr'>ad·</span> 
     </span>
     <span class='ocr_line' id='line_1_44' title="bbox 69 3950 1082 4017; baseline 0.001 -18"><span class='ocrx_word' id='word_1_322' title='bbox 69 3950 176 4013; x_wconf 83' lang='lat' dir='ltr'>haereret,</span> <span class='ocrx_word' id='word_1_323' title='bbox 195 3953 293 4015; x_wconf 77' lang='lat' dir='ltr'>Apicius</span> <span class='ocrx_word' id='word_1_324' title='bbox 311 3953 464 4002; x_wconf 78' lang='lat' dir='ltr'>veliementer</span> <span class='ocrx_word' id='word_1_325' title='bbox 482 3952 562 4003; x_wconf 90' lang='lat' dir='ltr'>laudat</span> <span class='ocrx_word' id='word_1_326' title='bbox 579 3952 640 4004; x_wconf 90' lang='lat' dir='ltr'>lib.l</span> <span class='ocrx_word' id='word_1_327' title='bbox 660 3969 711 4017; x_wconf 90' lang='lat' dir='ltr'>cap.</span> <span class='ocrx_word' id='word_1_328' title='bbox 722 3956 745 4004; x_wconf 82' lang='lat'>5.</span> <span class='ocrx_word' id='word_1_329' title='bbox 765 3964 788 4004; x_wconf 91' lang='lat' dir='ltr'>et</span> <span class='ocrx_word' id='word_1_330' title='bbox 801 3971 855 4004; x_wconf 91' lang='lat' dir='ltr'>cam</span> <span class='ocrx_word' id='word_1_331' title='bbox 866 3955 962 4004; x_wconf 77' lang='lat' dir='ltr'>Raetico</span> <span class='ocrx_word' id='word_1_332' title='bbox 975 3954 1082 4002; x_wconf 83' lang='lat' dir='ltr'>certabat</span> 
     </span>
     <span class='ocr_line' id='line_1_45' title="bbox 65 4020 1079 4085; baseline 0.001 -16"><span class='ocrx_word' id='word_1_333' title='bbox 65 4034 116 4085; x_wconf 77' lang='lat' dir='ltr'>par.</span> <span class='ocrx_word' id='word_1_334' title='bbox 141 4020 217 4070; x_wconf 81' lang='lat' dir='ltr'>Plinio</span> <span class='ocrx_word' id='word_1_335' title='bbox 242 4028 304 4070; x_wconf 86' lang='lat' dir='ltr'>teste</span> <span class='ocrx_word' id='word_1_336' title='bbox 329 4020 427 4070; x_wconf 90' lang='lat' dir='ltr'>laudato</span> <span class='ocrx_word' id='word_1_337' title='bbox 451 4023 563 4084; x_wconf 85' lang='lat' dir='ltr'>superius</span> <span class='ocrx_word' id='word_1_338' title='bbox 586 4022 648 4072; x_wconf 89' lang='lat' dir='ltr'>loco.</span> <span class='ocrx_word' id='word_1_339' title='bbox 685 4023 757 4072; x_wconf 84' lang='lat' dir='ltr'>Porro</span> <span class='ocrx_word' id='word_1_340' title='bbox 777 4039 830 4073; x_wconf 93' lang='lat' dir='ltr'>cum</span> <span class='ocrx_word' id='word_1_341' title='bbox 850 4024 960 4073; x_wconf 91' lang='lat' dir='ltr'>eumdem</span> <span class='ocrx_word' id='word_1_342' title='bbox 980 4022 1079 4070; x_wconf 82' lang='lat' dir='ltr'>Plinium</span> 
     </span>
    </p>
   </div>
   <div class='ocr_carea' id='block_1_5' title="bbox 60 4088 1080 4222">
    <p class='ocr_par' dir='ltr' id='par_1_15' title="bbox 60 4088 1080 4222">
     <span class='ocr_line' id='line_1_46' title="bbox 63 4088 1080 4207; baseline 0.001 -69"><span class='ocrx_word' id='word_1_343' title='bbox 63 4090 162 4207; x_wconf 47' lang='lat' dir='ltr'>lignani</span> <span class='ocrx_word' id='word_1_344' title='bbox 179 4088 234 4207; x_wconf 58' lang='grc' dir='ltr'>402Ιῖὶί</span> <span class='ocrx_word' id='word_1_345' title='bbox 259 4089 408 4139; x_wconf 87' lang='lat' dir='ltr'>laudatorem</span> <span class='ocrx_word' id='word_1_346' title='bbox 428 4090 582 4153; x_wconf 75' lang='lat' dir='ltr'>offenderim,</span> <span class='ocrx_word' id='word_1_347' title='bbox 608 4100 630 4141; x_wconf 88' lang='lat' dir='ltr'>et</span> <span class='ocrx_word' id='word_1_348' title='bbox 650 4092 767 4141; x_wconf 85' lang='lat' dir='ltr'>subierint</span> <span class='ocrx_word' id='word_1_349' title='bbox 785 4108 811 4141; x_wconf 89' lang='lat' dir='ltr'>er</span> <span class='ocrx_word' id='word_1_350' title='bbox 832 4092 926 4141; x_wconf 84' lang='lat' dir='ltr'>Gruteri</span> <span class='ocrx_word' id='word_1_351' title='bbox 946 4091 1080 4152; x_wconf 87' lang='lat' dir='ltr'>inscriptio·</span> 
     </span>
     <span class='ocr_line' id='line_1_47' title="bbox 60 4172 237 4222; baseline 0 -15"><span class='ocrx_word' id='word_1_352' title='bbox 60 4173 84 4207; x_wconf 90' lang='lat' dir='ltr'>nr</span> <span class='ocrx_word' id='word_1_353' title='bbox 102 4174 128 4208; x_wconf 83' lang='lat' dir='ltr'>us</span> <span class='ocrx_word' id='word_1_354' title='bbox 145 4172 169 4222; x_wconf 92' lang='lat' dir='ltr'>p.</span> <span class='ocrx_word' id='word_1_355' title='bbox 231 4196 237 4207; x_wconf 94' lang='lat'><em>.</em></span> 
     </span>
    </p>
   </div>
   <div class='ocr_carea' id='block_1_6' title="bbox 0 0 1315 4822">
    <p class='ocr_par' dir='ltr' id='par_1_16' title="bbox 0 0 1315 4822">
     <span class='ocr_line' id='line_1_48' title="bbox 0 0 1315 4822; baseline 0 0"><span class='ocrx_word' id='word_1_356' title='bbox 0 0 1315 4822; x_wconf 95' lang='lat' dir='ltr'> </span> 
     </span>
    </p>
   </div>
  </div>
 </body>
</html>
