2586 4822
147 755 209 818 tat
599 764 714 815 reram

143 925 260 984 tiorihua
283 923 392 980 Graecis
425 921 536 996 perinde
562 937 595 978 ae
616 921 717 978 Latinis
745 928 891 997 usurpata,
921 940 1005 997 quam
1028 940 1043 980 a
1067 923 1167 983 onem

144 1003 255 1089 ῥύγχος
276 1010 409 1065 detortam
432 1008 521 1063 innuit
543 1006 720 1080 Epiphanius.
752 1007 845 1081 Veget.
870 1009 897 1073 ³,
910 1009 947 1066 16
964 1016 994 1065 et
1012 1012 1049 1068 19
1070 1012 1168 1082 ,popu

145 1096 271 1172 appellat,
295 1092 522 1167 quemadmodum
544 1101 572 1148 et
593 1109 696 1147 euneos
718 1101 804 1166 eaput
821 1095 983 1167 porcinum.

268 1314 310 1371 Ab
334 1311 500 1369 flabutsbt
522 1313 541 1368 L
564 1311 1053 1372 tussnuuscaubsscatuanbtt.

233 1436 293 1491 ate
310 1450 334 1488 c.
375 1431 677 1501 Quartodecimanornm
705 1433 761 1489 sive
792 1428 1170 1509 'l'eoonpauvonelexnmtir

148 1518 272 1576 llacresis
296 1535 326 1573 ea
349 1517 458 1591 proprie
480 1516 587 1582 dicitur,
611 1534 681 1591 quae
702 1516 810 1573 ludaico
832 1534 910 1574 ruore
925 1519 1030 1574 Pascha
1045 1520 1168 1578 hunolt

148 1603 339 1661 celebrandum
354 1602 460 1665 asserit,
484 1619 681 1675 quamcumque
697 1603 805 1658 demum
821 1603 847 1658 in
863 1602 957 1658 leriam
972 1603 1085 1668 incidat.
1102 1621 1169 1678 quae
1200 1661 1209 1687 ‚

148 1691 198 1746 luit
212 1688 391 1744 Asiaticorum
414 1687 514 1759 opinio,
537 1688 584 1763 qui
607 1688 715 1743 loannis
735 1688 901 1745 authoritate
916 1688 978 1745 iveti
994 1691 1170 1763 pertinaciter

148 1776 231 1831 ritum
259 1773 334 1829 illum
369 1773 649 1845 consuetudinemque
679 1781 836 1829 tennerunt.
882 1772 919 1828 lle
946 1791 1003 1849 quo
1036 1774 1168 1831 Eusebius

148 1860 216 1916 llist.
235 1861 263 1914 5.
294 1858 372 1914 Addit
393 1858 560 1930 Augustinus
582 1858 601 1913 1.
624 1857 657 1913 de
680 1857 790 1914 llacrcs.
815 1858 924 1915 eosdem
947 1858 1010 1915 ibon
1038 1863 1075 1918 ll
1096 1860 1168 1916 huna

148 1944 235 2000 llartii
257 1944 358 1999 mensis
381 1942 482 1997 Pascha
505 1942 604 1999 fixisse.
650 1942 699 1998 Ubi
722 1943 845 1999 llartium
867 1961 922 1999 non
946 1944 1096 2010 lulianum.
1124 1942 1168 2000 sed

149 2031 282 2086 bunarem
306 2027 418 2099 intelligi
442 2043 554 2083 necesse
577 2037 634 2092 est,
664 2045 725 2084 cum
747 2027 871 2103 plerique
894 2029 1041 2086 Paschales
1064 2047 1168 2086 menses

151 2116 230 2170 etiam
254 2112 352 2168 ludaici
379 2112 407 2166 in
430 2111 547 2183 Aprilem
576 2113 737 2169 inciderent.
781 2113 837 2169 Nisi
865 2114 935 2170 lorte
958 2115 986 2169 in
1009 2132 1041 2171 ea
1065 2115 1166 2188 quidam

149 2199 279 2272 opinione
301 2196 411 2260 luerint,
434 2206 466 2251 ut
487 2197 581 2252 llartio
604 2215 699 2254 meuse
721 2209 856 2272 perpetuo
879 2198 1075 2255 celebrandum
1093 2210 1167 2274 pata·

149 2292 220 2340 rent.
266 2281 366 2338 Scribit
395 2284 465 2337 enim
489 2281 650 2339 Philostrius
673 2283 928 2353 Quartodecimanos
951 2284 1058 2341 Pascha
1080 2300 1166 2342 mensa

150 2368 244 2424 llartio
267 2367 458 2424 celebrandum
482 2383 614 2424 asserere.
644 2373 733 2441 Atque
755 2369 822 2425 haec
842 2370 906 2426 τῶν
919 2365 1164 2447 τεσσαρεσκαιδε-

151 2453 282 2509 κατιτῶν
302 2469 365 2508 vera
387 2461 429 2507 est
451 2460 479 2507 et
501 2469 628 2525 germana
651 2454 737 2509 notio.
768 2453 821 2510 Sed
837 2464 864 2511 et
879 2453 929 2509 alia
944 2453 996 2511 luit
1011 2455 1110 2511 eodem
1123 2470 1164 2510 ro-

151 2538 248 2596 cabulo
277 2538 474 2611 comprehensa
503 2538 709 2610 depravatorum
736 2537 851 2594 istorum
880 2539 976 2604 factio,
1008 2556 1080 2613 quae
1106 2539 1162 2596 min

151 2624 265 2698 quadam
288 2623 419 2679 abusione
449 2622 753 2691 Quartadecimanorum
775 2640 875 2680 nomen
897 2624 1006 2680 meruit.
1046 2622 1162 2681 Nonnulli

151 2709 252 2783 quippe
280 2708 443 2765 celebrando
465 2706 590 2764 Paschati
619 2718 723 2764 certum
752 2710 778 2765 in
801 2727 872 2765 anuo
895 2709 998 2766 iuliano
1022 2709 1094 2766 diem
1114 2718 1163 2765 sta·

150 2804 272 2859 tucrunt,
295 2793 368 2849 velut
391 2793 444 2847 Vlll
468 2792 525 2848 llal.
548 2801 595 2848 ant
622 2796 668 2858 15,
691 2802 738 2848 aut
757 2797 803 2858 td,
828 2793 983 2869 dequibus
1006 2794 1090 2868 paulo
1110 2800 1164 2869 poet

151 2880 285 2954 agendum
308 2879 367 2942 erit,
391 2895 461 2951 quos
484 2895 578 2934 omues
601 2878 767 2952 Epiphanius
790 2878 823 2934 ad
846 2870 1104 2949 Quartodecimauos
1123 2895 1165 2952 ag·

151 2966 281 3039 gregavit,
312 2964 400 3018 Tertia
424 2964 479 3037 τῆς
496 2964 550 3019 τοῦ
564 2956 681 3037 Πάσχα
697 2958 888 3041 διαστροφῆς
902 2965 979 3028 ratio,
1004 2973 1088 3038 atque
1103 2962 1166 3019 llae-

111 3050 230 3112 ssdresis
253 3058 284 3104 ut
306 3066 320 3104 a
342 3048 479 3121 prioribus
501 3049 614 3113 diversa.
638 3050 677 3104 sie
693 3048 996 3116 Ottartadecimauorum
1013 3049 1168 3125 appellatio-

152 3150 213 3188 nem
237 3133 334 3188 iustius
357 3150 437 3207 quam
459 3135 596 3205 posterior
618 3134 686 3190 hacc
708 3132 856 3198 obtinebit,
880 3151 1036 3207 quaecum
1066 3135 1168 3192 unirer

153 3234 209 3272 sam
232 3217 295 3273 olim
318 3217 468 3280 ecclesiam,
494 3227 549 3273 tum
572 3219 719 3292 praecipue
731 3219 929 3276 Occidentalem
944 3221 1077 3277 euomuit.
1101 3219 1168 3277 ilaue

153 3303 198 3376 qui
228 3302 314 3357 secuti
337 3311 416 3365 suut,
446 3302 548 3360 Pascha
571 3303 609 3358 illi
631 3304 738 3378 quidem
762 3304 900 3360 llominico
923 3305 966 3360 die
988 3304 1168 3366 celebrabant,

153 3387 200 3442 sed
223 3387 246 3441 si
273 3390 307 3442 14
332 3386 407 3441 Luna
430 3388 455 3442 in
480 3404 540 3442 cum
564 3388 634 3444 diem
657 3388 797 3453 incideret,
822 3406 875 3444 uon
894 3406 925 3445 ex
941 3392 1114 3465 praescripto
1128 3386 1170 3446 lli-

154 3488 252 3528 eaeuae
268 3470 369 3542 Synodi
391 3471 417 3526 in
443 3474 478 3529 at
504 3472 575 3529 diem
599 3473 767 3539 differebant,
790 3474 888 3530 sedin
911 3473 1028 3530 termino
1052 3477 1114 3550 ipso
1133 3473 1171 3531 le-

153 3565 225 3611 stum
248 3556 370 3611 obibant.
409 3557 486 3634 Quod
509 3558 535 3613 iu
560 3558 642 3615 Gallia
665 3559 810 3632 quondam,
834 3558 970 3632 Hispania,
993 3575 1025 3615 ac
1048 3574 1173 3634 praenet-

154 3641 201 3697 tbu
224 3642 357 3696 Britannia
381 3642 525 3715 plcrosque
549 3643 670 3700 tenuisse
692 3652 828 3699 testantur
848 3643 951 3708 bedae,
975 3643 1124 3718 Sigeherti,
1144 3657 1173 3699 ae

154 3735 325 3782 caeterorum
336 3726 446 3799 scripta.
477 3726 541 3782 Vide
553 3729 683 3801 imprimis
695 3729 792 3784 Bedam
804 3729 876 3784 Eccl.
889 3727 957 3784 llist.
971 3731 999 3792 2,
1015 3732 1033 3788 3
1048 3739 1076 3787 et
1089 3734 1117 3796 5,
1127 3728 1172 3787 td.

155 3811 222 3866 'lum
245 3828 314 3885 quae
337 3810 369 3866 ad
386 3811 567 3884 Nicephorum
588 3823 652 3869 ante
674 3831 776 3887 paucos
798 3830 884 3870 annos
899 3814 1099 3872 adnotavimus.
1121 3815 1175 3870 Po-

155 3906 273 3953 stremus
295 3896 328 3951 (le
351 3896 507 3953 celebritate
530 3897 667 3954 Paschatis
689 3916 767 3954 error
782 3900 937 3955 Latinorum
960 3899 1020 3964 luit.
1045 3901 1094 3976 qui
1115 3913 1174 3957 can

155 3981 182 4037 in
205 3980 319 4038 caeteris
341 3980 486 4037 Nicaenum
510 3981 646 4038 Cononem
670 3993 697 4040 et
715 3983 877 4041 Catholicam
901 3983 1024 4058 regulam
1047 3985 1176 4043 ohserva-

155 4077 226 4134 rent,
249 4066 356 4124 ludaico
379 4075 469 4125 tamen
491 4067 545 4123 ritu
568 4068 687 4125 citimum
711 4069 856 4126 terminum
877 4078 1082 4129 antevertentes
1098 4067 1177 4145 primi
