2586 4822
151 724 214 789 232
605 734 719 785 aarum

152 903 216 972 post
236 894 378 951 dissonam
401 892 553 967 Synodum,
576 892 613 948 ait
635 891 763 947 Athanas.
786 886 897 963 Apol.2
922 897 950 945 et
972 889 1171 947 'theodoretus

153 980 208 1038 Sed
229 996 299 1053 quae
321 980 354 1036 de
379 978 529 1034 Alexandro
552 992 711 1033 successore
732 985 787 1031 tam
811 974 948 1031 hocloco
972 991 1056 1048 quam
1078 976 1105 1031 ia
1124 992 1171 1031 aa·

152 1066 261 1140 periore
289 1063 399 1120 liaeresi
427 1065 521 1136 capit
549 1072 639 1118 narrat
666 1061 847 1136 Epiphanius,
878 1076 940 1115 cum
963 1060 1086 1119 historia
1102 1059 1172 1117 nulle

151 1149 235 1206 ruodo
256 1149 440 1205 consentiunt.
468 1147 524 1202 lloc
546 1148 617 1203 enim
639 1156 755 1211 constat,
771 1154 880 1200 mortuo
894 1145 1052 1202 Alexandro
1075 1145 1171 1202 nullan

153 1235 234 1291 aliam
257 1234 423 1290 successisse
445 1241 554 1306 practer
575 1233 765 1294 Athanasium,
790 1231 872 1303 idque
893 1232 1036 1286 communi
1058 1231 1171 1287 omnmo

153 1318 278 1377 ordinum
307 1318 444 1373 volumtate
466 1334 497 1373 nc
519 1316 663 1391 suffragio,
694 1316 733 1372 uti
756 1315 890 1389 synodica
911 1315 1087 1372 Alexandrini
1104 1332 1170 1373 cou-

154 1420 247 1460 sessus
275 1402 394 1475 Epistola
424 1410 540 1457 testatur
567 1402 637 1474 apud
663 1403 761 1457 Athan.
785 1400 861 1474 Apol.
879 1402 907 1457 2.
953 1401 1069 1457 i'rttstra
1094 1401 1172 1476 igittn·

153 1488 319 1561 Epiphanius
349 1487 477 1542 Achillam
506 1486 656 1542 Alexandro
692 1485 869 1559 subrogatum
898 1484 972 1542 dicit.
1020 1486 1086 1543 nau
1112 1495 1170 1561 post

152 1571 265 1627 Pettium
287 1570 379 1626 sedem
401 1571 472 1626 illam
496 1571 583 1661 tpnuit
606 1582 633 1627 et
655 1564 842 1627 successorem
865 1570 962 1626 habuit
983 1571 1171 1631 Alexandrou.

152 1654 279 1730 seditque
307 1673 406 1710 annum
435 1658 564 1711 duntaxat
591 1673 692 1720 unum,
721 1665 752 1712 ut
780 1655 948 1728 Nicephorus
977 1656 1006 1711 in
1044 1656 1170 1712 climate·

151 1740 272 1813 attipeit.
302 1743 336 1795 At
358 1741 523 1814 Epiphanius
540 1741 668 1804 Achillae,
692 1741 737 1814 qui
759 1749 823 1814 post
838 1740 1020 1796 Alexandrum
1044 1759 1059 1796 a
1077 1742 1168 1798 Catha-

75 1855 77 1857 >
153 1824 212 1881 licia
241 1824 406 1880 substitutus
436 1835 493 1888 est,
522 1842 630 1882 menses
660 1824 754 1881 tribuit
776 1833 846 1897 tres:
877 1824 1032 1898 eodemque
1058 1837 1168 1900 temporo

152 1909 292 1965 ‘l'bconam
326 1926 340 1964 a
373 1910 520 1966 llclctianis
555 1912 707 1967 ordinatum
741 1911 851 1974 asserit,
886 1910 960 1983 quod
992 1928 1079 1967 nemo
1109 1911 1168 1967 alius

152 1993 281 2068 prodidit.
1141 2014 1145 2021 ·

240 2096 299 2153 736
317 2113 340 2150 a.
371 2090 433 2151 inti
456 2080 511 2150 οὖν
531 2087 890 2170 ἐλθόντοςᾊθανασιόυ]
921 2096 1007 2152 Nimis
1032 2097 1167 2170 impudera-

152 2187 196 2234 ter
218 2186 245 2234 et
266 2187 392 2252 proterve
417 2179 584 2236 Camerarius
607 2181 633 2236 in
657 2181 812 2256 Appendice
834 2182 866 2237 ad
888 2181 1039 2255 Nicephori
1062 2181 1168 2239 Chreti-

153 2278 204 2320 con
227 2262 260 2320 de
283 2265 428 2320 Athanasio
458 2282 536 2320 situm
561 2267 709 2340 interponit
730 2266 872 2330 iudicium,
903 2275 930 2322 ct
953 2284 1112 2341 quanquam
1130 2268 1167 2323 it-

152 2348 227 2421 g‘enti
250 2350 338 2405 animo
361 2351 479 2406 veritatis
502 2353 681 2425 patrocinium
704 2352 857 2425 suscepisse
872 2352 999 2414 fateatur.
1026 2354 1089 2425 plus
1103 2352 1166 2410 illan

153 2442 257 2499 tamen,
287 2452 366 2507 quam
396 2445 552 2508 oporteret.
582 2437 638 2491 suis
666 2436 811 2493 indulsisse
832 2436 1029 2511 cupiditatibus
1054 2450 1165 2495 etstan

98 2524 118 2547 ·'
152 2520 272 2593 prolauis
295 2519 438 2594 aliquando
461 2522 603 2577 miscuisse
618 2521 706 2578 docet.
738 2522 804 2591 Qiiis
820 2522 990 2578 lutheranae
1005 2521 1075 2579 istas
1091 2523 1167 2579 taces

152 2613 256 2660 tantum
284 2603 335 2661 sibi
364 2607 490 2662 audaciae
518 2623 626 2663 sumere
655 2608 770 2663 miretur
796 2607 886 2681 potius
922 2623 1005 2680 quam
1041 2606 1166 2666 communi

151 2690 259 2762 pictatis
282 2690 391 2747 nomine
413 2689 595 2748 succenseat?

239 2795 298 2850 737
315 2811 339 2848 a.
371 2788 420 2848 arai
451 2786 547 2850 αὐτοῦ
575 2788 609 2849 δι’
633 2793 685 2850 τοῦ
706 2788 938 2867 Κωνσταντίου]
985 2795 1084 2852 Simile
1105 2792 1162 2857 huit,

66 2909 71 2934 2·
150 2893 182 2932 ac
209 2878 290 2952 longe
319 2879 398 2933 etiam
421 2876 646 2936 honorificentius
669 2890 696 2936 et
721 2879 831 2936 uberius
854 2879 977 2936 ciusdem
1001 2879 1165 2955 imperatus

150 2961 268 3037 elogium
291 2972 363 3019 extat
384 2963 456 3037 apud
471 2962 675 3020 Nazianzenum'
691 2965 716 3019 iu
739 2964 830 3039 priore
852 2961 1085 3048 oaqlrraeraxqi,
1106 2964 1188 3042 quod·

149 3047 269 3103 oratorio
298 3064 373 3104 merc
408 3066 438 3105 ac
466 3049 571 3105 dicendi
601 3049 704 3122 impetu
733 3059 760 3106 et
787 3049 876 3106 calore
911 3049 1060 3124 profusum
1094 3050 1167 3127 anagia

149 3147 230 3203 quam
253 3149 284 3186 er
307 3133 346 3187 rei
368 3137 480 3190 veritate
504 3135 655 3207 profectum
678 3134 791 3191 videtur.

236 3233 294 3287 737
312 3249 336 3287 c.
368 3227 511 3309 δεύτερον
532 3228 574 3291 ἔτι
597 3230 745 3311 ἐνίσχυσι]
776 3236 835 3293 Νοιι
858 3235 890 3292 ab
913 3236 1046 3302 Eusebio.
1073 3235 1166 3296 sedai

147 3311 278 3379 Eudoxio,
302 3316 346 3388 qui
371 3316 695 3392 Constantinopolitanam
719 3321 810 3380 sedem
833 3332 997 3395 occuparat,
1022 3322 1168 3398 baptisatus

149 3408 192 3455 est
213 3398 319 3457 Valens.
350 3400 439 3469 Quare
460 3421 511 3476 pro
533 3395 685 3475 Εὐσεβιόυ
707 3407 761 3482 leg.
783 3396 944 3476 Εὗδοξιόυ.

157 3578 165 3601 Ι
236 3504 291 3560 741
311 3519 336 3558 a.
366 3497 416 3559 arui
438 3495 495 3578 οὐχ
515 3493 562 3562 ὅτι
590 3497 710 3582 ἄγγελοι
738 3500 939 3584 ὑπάρχουσι].
965 3507 1059 3567 Scrib.
1081 3501 1166 3582 ain&

148 3601 260 3657 εχουσι.

236 3688 296 3744 745
312 3686 338 3742 d.
367 3683 446 3761 μετὰ
469 3681 615 3764 ἑξήκοντα
636 3687 693 3748 daie
715 3687 829 3768 γενεάς]
860 3691 899 3748 Ab
916 3693 1022 3750 Adamo
1037 3694 1166 3752 adAbra·

147 3770 256 3826 hamum
284 3769 381 3846 γενεαὶ
410 3785 474 3830 sunt
498 3777 546 3833 20.
592 3776 631 3832 Ab
654 3777 862 3834 Abrahamoad
885 3778 1026 3836 Christum
1051 3781 1093 3838 42
1120 3781 1166 3836 lact

141 3864 190 3911 eat
211 3865 255 3910 ter
276 3859 492 3929 quatuordecim.

234 3943 291 3998 747
310 3939 336 3997 b.
369 3945 423 4000 aori
444 3938 558 4018 ταύτης
580 3938 750 4022 depraecari]
776 3949 841 4022 ch.
858 3948 986 4004 videntur
999 3941 1167 4027 ἁρμοστοῦ·

145 4023 201 4080 Nisi
229 4025 299 4082 lorte
326 4024 592 4104 γλωσσηματῶδες
618 4032 753 4106 quoddam
781 4032 943 4091 uocabulum
971 4034 1020 4090 sit.
1064 4035 1168 4108 Quippe
