2586 4822
71 39 1253 312 νὴ

483 823 589 873 veusro
609 824 749 882 serious.
1060 813 1121 877 tut

145 975 200 1041 bor,
218 985 241 1032 et
261 975 440 1050 Neptolim¹).
485 977 640 1034 Liberaruni
664 978 710 1034 sdii
733 978 884 1051 probantur
905 981 949 1036 bic
972 998 1031 1038 esse
1054 1001 1135 1056 prae-

144 1060 186 1124 lau',
204 1079 312 1138 cumque
335 1071 363 1119 et
384 1063 434 1118 ista
457 1062 550 1118 divisio
573 1064 679 1119 videtur
693 1065 902 1137 inconsequens,
927 1065 958 1121 ad
976 1067 1133 1138 quadratum

145 1147 255 1203 rationalis
283 1147 404 1204 ordinem
434 1164 488 1202 non
518 1164 548 1203 ea
576 1148 630 1203 visa
661 1158 702 1204 est
730 1150 900 1205 assumenda.
947 1151 1134 1210 Verumtamen

145 1231 197 1287 banc
214 1234 330 1288 eamdem
352 1232 519 1288 undecimam
542 1232 698 1289 divisionem
726 1234 840 1290 sollicite
863 1245 1034 1300 contuentes,
1065 1255 1133 1309 quae

146 1316 165 1369 in
181 1317 233 1373 duas
254 1325 345 1390 partes
367 1317 473 1373 ridetur
495 1335 555 1373 esse
578 1318 701 1378 discreta.
726 1335 772 1373 ser
795 1320 820 1373 in
845 1337 899 1374 uno
923 1331 1015 1376 monte
1039 1330 1065 1377 et
1087 1333 1160 1381 sext

146 1399 255 1466 iudtero,
278 1402 347 1457 bane
370 1401 491 1458 arbitrati
513 1419 607 1457 sumus
628 1419 779 1475 congruere
796 1405 915 1459 numeris
931 1407 1134 1478 compositionis

145 1483 234 1556 lap'dum
249 1486 391 1560 smaragdi,
414 1487 460 1558 qui
475 1488 606 1542 catenulis
621 1487 809 1551 nectebantur,
833 1488 947 1545 ordinati
962 1507 1013 1562 per
1027 1499 1136 1546 utrum-

146 1585 185 1641 que
202 1572 328 1644 pontiticis
351 1572 505 1634 humerum,
528 1589 594 1627 auro
618 1581 645 1627 et
660 1572 850 1645 byancinthina
867 1575 929 1629 vitta
946 1577 1073 1639 conserti,
1098 1577 1133 1631 ita

147 1661 167 1707 ut
188 1656 209 1711 iu
232 1656 272 1712 bis
300 1655 407 1712 duobus
441 1655 589 1729 smaragdis
625 1656 838 1714 inscriberentur
873 1661 980 1715 nomina
1016 1660 1132 1715 tiliorum

146 1735 213 1803 brad,
232 1758 264 1798 eo
286 1740 360 1816 quod
382 1757 452 1796 unus
475 1741 632 1814 smaragdus
655 1741 689 1796 ob
713 1743 906 1798 rotunditatem
929 1744 970 1798 sui
994 1744 1134 1801 duodecim
1149 1753 1178 1803 to

147 1825 228 1881 nonna
247 1842 344 1900 capere
367 1842 421 1882 non
444 1835 547 1897 posset.
602 1825 751 1899 Oportebat
779 1836 884 1891 autem,
915 1838 956 1892 et,
986 1829 1008 1883 si
1036 1846 1133 1902 capere

147 1916 233 1976 poterat,
256 1911 365 1966 dextros
380 1910 559 1983 sinistrosque
574 1910 711 1984 distingui,
735 1920 762 1966 et
778 1912 838 1968 ideo
861 1914 886 1967 in
904 1922 1020 1985 utroque
1035 1914 1132 1987 lepide,

148 1993 212 2059 posito
230 1996 256 2050 in
280 1995 389 2050 dextera
413 1995 515 2050 scilicet
537 2005 564 2051 et
586 1996 709 2058 sinistra,
739 1997 892 2069 conscripta
921 2007 985 2053 sunt
1014 1999 1133 2063 nomina,

121 2075 204 2135 sesicut
222 2079 246 2134 in
268 2089 386 2153 utroque
409 2089 501 2134 monte
524 2079 638 2135 Gerizim
662 2091 689 2136 et
705 2080 788 2137 Gebet
812 2080 897 2137 tritius
920 2081 1036 2137 filiorum
1054 2084 1134 2139 israel

149 2160 256 2220 ordinuae
277 2174 351 2222 sunt.
382 2164 432 2233 Qui
454 2173 560 2219 montes
583 2181 614 2220 ex
637 2166 748 2222 adverso
768 2165 819 2221 sibi
841 2175 991 2222 cernuntur
1013 2169 1174 2241 oppositi15

149 2243 279 2306 iconentis
302 2258 388 2324 parte,
420 2248 463 2304 ubi
487 2250 592 2305 iericho
615 2251 664 2305 sita
687 2243 757 2314 esth,
789 2251 857 2306 ultra
886 2251 976 2307 locum
1000 2252 1132 2326 Geigalae,

211 2400 230 2454 li
248 2400 315 2449 Deut.
335 2400 372 2460 bl,
385 2398 417 2449 29
427 2415 480 2462 sqq.

147 2531 417 2552 *-

209 2633 228 2690 bt
245 2635 278 2683 De
296 2635 344 2682 situ
362 2634 450 2683 montis
469 2634 571 2683 Gerizim
597 2635 694 2695 copiose
719 2642 791 2694 eguus
809 2635 915 2684 Andreas
934 2636 1021 2684 blasius
1041 2637 1063 2683 iu
1082 2651 1134 2698 cap.

149 2690 183 2742 illl
197 2700 264 2762 lusae,
285 2704 361 2752 t'ritis.
379 2719 438 2753 secr.
457 2710 513 2752 tom.
526 2703 552 2762 il,
573 2703 617 2750 coi.
629 2701 687 2755 211.
713 2717 807 2750 necnon
828 2703 947 2751 Rotundus
966 2704 1061 2753 Misced.
1081 2705 1136 2764 pl,

77 2811 80 2817 .
149 2758 191 2812 biss.
207 2768 225 2831 3,
241 2767 291 2833 55,
310 2778 355 2818 ete.
398 2771 470 2818 Prout
494 2771 532 2818 hic
557 2771 629 2818 sentit
649 2769 809 2831 Epiphanius,
837 2785 930 2818 necnon
955 2773 978 2817 in
1003 2773 1055 2820 Pon.
1076 2772 1098 2819 Ιι.
1111 2771 1134 2831 9,

148 2823 185 2890 bb
199 2849 217 2897 p.
229 2837 265 2897 25,
285 2852 384 2888 sensere
403 2838 474 2886 etiam
493 2847 577 2887 auctor
595 2839 648 2886 libri
669 2839 699 2886 de
717 2840 760 2888 tec.
780 2855 838 2887 secr.
858 2840 940 2902 Scrip,
963 2847 986 2886 et
1006 2839 1135 2900 Procopius

147 2897 226 2953 tiriacus
241 2909 264 2954 in
282 2907 356 2965 deut,
376 2920 469 2954 necnee
489 2908 550 2955 inter
568 2906 716 2956 recentiores
737 2906 853 2968 Iosephus
872 2907 977 2967 Scaliger
1000 2911 1025 2955 io
1042 2908 1136 2956 Errscbii

148 2964 251 3032 tbootron,
271 2974 362 3036 pido,
389 2974 445 3023 edit.
465 2977 538 3023 dmst.
563 2990 600 3023 an.
622 2974 699 3035 1658,
727 2984 750 3022 et
769 2974 905 3022 Gerburdus
931 2976 1047 3023 iterentur
1071 2976 1135 3037 apud

144 3034 234 3088 dndream
253 3042 359 3092 blasium.
400 3042 480 3090 Critici
508 3043 644 3105 opinionem
671 3043 731 3090 banc
759 3042 868 3090 tatsiraus
886 3043 1021 3091 incidenter
1039 3044 1134 3103 coargui

143 3102 259 3157 arbitrantur
277 3126 303 3158 cr
324 3110 373 3158 lud.
393 3111 596 3172 cup.1X,6et'i‚
617 3112 656 3158 ubi
676 3111 775 3170 legimus
795 3111 900 3159 {uetitum
921 3112 1041 3159 Gedcunis
1060 3111 1134 3158 tilium

138 3177 235 3225 erentes
246 3177 346 3228 Gerizim
365 3178 501 3226 Sirbimitas
520 3179 549 3226 ad
568 3180 655 3226 montis
675 3179 767 3226 radices
786 3187 905 3226 versantes
924 3179 1053 3227 edocerem
1072 3194 1135 3226 esse.

140 3237 240 3294 Praeterea
259 3246 320 3309 apud
341 3246 461 3306 loannem,
481 3260 532 3310 cap.
544 3247 578 3304 tt,
597 3247 745 3294 Sarrraritoua
770 3248 856 3294 mulier
879 3247 908 3294 ed
935 3256 1032 3308 putenm
1052 3261 1135 3308 quern-

138 3305 181 3357 daru
196 3327 237 3360 eon
256 3314 325 3374 longe
342 3314 372 3361 ab
391 3315 449 3363 urbe
468 3314 563 3363 Siebem
583 3315 686 3375 positum
714 3314 743 3361 de
763 3314 851 3376 templo
870 3330 913 3361 suo
932 3315 1042 3376 loquens,
1070 3315 1135 3376 quod

132 3390 195 3440 super
211 3381 308 3430 Gerizim
327 3381 401 3430 fuisse
420 3382 565 3444 exploratum
586 3391 622 3430 est
649 3397 674 3429 er
704 3382 723 3429 ΙΙ
743 3382 848 3430 blacbeb.
868 3383 926 3430 libro
946 3383 1044 3445 cepti,
1064 3383 1086 3443 2,
1112 3391 1136 3430 et

132 3447 265 3512 erresque,
283 3452 358 3513 Antiq.
369 3449 409 3498 lib.
421 3450 457 3507 xi,
477 3465 528 3512 cup.
539 3450 561 3507 8,
581 3446 631 3512 52,
650 3450 681 3497 ait
695 3460 753 3497 vers.
765 3450 813 3497 2οῑ
834 3452 910 3500 Patres
929 3454 1002 3499 nostri
1020 3455 1044 3499 io
1061 3460 1136 3499 monte

129 3517 168 3565 bec
184 3520 346 3576 adoratorium
365 3526 388 3565 et
399 3517 508 3566 Christus
520 3518 644 3580 respondit
656 3533 715 3565 vers.
726 3518 753 3566 21
767 3531 772 3565 :
798 3520 859 3566 Venit
878 3523 935 3567 doro
953 3521 1044 3582 quenda
1064 3534 1136 3581 neque

124 3586 148 3632 iu
164 3595 234 3634 monte
250 3588 299 3645 troc,
319 3593 381 3633 etc:
408 3601 435 3634 ex
454 3601 501 3648 quo
520 3586 634 3648 loquendi
654 3586 724 3633 modo
743 3594 848 3634 rnontern
868 3587 890 3634 in
911 3595 1041 3647 conspeetu
1061 3586 1136 3633 [uisse

123 3650 190 3701 facile
207 3661 242 3701 est
260 3652 398 3714 intelligere.
435 3655 533 3702 lJemum
553 3654 641 3701 diserte
661 3654 731 3701 ctiam
749 3654 864 3716 ioscptrus
884 3657 958 3717 drrtiq.
978 3654 1064 3714 untv,
1083 3668 1135 3714 cap.

123 3721 171 3775 uit,
191 3716 255 3782 544,
272 3721 349 3781 tint,
368 3735 419 3783 cap.
434 3722 453 3780 1,
473 3718 540 3785 ξ19,
560 3730 582 3770 et
601 3736 652 3783 cap.
665 3722 688 3780 t,
707 3719 764 3783 §2;
791 3722 831 3771 tro,
847 3722 875 3781 u,
895 3736 946 3784 cup.
967 3723 1017 3778 ult,
1036 3717 1087 3783 §e
1113 3727 1136 3766 ct

118 3790 157 3839 lib.
167 3788 227 3844 ΧΙΙΙ.
246 3803 296 3852 cap.
307 3789 331 3849 9,
350 3785 367 3851 ξ
384 3789 405 3837 l.
441 3789 571 3851 Procopius
591 3790 763 3847 Caesariensis,
790 3791 821 3839 Dc
840 3792 960 3851 aedificiis,
981 3798 1035 3847 etc,
1060 3787 1099 3835 tib.
1110 3788 1134 3844 V,

115 3873 168 3921 cap.
180 3856 203 3917 t,
222 3871 315 3905 necnon
332 3857 484 3905 edricomius
504 3865 526 3905 et
544 3857 678 3906 Brocardus
703 3857 790 3905 oculati
810 3866 883 3905 testes
903 3859 1031 3905 Sicbimnm
1052 3856 1134 3903 urbem

115 3928 181 3976 iuxta
201 3924 302 3974 Gerizim
320 3925 424 3974 iacuisse
443 3933 545 3974 narrant.
581 3925 732 3974 Tatmudicos
752 3933 863 3974 auctores
882 3925 943 3973 eteros
961 3940 974 3974 a
994 3924 1066 3972 btasio
1086 3924 1135 3968 tau-

113 3997 194 4048 aeros,
213 3994 253 4056 qui
272 4002 366 4042 ruentes
378 3994 480 4042 Gerizim
499 4002 522 4042 et
533 3994 605 4042 Gebal
618 3995 713 4042 circiter
724 3993 759 4041 tx
779 3994 842 4042 mitte
862 4008 975 4056 passuum
995 3993 1023 4039 ab
1035 3990 1135 4038 iordane

111 4065 203 4113 abesse
222 4068 326 4123 narrant,
345 4063 383 4111 bis
401 4076 529 4110 accensere
549 4076 692 4124 possumus:
714 4062 821 4123 quinimo
833 4064 883 4123 ipsc
895 4063 965 4109 etiam
978 4061 1136 4119 Hieronymus

109 4136 135 4182 in
157 4131 280 4194 Epitaphio
293 4131 378 4180 Poetae
395 4132 475 4180 neutris
494 4133 525 4180 ed
543 4131 690 4180 Eustochium
709 4129 754 4178 boc
774 4130 853 4192 ipsum
871 4130 1001 4178 docuerat:
1024 4126 1136 4175 Transire
