2586 4822
154 825 192 871 U
509 819 595 869 111οΣ
611 819 821 871 nummum

154 970 279 1054 ἐμεινεν
301 969 419 1054 νεκρός.
453 965 470 1034 ό
495 971 529 1036 δὲ
552 973 609 1035 τοῦ
632 973 715 1037 θεοῦ
737 969 880 1054 μιμητής
901 970 955 1035 καὶ
976 975 1078 1054 μέγας
1099 963 1167 1053 ἀρι-

153 1068 249 1146 στεὺς
267 1062 460 1154 Ἐπιιγάνιος
480 1072 598 1134 τοῦτον
620 1067 783 1154 κρατήσας
804 1063 876 1154 ’όγιή
894 1070 1095 1152 παραχρῆμα
1111 1092 1168 1134 πε·

153 1172 298 1246 ποίηκεν.
335 1169 433 1232 τοῦτο
456 1155 513 1232 οὖν
534 1169 656 1249 γνοῦσα
677 1162 696 1252 r}
719 1164 796 1252 γυνή
824 1167 1069 1231 (θυοστινιανοῦ
1093 1161 1168 1252 ήγα-

153 1288 207 1348 γεν
227 1267 274 1349 τῷ
297 1259 379 1349 άγίηι
402 1258 485 1346 ύπέρ
507 1266 565 1349 τής
587 1258 679 1348 εύχής
701 1258 802 1329 αὐτοῦ
825 1269 1013 1346 νομίσματα
1033 1263 1134 1344 χίλια.

128 1379 145 1428 1
237 1368 372 1429 49-52.
402 1356 579 1428 Ἀπελθιόν
602 1363 638 1427 δὲ
660 1361 694 1428 ἐν
706 1357 807 1447 Ῥώμη
831 1356 850 1426 ό
873 1357 965 1446 ἅγιος
977 1355 1172 1447 Ἐπιφάνιος

154 1453 194 1524 δι’
220 1455 312 1544 εόχής
335 1458 451 1525 ι’άσατο
474 1456 652 1544 τὸπάθος
673 1463 731 1546 τής
752 1454 898 1546 ἀδελφῆς
919 1460 985 1524 τῶν
1007 1459 1171 1543 βασιλέων

149 1549 326 1641 Ἀρκαδίου
354 1561 407 1622 καὶ
427 1552 600 1641 Ὁνωρίου,
628 1556 761 1622 καὶτὸν
784 1556 856 1623 υἱόν
879 1551 978 1643 αύτής
1000 1558 1170 1622 τεθνεῶτα

153 1648 345 1737 ἀνέστησεν·
379 1658 431 1722 καί
466 1656 504 1741 τῇ
538 1653 704 1741 ἐπιτροπῇ
738 1658 796 1719 τοῦ
826 1654 1013 1721 ἐπισκόπου
1035 1648 1169 1738 Ῥώμης,

45 1746 48 1753 ’
152 1751 289 1830 τούτους
314 1753 478 1837 βαπτίζει.
523 1755 575 1818 καὶ
599 1752 708 1819 πολλὰ
730 1751 935 1839 νουθετήσας
955 1754 1009 1818 καὶ
1032 1749 1171 1838 κατηχή-

115 1867 214 1928 1οσας
234 1851 292 1917 τὸν
314 1850 409 1934 λόγον
432 1853 490 1936 τής
512 1844 679 1935 εὐσεβείας
704 1852 759 1916 καὶ
780 1854 838 1936 τής
857 1849 1000 1934 χάριτος,
1025 1844 1067 1914 δι’
1093 1845 1170 1935 ήμε·

152 1951 217 2032 ρῶν
239 1947 272 2032 μ’
294 1947 353 2035 τήν
376 1947 513 2034 Κύπρον
535 1950 719 2032 κατέλαβεν.

236 2051 286 2113 53.
311 2054 360 2112 54.
391 2048 507 2128 Λιμοῦ
531 2043 626 2124 ὄντος
646 2044 788 2129 μεγάλου
811 2046 903 2122 ποτὲ,
927 2045 1058 2109 καὶτοῦ
1077 2051 1168 2109 Φαυ-

152 2144 319 2207 στινιανού
349 2142 478 2224 ἐχοντος
506 2137 683 2227 ἀποθήκας
710 2143 972 2226 πεπληρωμένας
998 2148 1093 2206 σίτου
1116 2144 1168 2207 καλ

151 2241 285 2325 κριθής,
313 2243 366 2305 καὶ
387 2241 489 2327 μηδὲν
511 2251 582 2317 τοῖς
604 2253 751 2323 πτωχοῖς
772 2239 937 2317 διδόντος,
966 2236 984 2304 ό
1008 2235 1105 2324 άγιος
1126 2233 1169 2317 ὦς

115 2355 143 2404 11
152 2332 210 2403 ὅτε
242 2336 352 2424 πατήρ
385 2335 607 2424 εύσπλαγχνος
640 2338 810 2403 ἐνουθέτει
847 2331 945 2402 αάτόν
981 2336 1025 2423 μή
1066 2333 1169 2416 οότως

151 2432 360 2519 ἀσπλογχνον
389 2430 488 2501 αύτὸν
511 2431 670 2503 εἶναικαὶ
694 2431 907 2519 ἀμετάδοτον.
947 2437 1006 2499 τοῦ
1030 2435 1068 2503 δὲ
1091 2429 1166 2518 ἀμε-

150 2539 334 2618 τατρέπτου
356 2538 512 2615 μένοντος
533 2536 586 2599 καλ
609 2536 667 2599 τοῦ
691 2534 772 2598 λαοῦ
795 2528 863 2599 ύπό
884 2536 943 2617 τής
957 2532 1088 2611 ἐνδείας
1102 2559 1169 2599 κιν-

150 2628 349 2709 δυνεύοντος,
372 2634 430 2696 τού
455 2627 548 2715 άγίου
573 2627 746 2715 εὐχομένου
769 2626 852 2714 ύπέρ
867 2633 925 2695 τού
943 2632 1023 2694 λαοῦ
1040 2629 1167 2695 καὶτὸν

150 2728 231 2796 θεὸν
255 2728 463 2807 ἱκετεύοντος,
486 2718 590 2815 ήλθεν
614 2726 701 2815 αύτῷ
725 2728 758 2795 ἐν
780 2731 841 2815 μιᾷ
859 2727 953 2816 φωνή
969 2722 1164 2811 ούρανόθεν,

111 2827 323 2892 ἳωκατελθεῒν
352 2826 385 2892 ἐν
410 2830 460 2912 τη]
486 2822 656 2913 Ἑλληνικῷ
685 2830 752 2912 ναῷ
781 2830 827 2912 τῷ
857 2825 1082 2911 ἐπιλεγομένῳ
1110 2827 1167 2890 τοῦ

149 2922 234 3001 Διὸς
255 2921 349 2998 ὄντος
371 2923 404 2990 ἐν
427 2919 593 3012 ἀσφαλείᾳ
608 2925 725 3011 πολλή.
756 2925 810 2989 καὶ
827 2921 865 3010 δή
882 2919 1096 3002 ἀπελθόντος
1110 2917 1168 2990 ού·

149 3026 207 3086 τοῦ
232 3017 381 3103 ἀοράτως
402 3020 443 3086 τά
464 3021 606 3106 κλεῖθρα
628 3023 773 3107 διηνοίγη
796 3016 864 3087 ὑπὸ
886 3023 979 3087 θεοῦ.
1021 3023 1077 3087 καὶ
1100 3021 1167 3088 είσ·

150 3116 260 3184 ελθιὺν
283 3117 375 3183 ἐνδον
398 3107 487 3201 εὗρεν
508 3126 641 3202 χρυσίον
664 3119 760 3198 πολὺ,
785 3116 869 3202 ὅπερ
892 3119 1001 3203 λαβὼν
1024 3114 1167 3203 όμαιιά·

149 3238 221 3300 ριος
248 3215 441 3301 ἐξηγόρασεν
469 3220 523 3282 καὶ
552 3217 670 3301 ἑτέρων
700 3219 834 3282 πολλῶν
859 3216 970 3282 πάντα
991 3215 1050 3282 τὸν
1075 3227 1165 3283 σῖτον

110 3316 410 3390 21Φαυοτινιανού,
440 3316 493 3380 καὶ
523 3314 660 3381 δέδωκεν
683 3311 783 3381 αὐτόν
805 3324 876 3393 τοῖς
899 3315 1079 3397 δεομένοις.
1122 3313 1164 3400 μή

237 3507 264 3564 8.
283 3496 445 3581 Όνωριόυ]
477 3496 606 3583 ὠνορίου
628 3507 661 3562 Η.
691 3500 838 3585 Ὁνόριος,
857 3499 1008 3582 Ὁνορίου,
1028 3498 1167 3582 Ὁκύριαν

149 3591 176 3647 iu
192 3590 248 3646 Vita
271 3608 299 3663 p.
318 3593 366 3655 53,
384 3595 412 3649 4.
438 3594 486 3656 51,
505 3593 553 3648 21.
579 3595 627 3658 63,
646 3594 695 3651 28.
720 3595 769 3659 64,
788 3594 843 3649 25
860 3608 930 3666 quae
946 3592 1063 3647 correxi.
1087 3592 1166 3649 Recto

149 3675 279 3748 scriptum
304 3692 332 3747 p.
351 3678 459 3740 54‚16.
486 3679 533 3742 56,
553 3679 601 3734 32.
731 3680 759 3736 9.
791 3669 991 3751 νουθετήσας]
1023 3668 1165 3732 νουθετί-

143 3775 207 3825 -οας
228 3758 260 3814 n.
390 3752 439 3817 21.
463 3751 563 3834 ὄντος]
595 3753 673 3818 όντω
702 3764 764 3832 (sic)
793 3761 825 3817 H.
869 3762 898 3817 ln
923 3760 980 3817 Vita
1003 3778 1029 3834 p.
1050 3764 1100 3826 58,
1118 3762 1165 3820 25.

148 3837 275 3909 ναὸς-
292 3833 375 3910 ὅστις
397 3840 531 3907 ἐκαλεῖτο
552 3839 631 3913 Διὸς
659 3839 822 3924 ἀσφάλεια.
851 3855 878 3903 et
902 3847 950 3904 31.
981 3839 1012 3900 ἐν
1033 3849 1082 3924 τῷ
1103 3845 1166 3924 ναῷ

148 3930 191 4006 τῷ
214 3923 390 4007 καλουμένην
412 3925 490 3996 Διός
511 3922 673 4010 ἀσφάλεια.
804 3933 853 3990 22.
877 3924 1030 4004 ἀοράτως]
1061 3925 1165 4007 ἀωρό-

148 4031 209 4080 τως
230 4012 261 4068 11.
364 4008 508 4090 διηνοίγη]
539 4009 669 4093 διηνύγει
693 4017 724 4073 H.
820 4018 870 4075 23.
892 4008 984 4088 πολύ]
1014 4012 1112 4073 πολύν
1133 4015 1165 4072 11.

148 4097 230 4154 Recte
253 4099 279 4154 in
302 4097 360 4155 vita
381 4117 409 4172 p.
428 4102 522 4164 5114.
