2586 4822
400 825 688 877 nniunnrensroues.
986 815 1052 885 m

75 982 230 1039 miliare.
275 981 354 1051 Quod
381 997 436 1037 una
462 997 524 1037 curn
546 981 660 1037 caeteris
682 980 709 1038 in
730 980 878 1054 Epistulam
899 1000 975 1043 suam
997 984 1053 1043 lla-

75 1082 181 1125 unser
203 1065 246 1123 illa
268 1065 366 1122 Leonis
388 1064 534 1123 transtulit.

120 1150 183 1207 llibi
210 1168 276 1207 vero
300 1150 562 1224 chorepiscoporum
591 1150 667 1222 otigo
690 1150 783 1206 iisdem
807 1167 839 1207 ea
860 1153 962 1209 caussis
985 1171 1052 1227 pro-

75 1235 146 1293 nisse
169 1237 287 1299 videtur,
312 1234 346 1291 ob
369 1253 436 1308 quas
459 1234 632 1291 Alexandriae
654 1235 815 1299 laurarum,
839 1237 894 1293 sive
915 1237 1051 1295 Ecclesia-

75 1336 96 1379 tt
124 1320 268 1377 divisiones
296 1321 432 1376 institutas
454 1320 621 1393 Epiphanius
643 1319 750 1384 scribit,
782 1321 927 1396 itidemque
949 1323 1051 1381 llonrae

75 1405 187 1463 ristian'a
208 1405 285 1479 plebs
308 1406 335 1460 in
358 1404 461 1461 Titulos
483 1403 626 1460 distributa
647 1404 706 1461 suit.
743 1406 808 1460 Cum
832 1407 902 1462 enim
924 1406 1051 1483 Episcopi

75 1502 138 1548 ιιιιι
160 1490 239 1563 plebe
262 1491 379 1563 regenda
401 1490 589 1564 pascendaque
611 1489 735 1555 districti,
758 1490 785 1544 in
801 1508 880 1565 agros
895 1509 1049 1556 excurrere,

75 1590 117 1649 [ue
139 1574 324 1631 Ecclesiastico
352 1591 464 1631 munera
486 1583 514 1631 et
535 1573 705 1631 Sacramenta
729 1575 871 1632 rusticanis
895 1577 1050 1635 bominibus

75 1660 191 1735 pendere
213 1660 302 1715 minus
325 1668 447 1732 possent.
470 1659 581 1715 vicarios
605 1660 699 1715 eodem
716 1660 933 1734 Cborepiseopos
948 1663 1051 1736 allega-

75 1753 109 1809 ιι,
132 1744 159 1798 in
181 1762 250 1818 quos
273 1761 395 1817 magnam
418 1744 485 1800 iuris
506 1743 703 1818 potestatisque
718 1761 783 1800 suae
799 1754 903 1818 partem
919 1749 1051 1805 transscr-

75 1837 111 1886 tt:
135 1829 271 1884 nonnullis
295 1829 396 1885 scilicet
412 1829 539 1902 exceptis,
562 1845 593 1884 ae
608 1828 659 1885 sibi
675 1829 826 1892 reservatis,
850 1848 966 1905 quorum
983 1850 1049 1888 usus

84 1912 190 1971 functio
212 1915 300 1969 minus
323 1923 443 1987 urgeret,
466 1930 535 1986 quae
557 1912 590 1968 ab
613 1913 703 1969 leone
725 1923 752 1969 et
775 1914 820 1970 illo
838 1914 949 1972 damaso
971 1934 1050 1973 com-

75 2008 227 2057 morantur.
273 1998 452 2066 Quamobrem
475 1998 658 2070 antiqnissima
681 2015 742 2054 esse
765 1998 845 2056 debet
868 2000 1049 2074 Eborepiscu-

75 2076 132 2141 rum
154 2083 304 2147 institutio,
334 2084 455 2156 adeoque
477 2082 560 2139 altera
582 2082 625 2138 illa
648 2082 798 2138 Titulorum
821 2085 848 2139 in
871 2084 984 2142 urbibus
1006 2087 1049 2142 di-

75 2168 135 2227 ioue
164 2169 302 2224 vetustior.
334 2168 481 2253 Siquidem·
499 2167 575 2225 initio
598 2184 668 2224 unus
691 2168 831 2241 oppidanis
853 2169 979 2226 omnibus
1000 2189 1050 2245 par

75 2268 95 2317 e
123 2262 230 2327 poterat
258 2251 417 2326 Episcopus.
463 2251 530 2308 Hinc
558 2261 601 2309 est
628 2252 702 2326 qnod
733 2253 759 2307 in
781 2253 910 2310 Neocaes.
934 2254 1047 2314 (laml3

75 2354 118 2395 ιιιι
139 2337 267 2394 duntaxat
290 2337 364 2393 urbis
386 2331 530 2414 κυριακὸν
551 2337 714 2401 nominatur,
737 2337 764 2393 in
780 2355 834 2411 quo
850 2339 949 2394 vicanis
966 2341 1049 2397 Pres-

75 2422 148 2485 ηιίι,
179 2422 367 2495 praesentibus
390 2421 504 2486 urbicis,
534 2422 617 2477 saeris
639 2422 745 2494 operari
767 2418 915 2479 nonlicet.
960 2428 1048 2499 Atque

75 2523 101 2565 ec
122 2507 262 2581 Epiphanii
287 2516 339 2563 tatii
362 2516 485 2562 accurata
507 2505 540 2560 de
555 2504 747 2562 Alexandrinae
767 2506 902 2563 Ecclesiae
925 2507 1048 2580 pluribus

75 2588 159 2651 clasiis
180 2591 331 2648 observatio
354 2608 410 2647 rem
434 2608 484 2647 uec
505 2589 570 2645 alibi
591 2591 698 2664 passim,
723 2606 773 2645 nec
794 2590 858 2646 olim
881 2603 1046 2665 usurpatam,

82 2687 223 2749 receptam
247 2676 330 2732 luisse
353 2677 529 2732 demonstrat.
559 2677 593 2730 tr
615 2676 642 2730 in
664 2675 735 2748 agris
751 2674 938 2733 Paroeciarum
953 2677 1049 2736 Eccle-

75 2778 187 2834 rumquo
216 2762 326 2817 divortia
356 2761 478 2833 primitus
506 2760 628 2815 instituta
656 2777 736 2815 nemu
760 2761 878 2832 prudens
900 2763 1047 2834 negaverit.

75 2844 137 2903 ibus
165 2846 379 2901 administrandis
408 2862 439 2901 ac
471 2844 653 2918 gubernandis
683 2844 890 2918 Cborepiscopi,
921 2855 1047 2920 tanquam

75 2929 267 3004 ¹iaEpiseopi,
297 2931 445 3003 praepositi
467 2937 545 2993 sunt,
575 2946 635 2984 cum
658 2929 820 3000 amplissima
842 2930 993 3002 quondam,
1016 2941 1048 2988 ut

75 3016 161 3077 imus,
191 3015 334 3079 facultate,
364 3015 520 3088 optimaque
544 3013 613 3087 lege.
660 3014 743 3081 Quam
766 3014 862 3070 deinde
883 3024 1047 3088 potestatem

75 3100 158 3172 boopi
187 3099 438 3173 constringendam,
466 3115 498 3155 ac
520 3098 601 3154 certis
623 3097 823 3154 conditionibus
847 3100 1046 3172 temperandam

75 3192 178 3243 mut:
207 3184 293 3240 donec
315 3183 465 3258 Episcopali
493 3182 638 3256 dignitate,
667 3199 698 3237 ac
726 3184 930 3241 consecratione
952 3186 1048 3260 privati

75 3284 158 3333 mum,
182 3268 277 3324 deinde
300 3286 413 3342 prorsus
435 3266 557 3341 abrogati
580 3266 698 3322 luerunt.
728 3267 819 3322 Pro
803 3285 835 3323 ns
857 3269 928 3325 enim
943 3287 1048 3346 περιο-

75 3344 142 3420 ιῐὰς
164 3355 248 3410 creari
271 3354 450 3409 laodicenum
473 3351 620 3408 Concilium
643 3351 775 3416 decrevit,
798 3369 867 3426 quos
889 3353 1009 3410 batina'
1003 3372 1048 3411 rn-

75 3438 191 3532 prelatio
219 3437 380 3495 Visitotorea
405 3437 537 3511 appellat:
562 3435 719 3504 Circitorer,
741 3445 789 3492 aut
802 3437 982 3495 lustratores
998 3457 1048 3497 vo·

75 3538 213 3597 spossus
238 3532 268 3579 ut
289 3531 331 3579 est
353 3523 379 3578 in
403 3521 538 3578 Glossario
562 3521 619 3578 Vct.
641 3521 781 3578 balsamon
803 3524 836 3579 ad
857 3523 965 3579 laodic.
981 3524 1045 3580 Can.

75 3623 106 3665 ιιι
131 3611 180 3664 57.
209 3601 400 3680 neprodevroi
429 3598 465 3662 dd
490 3601 565 3662 εἰσιν
592 3599 621 3662 ol
650 3599 782 3705 σήμερον
803 3601 960 3684 προβαλλό
958 3625 1045 3706 parrer

75 3684 130 3790 ρὰ
145 3691 207 3747 τῶν
232 3683 421 3747 Ἐπισκόπων
439 3682 599 3765 ”neappo-
628 3706 711 3747 ουτοι
740 3684 799 3791 γὰρ
827 3683 1046 3768 περιοδεύουσι,

75 3769 130 3831 Ι
116 3777 290 3875 ινιιτηρρϋσι
323 3768 361 3832 τὰ
388 3766 506 3849 mulind
532 3767 717 3849 σφάλματα,
749 3769 799 3829 καὶ
832 3771 1046 3872 καταρτίζοιισι

75 3838 104 3929 dc
124 3855 259 3927 πιστούς.
289 3860 317 3916 ln
342 3859 459 3916 Concilio
483 3858 645 3915 Chalcedon.
668 3861 726 3915 Act
743 3864 761 3916 4
784 3850 800 3915 ὃ
823 3849 1047 3932 εὐλαβέσιατος

75 3938 264 4021 ιἐσβύτερος,
299 3940 349 3999 καὶ
376 3936 570 4021 περιοδευτὴς
592 3934 797 4019 Ἀλέξανδρος.
839 3944 906 4001 ltem
933 3947 993 4002 bct
1008 3949 1044 4003 to

75 4028 182 4089 Libello
205 4038 300 4085 contra
322 4028 394 4085 lbam
417 4046 431 4085 a
454 4027 563 4085 Clericis
584 4027 728 4085 Edessenis
750 4027 857 4085 oblato:
879 4023 1047 4088 Buldrrrdn

75 4132 99 4171 ιι
111 4108 277 4192 ἓπίρρηιον
292 4104 400 4192 ἄνδρα,
422 4095 458 4169 οὗ
473 4129 583 4179 παντες
598 4104 626 4168 oi
639 4114 836 4188 συγκωμῆται
854 4108 1046 4190 κατεβόησαν
