2586 4822
440 831 730 883 asrnnnrrnsronrs.
814 901 816 909 Ι
1056 820 1097 885 37

70 980 180 1059 θηνοὶ,
202 977 304 1041 καὶ
276 1003 303 1040 οι
326 975 423 1057 ἄλλοι,
446 987 498 1043 hoc
521 996 563 1044 est
585 987 716 1045 Dosithei.
758 988 904 1046 Carnarius
924 989 962 1047 ita
983 989 1096 1064 legerat,

70 1062 114 1127 οὐ
135 1061 196 1145 μὴν
217 1065 310 1127 luein.
332 1073 396 1139 τοῖς
417 1067 490 1143 Sept.
514 1065 543 1127 oi
565 1063 669 1144 ἄλλοι,
692 1082 825 1148 expuncta
847 1090 913 1130 voce
928 1071 958 1131 Γ
956 1069 1097 1151 aphrae!

292 1290 334 1347 ,ιο
358 1291 524 1348 rununsru
546 1293 591 1348 ru
615 1279 878 1350 nouuuuouru.

36 1474 41 1480 ‚
163 1413 200 1469 30
217 1428 241 1466 a.
272 1407 302 1466 Γ
300 1407 430 1488 ορθηνοὶ
454 1406 487 1467 δι’
509 1407 558 1467 καὶ
582 1405 611 1467 οἱ
633 1403 719 1468 ἄλλοι
734 1403 887 1488 Ἑσσηνοί]
921 1414 986 1470 llire
1007 1415 1097 1487 impli-

70 1505 151 1553 catus
174 1505 201 1551 et
223 1495 360 1553 involutus
383 1498 426 1553 hie
448 1498 525 1554 loeus
548 1507 599 1553 est.
640 1498 705 1554 h'anr
728 1516 797 1572 qnos
817 1499 939 1572 repetitis
955 1499 1030 1555 hisce
1046 1518 1095 1555 vo·

71 1581 152 1638 cibus
175 1572 272 1647 ἄλλοι,
297 1573 409 1653 ἄλλων,
433 1592 460 1638 et
474 1578 606 1652 ἐκείνοις,
629 1583 774 1656 intelligat,
799 1584 922 1641 extricari
938 1585 978 1640 via
993 1592 1094 1657 potest.
1130 1618 1135 1651 .·

70 1666 202 1723 Nonnihil
223 1684 441 1740 assequeremur,
464 1669 485 1723 si
509 1669 542 1723 de
557 1668 665 1723 Essenis
689 1669 746 1723 istis
769 1678 916 1733 constaret,
939 1687 1008 1742 quos
1023 1671 1096 1727 inter

71 1750 258 1809 Saniaritanos
280 1770 351 1807 unus
375 1753 539 1826 Epiphanius
562 1762 731 1809 annumerat.
775 1755 857 1825 Atqui
880 1754 934 1809 reri
963 1762 991 1809 et
1022 1744 1096 1828 γνή-

71 1855 134 1894 σιοι
156 1837 266 1902 Esseui,
296 1855 365 1910 quos
388 1839 464 1893 Philo
491 1856 521 1894 ae
542 1838 674 1911 Iosephus
696 1837 838 1904 exhibent,
862 1839 930 1894 nihil
952 1856 1013 1894 cum
1037 1840 1095 1897 istis

71 1921 205 1985 moribus,
229 1931 309 1996 atquo
333 1941 363 1978 ea
386 1922 517 1978 festarum
541 1923 745 1996 perturbatione
760 1923 914 1979 eonnnereii
928 1923 1093 1981 hahuerunt.

71 2008 249 2064 ltirinandunr
272 2007 356 2080 igitur
378 2007 455 2063 nohis
479 2018 528 2073 est,
554 2018 580 2065 et
603 2009 630 2063 in
653 2007 772 2063 tenebris
795 2008 963 2065 attrectanda
985 2009 1112 2074 veritas,'

71 2092 147 2168 quod
169 2092 278 2147 minime
301 2093 485 2186 desperamus,
517 2093 668 2148 Serrarium
691 2094 734 2149 hic
749 2094 833 2166 agitat
847 2094 968 2166 Scaliger
982 2093 1094 2151 Elenchi
1135 2090 1142 2097 '

70 2195 130 2251 cap.
149 2179 199 2241 20,
224 2186 251 2232 et
274 2177 366 2233 miram
390 2179 413 2232 ei
437 2178 673 2234 hallucinationem
696 2178 804 2243 obiicit,
828 2178 901 2254 quorl
924 2196 956 2234 ex
979 2179 1010 2234 iis
1029 2179 1094 2252 Epi·

71 2263 164 2336 phanii
188 2261 285 2326 verbis,
310 2260 358 2317 >cai
383 2254 453 2318 oii‘r
456 2261 520 2318 lior
543 2255 691 2337 Ἐσσηνοὶ,
715 2263 813 2336 eluples
828 2264 862 2320 ah
877 2264 923 2320 illo
938 2281 1025 2336 genus
1041 2264 1094 2319 Es-

70 2364 202 2404 senorum
231 2348 341 2420 agnosci
364 2348 391 2402 in
414 2348 584 2404 Trihaeresio
608 2349 761 2422 scripserat.
807 2350 867 2422 lpse
890 2358 980 2404 autern
1003 2348 1093 2404 nullos

70 2433 137 2489 alios
160 2432 278 2488 Essenos
302 2432 390 2487 ridere
414 2451 443 2488 se
466 2434 537 2498 ilieit,
561 2443 748 2507 praetereas,
773 2452 842 2506 quos
865 2434 966 2489 decima
983 2432 1094 2491 llaeresi

70 2519 173 2591 posuit.
217 2516 292 2572 Nam
314 2527 405 2582 recta,
429 2519 530 2592 inquit,
561 2527 622 2573 eret
644 2521 762 2582 locutio,
792 2513 1039 2594 1ὀρθηνοὶ,καὶ
1063 2509 1093 2573 oi

71 2594 175 2658 ἄλλοτε
203 2605 253 2657 sed
280 2604 347 2674 quio
375 2605 447 2658 inter
468 2604 591 2658 Esse-nos
620 2611 646 2657 et
673 2620 734 2667 eos,
765 2606 798 2658 de
831 2605 930 2675 quihus
959 2605 1091 2675 loquitur,
1193 2659 1198 2669 ,

72 2686 231 2743 Gorthcnos
258 2689 344 2742 medii
367 2689 505 2743 interieati
526 2696 591 2743 sant
613 2687 748 2751 Schuaei,
777 2705 811 2742 ne
834 2690 867 2743 ele
890 2687 1025 2744 Sehuoeis
1048 2687 1092 2742 vi·
1153 2735 1156 2741 .

71 2775 184 2828 daretur
212 2774 303 2845 loqui,
333 2775 435 2828 adiecit
463 2769 494 2840 ἐξ
516 2766 678 2849 ἓνιιιιὲτροο
700 2773 831 2828 Essenos
876 2773 949 2828 Idem
971 2772 1059 2843 scalig
1044 2789 1091 2826 er

70 2850 156 2933 ἐγγυς
178 2859 241 2914 τῶν
262 2848 364 2913 ‹ilico›
385 2859 418 2914 aa
409 2858 563 2913 Sehuaeis
586 2857 705 2930 exponit.
737 2859 810 2926 Quae
832 2857 1092 2930 interpretationes

71 2943 161 3016 inepta
184 2942 275 3006 modo,
298 2944 347 2999 serl
368 2943 547 3017 Epiphanio
542 2943 592 3015 ipsi
615 2944 749 2999 contraria
773 2951 822 2998 est.
853 2943 918 2998 Nam
941 2959 973 2997 en
995 2958 1026 2997 ea
1045 2958 1091 2996 se-

71 3028 162 3100 quitur
185 3027 363 3100 Epiphaniam
386 3029 453 3084 vella
476 3029 630 3084 Gorthenos
653 3037 680 3084 et
703 3029 819 3085 Essenos
842 3027 1027 3083 Sehuaeorum
1049 3025 1091 3081 ri-

71 3114 145 3169 cinos
169 3113 263 3168 eadem
286 3131 346 3169 curn
370 3115 435 3186 ipsis
459 3113 556 3179 lacere,
580 3106 618 3169 τὰ
642 3106 693 3168 ἴσα
715 3107 837 3179 ἐκείνοις
858 3103 1009 3186 πράττειν.
1049 3109 1091 3169 ad

71 3215 138 3270 quos
162 3198 235 3253 euim
260 3191 292 3254 τὸ
315 3193 450 3268 ἐκείνοις,
474 3200 525 3254 nisi
547 3200 579 3254 ail
603 3197 741 3254 Sebuaeos
764 3195 930 3270 pertinebit‘l
960 3197 1017 3253 lloc
1038 3212 1092 3251 au·-

71 3291 122 3339 tem
145 3282 370 3338 absurdissimum
394 3292 449 3348 est,
474 3301 535 3338 curn
558 3292 584 3339 et
607 3293 685 3338 antea
708 3284 817 3349 eliserit,
842 3291 869 3338 et
891 3281 1008 3338 suhinile
1028 3298 1090 3337 mo-

70 3377 140 3433 ueat,
165 3368 320 3423 Gorthenos
343 3368 437 3423 saltem
459 3367 619 3424 aSehuaeis
642 3385 806 3441 magnopere
829 3368 999 3423 dissensisse.
1024 3367 1090 3422 Cum

69 3452 152 3526 igitur
174 3453 315 3508 manileste
339 3453 382 3508 hie
405 3454 431 3508 in
454 3456 552 3509 merulo
572 3453 648 3508 turus
663 3454 782 3517 haereat,
808 3454 943 3508 rideamus
957 3451 1090 3524 quernarl-

69 3537 179 3593 modurn
202 3538 338 3593 recenseri
354 3539 449 3610 possit.
480 3539 509 3592 ln
525 3538 762 3610 hnacephalaeosi,
785 3556 854 3611 quae
870 3555 1002 3594 summanr
1018 3537 1090 3591 llae-

66 3639 167 3680 reseon
190 3623 389 3695 complectitur,
414 3624 641 3678 Samaritanorum
666 3632 721 3678 tres
744 3623 849 3695 priores
867 3632 956 3678 sectae
972 3622 1006 3677 ita
1023 3621 1090 3677 hre-

65 3709 134 3764 riter
165 3707 347 3780 explicantur:
381 3703 538 3781 l'oaapol
570 3700 599 3762 oi
627 3698 732 3773 ἄλλοις
758 3711 875 3784 καιροῖς
903 3699 957 3774 τὰς
979 3697 1089 3779 ἕοριας

65 3809 196 3867 αγονττς
216 3786 301 3867 ποσὰ
324 3786 397 3858 τούς
418 3785 616 3893 Σιβοιαιόος.
655 3788 820 3864 Σεβοοαιοι
844 3784 948 3848 διὰ
916 3811 971 3867 την
991 3783 1089 3866 οιῗτην

65 3871 171 3934 αἰτίαν
204 3877 266 3933 τῶν
294 3866 410 3952 ιορτῶν
437 3872 514 3954 πρὸς
542 3871 614 3944 τούς
643 3874 671 3932 Γ
669 3872 826 3953 ορθηνους
858 3869 1087 3972 διαφερόμενοι·

63 3953 205 4035 Ἐσσηνοὶ
227 3953 302 4036 μηδ’
325 3956 486 4061 &arripare
507 3953 738 4036 ἐναντιούμενοι,
761 3966 825 4030 τοῖς
841 3956 874 4018 δὲ
888 3980 1021 4038 napata)
1011 3949 1087 4035 γνά-

63 4065 172 4105 νουσιν
193 4036 387 4123 ἑορτάζοντες
408 4038 596 4124 adiaphoros.
628 4046 772 4111 Gortheni,
796 4049 843 4121 qui
865 4047 983 4102 (liversis
1002 4065 1020 4100 ο
1035 4044 1086 4100 Se·

64 4133 167 4189 meis
192 4133 362 4205 temperiem
383 4134 458 4204 sesto
480 4135 638 4190 celebrant:
662 4132 798 4197 Sehuaei,
823 4133 870 4205 qui
892 4133 926 4187 oh
948 4132 999 4186 itta
1021 4132 1088 4201 ipso
