2586 4822
344 834 389 889 uc
426 839 464 890 11
483 838 618 889 nonnum
636 838 730 891 nerse.
750 838 829 890 nien.
1052 823 1094 888 85

77 989 231 1071 acquiesce
250 990 374 1068 veritati,
398 1000 427 1053 et
449 991 534 1071 dilige
556 991 710 1072 diligentes
735 999 764 1054 le
786 1001 814 1053 et
827 991 985 1055 veritatem.
1015 993 1094 1055 lleus

77 1097 176 1150 eutem
198 1087 278 1168 pacis
300 1098 429 1169 praestet
453 1088 539 1150 nobis
559 1090 638 1150 iuxta
661 1108 742 1151 suam
761 1090 954 1165 clementiam,
977 1098 1009 1152 ut
1024 1108 1096 1151 con-

76 1194 189 1247 teratur
216 1186 340 1248 Satanas
369 1187 423 1248 suh
452 1187 582 1267 pedibus¹
606 1187 854 1262 Christianorum,
889 1197 918 1250 el
945 1188 1096 1249 abiiciatur

77 1283 174 1344 omnis
203 1284 317 1344 occasio
346 1303 493 1363 perversa,
526 1304 564 1346 ne
594 1285 745 1346 scindatur
772 1286 801 1346 in
832 1285 918 1347 nobis
947 1285 1095 1346 vinculum

26 1378 205 1443 &caritatis
234 1391 262 1441 et
295 1381 374 1460 pacis
414 1390 442 1441 et
468 1393 564 1442 rectae
596 1382 663 1443 lidei
692 1383 877 1463 praedicatio.
939 1382 1120 1449 Praetereas

78 1479 154 1556 quod
177 1478 272 1540 audivi
295 1479 436 1558 quosdam
460 1497 645 1540 murmurare
673 1490 775 1542 centra
798 1500 853 1553 me,
888 1480 954 1560 quia
976 1480 1094 1560 quando

81 1575 163 1638 simul
185 1575 381 1656 pergebamus
403 1577 437 1637 ad
462 1586 595 1638 sanctum
623 1578 735 1651 locum,
765 1579 813 1658 qui
841 1588 961 1639 vocatur
983 1578 1095 1654 Bethel,

82 1683 109 1734 ut
129 1674 171 1735 ibi
194 1674 344 1736 collectam
378 1684 471 1735 tecum
502 1693 535 1735 en
565 1693 647 1735 more
676 1676 870 1737 eeclesiastico
899 1677 1032 1752 lacerem,
1066 1683 1096 1736 et

84 1773 223 1834 venissem
245 1772 281 1833 ad
306 1771 409 1844 villam,
432 1791 505 1851 quae
524 1771 631 1833 dicitur
647 1772 815 1847 dnablalha,
839 1772 1033 1853 vidissemque
1055 1772 1095 1834 ibi

83 1870 258 1946 praeteriens
279 1870 428 1930 lucernam
444 1869 605 1943 ardentem,
628 1878 659 1931 et
672 1870 910 1949 interrogassem,
934 1871 999 1950 quis
1014 1871 1136 1937 locuste

82 1979 162 2030 esset
188 1967 414 2045 didicissemque
436 1987 501 2028 esse
524 1968 692 2041 ecclesiam,
722 1979 751 2028 et
773 1968 943 2040 intrassem,
978 1977 1010 2028 ut
1032 1986 1097 2029 ora·

54 2072 149 2136 erem,
173 2065 271 2125 inveni
294 2063 333 2124 ihi
355 2065 449 2125 velum
473 2066 607 2144 pendens
630 2065 658 2125 in
682 2065 1097 2127 11111111111111111111111111

75 2160 201 2224 tinctum
225 2172 311 2241 alque
333 2162 490 2242 depictum,
514 2172 542 2223 el
565 2163 677 2224 liabens
692 2163 858 2243 imaginem,
882 2162 963 2243 quasi
979 2162 1096 2238 Christi,

69 2258 117 2318 rel
146 2258 239 2321 sancti
263 2258 423 2321 cuiusdam.
471 2261 535 2321 Non
559 2262 637 2322 enim
661 2262 732 2322 satis
755 2260 873 2322 memini
897 2261 979 2322 euius
1002 2259 1097 2339 imago

62 2352 173 2418 luerit.
220 2356 292 2418 Cum
316 2377 384 2438 ergo
408 2359 464 2420 hoc
486 2358 632 2432 vidissem,
662 2359 693 2419 in
717 2358 838 2420 ecclesia
862 2357 972 2419 Christi
994 2367 1136 2424 contralli

58 2454 279 2516 auctoritatem
302 2456 513 2536 scripturarum
537 2456 664 2517 hominis
686 2458 815 2534 pendere
846 2455 1002 2534 imaginem
1025 2454 1097 2516 scidi

58 2547 160 2626 illud,
195 2562 223 2614 et
246 2553 337 2633 magis
359 2554 425 2614 dedi
448 2554 601 2615 consilium
632 2553 803 2614 custodibus
825 2553 956 2614 eiusdem
978 2553 1034 2613 loci
1065 2560 1099 2614 ul

59 2663 240 2730 pauperem
256 2659 404 2711 mortuum
421 2671 455 2711 eo
472 2651 699 2711 obvolverenlet
710 2651 856 2711 ellerreut
882 2650 982 2728 illique
994 2658 1097 2711 eontra

38 2744 298 2809 llmurmuranles
321 2748 467 2821 dixerunt,
492 2748 515 2808 si
532 2747 687 2809 “scindere
703 2747 841 2817 voluerat,
866 2747 972 2807 iustum
990 2757 1051 2807 erat
1066 2755 1098 2808 ut

65 2836 159 2905 eliud
182 2846 264 2907 daret
286 2845 379 2907 velum
409 2857 496 2924 atque
524 2843 677 2906 mutaret.'’
737 2845 822 2916 Quod
851 2864 917 2905 eum
940 2844 1138 2920 audissemtu

68 2950 124 2997 me
151 2943 286 3004 daturum
308 2962 374 3005 esse
396 2943 541 3023 pollicitus
565 2962 640 3018 sirm,
669 2952 698 3003 et
728 2942 804 3003 illico
835 2962 899 3004 esse
928 2942 1098 3005 missurum.

72 3029 235 3102 Pardulum
254 3050 351 3102 aulem
376 3060 524 3102 morarum
548 3041 600 3101 luit
622 3041 651 3100 in
671 3040 777 3114 medio,
801 3041 871 3100 dum
893 3058 1002 3119 quaero
1025 3038 1101 3119 opti·

75 3146 163 3198 mum
191 3139 287 3199 velum
317 3158 370 3217 pro
399 3159 434 3199 eo
463 3138 594 3200 mittere:
631 3138 794 3199 arbitrabar
829 3137 908 3198 enim
938 3137 973 3198 de
1002 3138 1100 3217 Cypro

77 3227 153 3295 milti
175 3256 242 3297 esse
262 3236 446 3296 mittendum.
491 3237 576 3297 Nunc
598 3245 694 3297 auteur
717 3235 782 3295 misi
811 3236 889 3313 quod
912 3235 993 3314 potui
1016 3252 1101 3313 repe-

80 3322 152 3404 rire,
181 3343 209 3394 et
236 3350 342 3413 precor
363 3343 396 3393 ut
423 3333 524 3395 iubeas
551 3333 739 3413 presbyteros
767 3333 896 3394 eiusdem
922 3332 977 3391 loci
1008 3330 1140 3401 susci-25

82 3436 154 3497 pere
175 3430 269 3491 relrtm
292 3452 307 3491 a
330 3431 431 3504 latore,
454 3432 531 3510 qued
554 3450 569 3491 a
593 3431 679 3492 nobis
694 3430 816 3491 missum
836 3439 896 3491 est:
918 3438 947 3489 et
961 3430 1100 3510 deinceps

86 3529 261 3608 Praecipere,
290 3529 319 3588 in
342 3528 462 3589 ecelesia
487 3528 594 3590 Christi
623 3527 765 3589 eiusmodi
794 3528 865 3599 vela,
894 3545 968 3605 quae
997 3535 1100 3588 contra

87 3615 255 3701 religionem
278 3634 409 3686 nostram
432 3626 561 3702 veniunt,
585 3645 645 3688 non
662 3624 797 3705 appendi.
837 3624 926 3685 Decet
947 3625 1025 3685 enim
1048 3625 1104 3684 lno-

71 3725 228 3781 onestatem
252 3730 331 3783 tuam
353 3724 430 3785 hanc
452 3723 544 3803 magis
571 3723 679 3785 habere
702 3721 935 3794 sollicitudinem,
965 3730 1103 3782 1111111-

92 3811 270 3884 volutatem
305 3821 399 3893 tollat,
437 3840 512 3900 quae
542 3820 659 3898 indigna
689 3830 731 3880 est
761 3819 880 3880 eeclesia
911 3819 1035 3894 Christi,
1072 3826 1140 3890 eleo

96 3914 204 3987 pondis
231 3917 280 3996 qui
309 3918 410 3979 crediti
444 3927 522 3978 sunt.
579 3917 737 3978 Palladium
767 3935 834 3976 vero
864 3916 1008 3988 Galatam,
1050 3916 1100 3995 qui

97 4012 232 4079 qnondam
255 4016 342 4075 nobis
375 4034 460 4075 camis
493 4015 560 4088 luit,
591 4025 619 4074 et
647 4032 727 4074 nunc
754 4013 951 4074 misericordia
981 4012 1026 4073 dei
1055 4013 1101 4074 in·

102 4096 274 4187 ligetemo,
297 4113 363 4191 quia
387 4112 524 4190 (trigenis
547 4111 689 4171 haeresim
713 4111 859 4191 praedicat
889 4110 1032 4184 eddecel,
1063 4128 1105 4175 nc
