2586 4822
47 610 194 805 *ped
607 752 720 804 reram

58 882 111 921 ἰ
152 920 208 969 tem
229 925 321 966 etrum
345 925 435 964 rerum
459 908 589 965 Ortelium
610 909 733 983 reperio:
763 908 826 969 sed.
855 909 901 981 qui
924 906 1060 964 vocabulo
1083 908 1174 982 proxi·

152 1013 223 1061 mus,
247 992 446 1058 Pharbaetiten‚
470 994 541 1051 baud
565 994 658 1067 procul
682 995 757 1050 mari.

242 1081 300 1138 166
317 1096 341 1134 a.
368 1070 520 1151 Ἀμψιοῦ,
541 1069 691 1152 Αὖραάν]
730 1077 845 1134 barbara
874 1078 941 1134 hnec
962 1087 1031 1134 suut
1052 1080 1171 1134 Aeonum

153 1166 276 1229 nomina,
300 1163 372 1220 haud
393 1163 450 1219 scio
472 1180 505 1219 an
529 1181 561 1220 ex
583 1164 775 1236 Aegyptiorum
797 1162 888 1237 lingua
911 1163 1051 1236 prolecta.
1076 1180 1110 1219 au
1131 1171 1172 1219 te-

153 1267 227 1309 mere
256 1259 338 1323 atque
366 1247 400 1303 ad
427 1258 558 1305 terrorem
589 1247 713 1305 conficta.
759 1248 861 1321 Duplex
890 1248 989 1304 borum
1014 1249 1101 1304 series
1122 1257 1170 1304 est.

154 1337 184 1394 ln
212 1335 302 1409 priore
331 1333 404 1406 paria
433 1349 463 1388 ac
492 1326 634 1407 συζυγίας
655 1332 798 1407 copulasse
820 1333 938 1396 videtur,
969 1333 997 1388 in
1020 1334 1171 1406 posteriore

154 1421 213 1477 siue
235 1418 289 1475 ulla
310 1416 407 1490 copule
429 1417 583 1490 singillatim
606 1419 803 1490 percensuissc.
842 1417 963 1491 Cumque
985 1417 1120 1474 nonnulla
1140 1416 1172 1473 sit

154 1502 300 1577 utrobique
322 1510 459 1558 certorum
484 1503 620 1559 nominum
645 1502 808 1567 differentia,
838 1503 1020 1577 posteriorem
1044 1503 1107 1559 ideo
1128 1520 1173 1557 ve-

155 1590 254 1646 riorem
282 1585 414 1650 arbitror,
449 1589 522 1662 quod
552 1590 590 1645 30
620 1588 748 1645 duntaxat
775 1587 921 1652 vocabule,
952 1597 1022 1660 quot
1052 1587 1172 1644 videlieet

154 1677 261 1731 Aeones
283 1681 357 1737 sunt,
381 1673 532 1737 contincat;
556 1673 640 1730 altera
664 1675 713 1731 33.

246 1759 302 1816 165
318 1756 346 1813 b.
385 1749 493 1824 Βυθὸς
521 1749 611 1834 Scyl]
649 1757 801 1831 Legendum
836 1757 946 1813 omnino
983 1752 1094 1824 Rvet<
1126 1750 1170 1811 arui

156 1836 248 1919 Σιγὴ,
278 1852 308 1899 ut
336 1843 363 1899 in
392 1844 505 1899 caeteris
534 1843 654 1917 paribus.
698 1846 736 1898 Ac
764 1860 824 1898 cum
849 1851 904 1898 tota
927 1841 971 1897 illa
995 1844 1082 1899 series
1104 1839 1172 1916 apud

155 1930 296 1985 irenaeum
318 1937 345 1982 et
361 1927 554 1983 Tertullianum
576 1927 690 2000 legatur,
698 1926 778 2000 'rgtrid
801 1927 871 2001 apud
893 1926 1018 2000 singulos
1042 1928 1169 1984 diversum

155 2015 192 2070 sit
213 2026 263 2069 suo
285 2013 347 2068 loco
369 2011 520 2069 docebitur.

246 2098 302 2154 166
320 2114 343 2151 ar.
374 2087 455 2152 οὕτω
477 2091 535 2172 γάρ
558 2113 634 2174 φασι
658 2091 708 2151 καὶ
731 2088 760 2151 oi
775 2091 842 2173 περὶ
858 2087 910 2153 τὸν
921 2089 1087 2171 Ἡσίοδον]
1111 2095 1168 2152 dunt

156 2180 285 2239 vocabula
307 2181 373 2254 ipsa,
398 2191 454 2237 tum
477 2181 543 2237 ordo
565 2180 673 2237 illorum
696 2198 726 2237 ac
749 2183 833 2237 series
855 2181 1001 2254 plurimum
1026 2181 1061 2237 ab
1080 2181 1169 2238 Hesio·

157 2266 202 2323 dio
230 2265 276 2322 illo
300 2265 426 2340 Gatalogo
455 2266 617 2340 discrepent.
662 2266 715 2322 Sed
738 2267 764 2322 in
788 2267 866 2340 nugis
887 2264 1084 2342 μακρολογεῖν
1104 2267 1168 2340 puti-

157 2352 222 2407 dum
245 2359 297 2407 est.

246 2437 304 2494 168
319 2453 344 2492 a.
374 2428 413 2493 τὰ
436 2429 469 2492 δὲ
490 2429 577 2513 παρὰ
598 2430 771 2513 φρονίμοις]
795 2434 915 2491 Obscura
938 2444 967 2492 et
989 2434 1166 2492 intricataVa·

158 2521 252 2578 lentini
273 2521 341 2577 haee
362 2530 405 2578 est
427 2522 522 2577 oratio.
552 2521 645 2577 Priora
667 2521 775 2595 quidem
798 2520 841 2576 illa
863 2520 1051 2593 inscriptionis
1073 2520 1165 2577 lorum·

158 2607 211 2665 lem
234 2606 400 2680 praeierunt.
431 2607 573 2662 Caeterum
595 2607 647 2663 hoc
669 2607 757 2679 ipsum
780 2607 960 2678 fragmentum
982 2622 1075 2680 neque
1096 2604 1165 2661 aVr-

158 2691 261 2749 lentino
290 2692 436 2766 scriptum,
466 2708 555 2766 neque
584 2708 682 2764 pumru
710 2708 741 2747 ac
768 2699 864 2764 putum
887 2689 958 2746 illins
981 2691 1081 2764 dogma
1103 2705 1165 2746 com-

159 2771 303 2850 plectitur,
332 2776 379 2833 sed
409 2776 442 2832 ab
471 2776 528 2832 eins
557 2775 694 2849 discipulis
717 2775 925 2849 interpolatum,
956 2784 987 2830 ut
1010 2793 1044 2832 er
1067 2771 1164 2832 renuti

159 2861 307 2935 colligitur.

249 2944 351 3004 1681).
381 2936 449 3001 οὔτε
471 2938 531 3021 γὰρ
553 2935 662 3020 ἀρχῆς]
704 2944 859 3018 Legendum
882 2943 1016 3001 arbitror:
1050 2936 1099 3002 ὅτε
1118 2937 1167 3020 γὰρ

160 3021 235 3099 1ξᾶ
280 3032 321 3096 ”ς.

236 3047 349 3173 916181.
378 3105 397 3174 ἦ
427 3102 594 3191 ἄφθαρτος
621 3107 741 3188 ulmeio]
779 3114 843 3186 Leg.
874 3106 950 3169 αἰών
982 3131 1034 3188 pro
1064 3106 1168 3170 aluric

161 3199 228 3257 Nam
251 3209 279 3255 et
300 3198 430 3255 foeminas
452 3202 558 3254 Aeones
582 3197 736 3254 Valentinus
760 3197 924 3255 nominabat.
954 3197 1073 3255 Tertull.
1088 3205 1169 3257 contre

161 3282 266 3339 Valent.
288 3300 313 3340 o.
329 3288 358 3342 e.
388 3281 549 3338 Nouissima
569 3292 640 3338 notu
661 3281 753 3338 Aeon:
781 3284 883 3339 uiderit
903 3284 1102 3349 soloecismus,
1127 3281 1169 3340 Se-

159 3367 232 3442 plu'o
253 3369 327 3423 coint
348 3383 447 3422 nomen
469 3375 518 3422 est.

252 3454 309 3511 168
326 3452 352 3508 d.
382 3443 460 3524 μετὰ
482 3451 572 3508 τοῦτο
595 3446 629 3507 δὲ
649 3443 773 3528 ssepi]
797 3452 931 3520 Quantum
954 3452 981 3508 iu
1000 3452 1172 3511 tenebricosis

164 3537 360 3613 implicatisque
383 3535 479 3592 labulis
502 3536 595 3610 dispici
617 3545 717 3611 potest,
742 3537 794 3592 hoc
816 3537 903 3611 ipsum
927 3538 1084 3610 significare
1108 3537 1174 3594 vide·

164 3632 218 3686 tur,
247 3622 330 3697 Sigen
352 3639 367 3679 e
389 3621 475 3695 Bytho
497 3621 605 3678 Putrem
626 3622 754 3695 genuisse
776 3622 908 3678 Veritatis.
939 3623 1009 3679 Tum
1032 3640 1099 3681 vero
1120 3633 1177 3680 edm

163 3707 260 3765 eodem
282 3707 327 3765 illo
349 3723 430 3781 quem
452 3716 585 3781 genuerat
599 3707 759 3781 copulatam,
784 3708 928 3764 Veritatem
943 3707 1074 3766 edidisse.
1105 3707 1179 3779 Quod

163 3792 243 3849 aliter
267 3791 338 3865 apud
366 3792 436 3848 lreu.
459 3801 488 3848 et
509 3791 621 3849 Tertull.
649 3791 758 3865 legitur.
803 3792 868 3849 Nam
897 3809 929 3849 er
950 3792 1038 3865 Bytho
1070 3805 1098 3851 et
1119 3793 1180 3868 sige

164 3877 259 3935 ambos
280 3875 341 3934 illos
362 3879 482 3942 Aeonas,
509 3877 630 3941 Patrem,
661 3878 716 3933 sive
737 3876 797 3933 qun
821 3888 848 3934 et
871 3877 1015 3933 Veritatem
1038 3888 1183 3954 susceptos

165 3971 302 4021 asserunt.

248 4038 399 4125 μητρικὴν
418 4039 658 4139 ζτροενεγκαμένη
680 4041 871 4123 προυνικίαν]
908 4046 990 4104 Verte
1005 4041 1189 4124 upwrtttlor
