2586 4822
167 750 229 811 274
312 788 319 799 -
619 756 732 807 rarttu

986 883 998 904 0

168 919 328 993 Sophistieis
356 917 466 990 argutiis
489 925 516 971 et
538 913 748 972 cavillationibus
770 910 868 967 lretum
891 909 1000 966 Aetium
1024 909 1115 965 lueum
1136 927 1177 966 re-

168 1006 239 1061 ritati
262 1006 366 1060 lenisse.
396 1002 450 1058 Sed
472 1019 520 1057 our·
537 995 681 1076 χρονίτας
703 1006 778 1053 voeat
800 1014 857 1060 eos,
881 1013 895 1050 a
919 995 1021 1068 quihus
1045 996 1179 1051 damnatus

169 1099 219 1153 est,
243 1090 368 1144 nimirum
383 1088 494 1142 Arianos
516 1083 610 1159 ipsosl
636 1082 800 1157 Epiphanius
816 1081 925 1155 quidem
942 1081 969 1135 iu
987 1082 1179 1154 Responsione,

168 1176 231 1229 dum
249 1174 400 1250 χρονηῶν
421 1171 580 1243 voeahulum
601 1170 629 1224 ia
651 1169 725 1241 ipsos
747 1175 889 1241 retorquet
903 1167 1073 1230 Auomoeos,
1097 1167 1181 1238 aitque

170 1259 332 1314 llatholieam
355 1257 499 1312 Ecclesiam
523 1255 696 1328 temporalem
720 1252 770 1307 diei
792 1269 847 1306 non
870 1269 960 1324 posse,
987 1251 1063 1323 quod
1084 1250 1117 1305 ab
1138 1268 1181 1305 ae-

170 1353 246 1398 temo
269 1343 365 1406 larerit,
389 1342 424 1395 ita
447 1341 551 1395 videtur
573 1339 726 1412 accepisse,
755 1337 831 1411 quasi
849 1332 998 1412 χρονίτας
1020 1336 1179 1392 adversarios

169 1445 233 1481 suos
255 1428 347 1481 Aetius
370 1425 551 1497 appellaverit,
577 1424 650 1496 quod
673 1423 778 1479 illorum
801 1422 868 1476 ludes
891 1439 959 1476 rrova
984 1430 1059 1477 esset
1081 1440 1111 1476 ae
1131 1438 1179 1475 au·

168 1528 242 1583 pera.
273 1511 329 1565 lloe
352 1519 442 1564 utrum
464 1510 625 1564 intellexerit
647 1509 749 1571 Aetius,
772 1525 826 1561 uon
850 1506 926 1562 laeile
950 1505 1028 1560 dietu
1051 1516 1100 1561 est.
1141 1509 1176 1559 An

168 1595 259 1666 potius
276 1589 421 1668 χρονίαις
443 1594 515 1657 dixit,
539 1594 591 1648 hoo
614 1602 654 1647 est
674 1593 859 1665 teruporarios,
882 1592 1050 1663 minimeque
1065 1590 1175 1652 stabiles,

168 1696 257 1752 neque
279 1679 307 1733 iu
329 1687 456 1751 suscepta
478 1678 529 1734 fide
552 1688 717 1743 constantes
741 1677 786 1751 qui
808 1677 841 1731 ad
857 1677 1034 1749 lmperatoris
1049 1684 1135 1730 uotum
1150 1683 1174 1728 et

168 1764 280 1836 gratiam
303 1780 363 1818 sese
386 1781 417 1819 ac
439 1763 624 1819 eredulitatem
647 1780 722 1818 suam
745 1759 1004 1816 accommodarent?
1032 1758 1173 1815 Cuiusmodi

165 1849 288 1912 Aerarius,
312 1847 447 1902 Eudoxias
469 1865 500 1902 ae
522 1849 620 1904 eaeteri
643 1849 761 1911 luerunt,
785 1848 830 1919 qui
845 1847 960 1906 Aetium.
987 1847 1031 1900 eui
1055 1847 1175 1900 haetenus

157 1933 295 1997 laverant,
319 1942 393 1987 metu
416 1933 587 2005 Imperatoris
611 1932 779 1988 damnarunt.
810 1932 880 1986 Saue
896 1924 1095 2006 πρόσκαιρος,
1117 1938 1175 1983 ten·

166 2017 293 2087 poeotes,
316 2015 447 2081 Martae,
465 2019 519 2080 21,
542 2017 698 2090 ‘appellatus
721 2017 780 2081 ille,
809 2017 854 2090 qui
877 2024 1009 2087 suscepto
1034 2016 1080 2070 llei
1104 2014 1175 2070 terlio

169 2101 195 2154 in
218 2101 407 2172 perseeutione
430 2101 564 2156 desciscit.

254 2188 310 2241 941
331 2201 354 2239 e.
384 2178 414 2240 ἵν
435 2203 466 2240 re
490 2188 556 2251 ταῖς
577 2180 720 2262 Septen]
751 2187 788 2241 Ex
815 2185 867 2240 hoe
892 2183 954 2240 loeo
981 2185 1087 2240 diseaut
1113 2183 1173 2239 llae-

169 2269 244 2324 retiei
273 2269 344 2341 quod
367 2270 507 2343 Epiplrauii
536 2270 569 2326 de
591 2271 622 2326 iis
645 2271 719 2326 libris
743 2270 868 2326 iudicium
890 2270 990 2332 luerit,
1020 2288 1089 2343 quos
1111 2270 1175 2324 illia

171 2352 278 2408 Cauone
301 2354 434 2419 reiiciuut,
468 2372 537 2428 quos
560 2355 667 2429 quidem
689 2365 743 2410 tam
767 2357 810 2411 hie
834 2371 913 2427 rpuam
936 2355 980 2410 alii
1006 2365 1111 2410 verteres
1132 2355 1176 2408 Ρι-

169 2447 225 2493 tres
249 2440 320 2494 iuter
341 2440 489 2513 scripturae
511 2439 595 2496 lihros
618 2450 645 2496 et
669 2436 756 2507 θείας
776 2433 897 2516 γραφὰς
919 2440 1067 2513 recipiunt.

256 2527 314 2580 957
331 2523 358 2580 la.
382 2516 440 2605 κᾷν
455 2544 485 2581 re
500 2527 710 2598 πνευματικῶς
725 2517 963 2603 ἀνακρινόμενοι]
990 2527 1066 2594 Quae
1084 2526 1176 2580 Paren-

172 2609 241 2663 thesi
263 2609 361 2664 ineludi
384 2610 526 2675 iussimus,
550 2602 566 2664 ri
589 2613 707 2683 πνεῦμα
729 2603 772 2666 ὢν
794 2606 843 2665 καὶ
864 2605 1048 2685 μονογενής,
1071 2629 1101 2666 ea
1122 2611 1175 2665 lore

170 2710 219 2748 suo
242 2694 342 2749 dimota
364 2703 427 2751 suut
443 2703 469 2750 et
485 2696 511 2750 in
528 2695 608 2750 tertio
631 2712 707 2750 versu
731 2695 858 2751 adhunc
880 2695 992 2750 modum
1014 2695 1176 2771 reponenda:

170 2769 226 2858 κᾷν
247 2797 278 2836 τε
301 2771 377 2834 ei'rtot
399 2771 548 2852 ὃπνεῦμα
572 2770 614 2834 ὢν
635 2775 684 2834 καὶ
705 2774 878 2855 μονογενής.

350 3000 393 3053 ao
416 2968 581 3054 uauuasm
603 3000 711 3055 axum
736 3000 1001 3057 urrroaurmaru.

253 3118 311 3172 997
329 3134 353 3171 a.
385 3109 422 3171 δι’
447 3108 500 3183 οὓς
522 3107 636 3193 ἀνάγκη
658 3112 771 3193 γέγονε]
815 3118 916 3191 Duplex
939 3119 992 3175 illis
1018 3120 1175 3195 temporibus

167 3198 258 3254 hahita
287 3200 410 3271 Synodus
440 3211 495 3264 est,
530 3203 556 3257 in
586 3220 637 3275 qna
671 3221 747 3259 error
774 3203 929 3276 Apollinarii
958 3205 1104 3262 damnatus
1130 3217 1174 3260 est.

167 3282 254 3337 Prima
277 3283 449 3339 Alexandriae
478 3284 510 3340 ab
533 3288 678 3342 Athanasio
707 3296 733 3343 et
756 3288 871 3343 Eusehio
894 3289 1078 3355 vercellensi,
1107 3301 1177 3364 post·

166 3384 246 3440 apuam
269 3367 370 3423 luliano
392 3369 557 3441 imperante,
587 3372 702 3445 Georgio
725 3372 757 3427 ab
779 3373 963 3429 Alexandrinis
987 3377 1097 3439 occiso,
1125 3373 1176 3430 sedi

165 3468 230 3507 suae
252 3453 394 3508 restitutus
418 3462 459 3509 est
480 3456 656 3521 Athanasius,
680 3475 750 3513 anuo
774 3458 872 3513 Christi
896 3460 967 3516 atla.
1016 3461 1104 3516 Altera
1124 3460 1177 3515 llo·

164 3553 224 3591 mae
246 3537 296 3592 suh
320 3537 441 3602 llamaso,
466 3557 536 3595 auno
560 3541 657 3597 Christi
682 3545 751 3600 373.
783 3543 846 3597 Vide
867 3544 986 3598 Annales
1011 3545 1112 3602 Eeeles.
1139 3545 1176 3598 lle

164 3619 217 3674 hoe
245 3623 388 3693 posteriori
412 3623 529 3680 Correilio
553 3626 629 3680 ouius
652 3645 757 3689 reeens,
787 3643 848 3682 cum
871 3627 938 3683 haee
961 3629 1097 3687 scriberet
1115 3629 1176 3703 Epi·

164 3704 288 3775 phanius,
312 3709 439 3763 rueruoria
464 3719 529 3771 erat,
553 3711 668 3766 eundem
691 3712 894 3784 intelligendum
918 3714 1056 3771 existimo.

111 3797 155 3849 aet
253 3792 329 3846 totto
346 3808 370 3847 a.
401 3785 512 3847 οὐκοῦν
528 3790 637 3868 χρείαν
657 3789 737 3869 ἴσχε]
769 3797 830 3851 lluit
846 3797 911 3852 haee
929 3798 1064 3856 Valentini
1081 3800 1174 3873 opmio,

164 3871 298 3929 Christum
329 3884 400 3932 tanta
430 3878 581 3949 frugalitate
610 3897 640 3934 ae
663 3881 826 3954 parsimonia
850 3899 928 3937 usum
954 3902 1033 3950 esse,
1065 3887 1129 3942 nihil
1148 3895 1175 3940 ut

161 3967 294 4031 egereret.
325 3959 450 4018 Testatur
472 3962 586 4035 idipsum
611 3965 733 4021 Clerueus
756 3966 899 4023 Alexandr.
919 3970 935 4025 3
954 3969 1058 4026 Strom.
1081 3972 1126 4044 qui
1147 3988 1175 4025 ex

158 4042 290 4101 llaeretiei
318 4043 389 4102 illius
417 4047 449 4104 ad
472 4048 675 4124 Agathopodem
698 4051 832 4127 Epistola·
847 4053 899 4108 ista
919 4056 1044 4129 profert:
1072 4048 1176 4132 ἤσθιεν
