<?xml version="1.0" encoding="UTF-8"?>
<!DOCTYPE html PUBLIC "-//W3C//DTD XHTML 1.0 Transitional//EN"
    "http://www.w3.org/TR/xhtml1/DTD/xhtml1-transitional.dtd">
<html xmlns="http://www.w3.org/1999/xhtml" xml:lang="en" lang="en">
 <head>
  <title>
</title>
<meta http-equiv="Content-Type" content="text/html;charset=utf-8" />
  <meta name='ocr-system' content='tesseract 3.04.00' />
  <meta name='ocr-capabilities' content='ocr_page ocr_carea ocr_par ocr_line ocrx_word'/>
</head>
<body>
  <div class='ocr_page' id='page_1' title='image "./opera02dindgoog_0809.png"; bbox 0 0 2586 4822; ppageno 0'>
   <div class='ocr_carea' id='block_1_1' title="bbox 479 797 1138 867">
    <p class='ocr_par' dir='ltr' id='par_1_1' title="bbox 479 797 1138 867">
     <span class='ocr_line' id='line_1_1' title="bbox 479 797 1138 867; baseline 0.003 -8"><span class='ocrx_word' id='word_1_1' title='bbox 479 808 770 867; x_wconf 79' lang='lat' dir='ltr'><strong>nuruuututstouss.</strong></span> <span class='ocrx_word' id='word_1_2' title='bbox 1073 797 1138 862; x_wconf 77' lang='lat' dir='ltr'><strong>tlt</strong></span> 
     </span>
    </p>
   </div>
   <div class='ocr_carea' id='block_1_2' title="bbox 81 963 1189 4187">
    <p class='ocr_par' dir='ltr' id='par_1_2' title="bbox 110 963 1189 2043">
     <span class='ocr_line' id='line_1_2' title="bbox 115 963 1139 1043; baseline 0.003 -20"><span class='ocrx_word' id='word_1_3' title='bbox 115 964 247 1023; x_wconf 75' lang='lat' dir='ltr'><strong>rectionis</strong></span> <span class='ocrx_word' id='word_1_4' title='bbox 269 963 340 1025; x_wconf 81' lang='lat' dir='ltr'><strong>tliem</strong></span> <span class='ocrx_word' id='word_1_5' title='bbox 361 981 417 1021; x_wconf 88' lang='lat' dir='ltr'><strong>uon</strong></span> <span class='ocrx_word' id='word_1_6' title='bbox 432 963 565 1029; x_wconf 85' lang='lat' dir='ltr'><strong>colerent,</strong></span> <span class='ocrx_word' id='word_1_7' title='bbox 582 976 609 1023; x_wconf 90' lang='lat' dir='ltr'><strong>et</strong></span> <span class='ocrx_word' id='word_1_8' title='bbox 624 966 677 1023; x_wconf 89' lang='lat' dir='ltr'><strong>hoc</strong></span> <span class='ocrx_word' id='word_1_9' title='bbox 692 966 763 1039; x_wconf 87' lang='lat' dir='ltr'><strong>ipso.</strong></span> <span class='ocrx_word' id='word_1_10' title='bbox 785 966 859 1042; x_wconf 69' lang='lat' dir='ltr'><strong>mautl</strong></span> <span class='ocrx_word' id='word_1_11' title='bbox 875 967 1055 1041; x_wconf 71' lang='lat' dir='ltr'><strong>mopertinem</strong></span> <span class='ocrx_word' id='word_1_12' title='bbox 1067 969 1139 1043; x_wconf 78' lang='lat' dir='ltr'><strong>Syn-</strong></span> 
     </span>
     <span class='ocr_line' id='line_1_3' title="bbox 114 1049 1138 1126; baseline 0.004 -18"><span class='ocrx_word' id='word_1_13' title='bbox 114 1050 177 1109; x_wconf 76' lang='lat' dir='ltr'><strong>uiu</strong></span> <span class='ocrx_word' id='word_1_14' title='bbox 200 1049 442 1124; x_wconf 77' lang='lat' dir='ltr'><strong>praestolarentur,</strong></span> <span class='ocrx_word' id='word_1_15' title='bbox 465 1051 557 1107; x_wconf 85' lang='lat' dir='ltr'><strong>ieiunii</strong></span> <span class='ocrx_word' id='word_1_16' title='bbox 579 1050 921 1124; x_wconf 72' lang='lat' dir='ltr'><strong>religioni-utuheercut,</strong></span> <span class='ocrx_word' id='word_1_17' title='bbox 943 1068 985 1109; x_wconf 77' lang='lat' dir='ltr'><strong>sc.</strong></span> <span class='ocrx_word' id='word_1_18' title='bbox 999 1061 1138 1126; x_wconf 82' lang='lat' dir='ltr'><strong>postremo</strong></span> 
     </span>
     <span class='ocr_line' id='line_1_4' title="bbox 115 1133 1139 1211; baseline 0.006 -20"><span class='ocrx_word' id='word_1_19' title='bbox 115 1135 238 1209; x_wconf 76' lang='lat' dir='ltr'><strong>Synanes</strong></span> <span class='ocrx_word' id='word_1_20' title='bbox 259 1133 293 1190; x_wconf 88' lang='lat' dir='ltr'><strong>ah</strong></span> <span class='ocrx_word' id='word_1_21' title='bbox 317 1136 382 1190; x_wconf 87' lang='lat' dir='ltr'><strong>hora</strong></span> <span class='ocrx_word' id='word_1_22' title='bbox 405 1150 477 1191; x_wconf 82' lang='lat' dir='ltr'><strong>nona</strong></span> <span class='ocrx_word' id='word_1_23' title='bbox 500 1135 674 1192; x_wconf 84' lang='lat' dir='ltr'><strong>celebrandas</strong></span> <span class='ocrx_word' id='word_1_24' title='bbox 689 1136 792 1195; x_wconf 77' lang='lat' dir='ltr'><strong>indicit.</strong></span> <span class='ocrx_word' id='word_1_25' title='bbox 822 1137 902 1211; x_wconf 80' lang='lat' dir='ltr'><strong>litqui</strong></span> <span class='ocrx_word' id='word_1_26' title='bbox 916 1136 1064 1195; x_wconf 78' lang='lat' dir='ltr'><strong>Dominicis</strong></span> <span class='ocrx_word' id='word_1_27' title='bbox 1079 1138 1139 1197; x_wconf 77' lang='lat' dir='ltr'><strong>ulie-</strong></span> 
     </span>
     <span class='ocr_line' id='line_1_5' title="bbox 114 1220 1137 1297; baseline 0.006 -21"><span class='ocrx_word' id='word_1_28' title='bbox 114 1220 168 1277; x_wconf 84' lang='lat' dir='ltr'><strong>hus</strong></span> <span class='ocrx_word' id='word_1_29' title='bbox 191 1221 311 1294; x_wconf 77' lang='lat' dir='ltr'><strong>synaxes</strong></span> <span class='ocrx_word' id='word_1_30' title='bbox 334 1220 481 1276; x_wconf 73' lang='lat' dir='ltr'><strong>matutinae</strong></span> <span class='ocrx_word' id='word_1_31' title='bbox 504 1238 599 1277; x_wconf 88' lang='lat' dir='ltr'><strong>omnes</strong></span> <span class='ocrx_word' id='word_1_32' title='bbox 624 1231 717 1285; x_wconf 85' lang='lat' dir='ltr'><strong>erant.</strong></span> <span class='ocrx_word' id='word_1_33' title='bbox 747 1231 775 1279; x_wconf 92' lang='lat' dir='ltr'><strong>et</strong></span> <span class='ocrx_word' id='word_1_34' title='bbox 796 1223 869 1296; x_wconf 78' lang='lat' dir='ltr'><strong>quoti</strong></span> <span class='ocrx_word' id='word_1_35' title='bbox 892 1239 993 1295; x_wconf 78' lang='lat' dir='ltr'><strong>paucos</strong></span> <span class='ocrx_word' id='word_1_36' title='bbox 1016 1223 1137 1297; x_wconf 77' lang='lat' dir='ltr'><strong>dactylus</strong></span> 
     </span>
     <span class='ocr_line' id='line_1_6' title="bbox 114 1305 1137 1382; baseline 0.004 -19"><span class='ocrx_word' id='word_1_37' title='bbox 114 1305 168 1363; x_wconf 88' lang='lat' dir='ltr'><strong>suh</strong></span> <span class='ocrx_word' id='word_1_38' title='bbox 191 1322 331 1378; x_wconf 87' lang='lat' dir='ltr'><strong>vesperam</strong></span> <span class='ocrx_word' id='word_1_39' title='bbox 355 1305 541 1370; x_wconf 81' lang='lat' dir='ltr'><strong>comederent,</strong></span> <span class='ocrx_word' id='word_1_40' title='bbox 565 1306 631 1362; x_wconf 86' lang='lat' dir='ltr'><strong>nihil</strong></span> <span class='ocrx_word' id='word_1_41' title='bbox 653 1306 796 1371; x_wconf 84' lang='lat' dir='ltr'><strong>obstabat.</strong></span> <span class='ocrx_word' id='word_1_42' title='bbox 818 1325 873 1382; x_wconf 85' lang='lat' dir='ltr'><strong>quo</strong></span> <span class='ocrx_word' id='word_1_43' title='bbox 895 1308 986 1365; x_wconf 87' lang='lat' dir='ltr'><strong>minus</strong></span> <span class='ocrx_word' id='word_1_44' title='bbox 1008 1308 1137 1367; x_wconf 86' lang='lat' dir='ltr'><strong>ieiunium</strong></span> 
     </span>
     <span class='ocr_line' id='line_1_7' title="bbox 115 1390 1137 1464; baseline 0.002 -16"><span class='ocrx_word' id='word_1_45' title='bbox 115 1400 191 1448; x_wconf 81' lang='lat' dir='ltr'><strong>esset</strong></span> <span class='ocrx_word' id='word_1_46' title='bbox 218 1390 368 1453; x_wconf 78' lang='lat' dir='ltr'><strong>eiusmodi,</strong></span> <span class='ocrx_word' id='word_1_47' title='bbox 404 1390 484 1464; x_wconf 79' lang='lat' dir='ltr'><strong>quale</strong></span> <span class='ocrx_word' id='word_1_48' title='bbox 512 1390 658 1447; x_wconf 76' lang='lat' dir='ltr'><strong>Dominicis</strong></span> <span class='ocrx_word' id='word_1_49' title='bbox 684 1391 780 1448; x_wconf 83' lang='lat' dir='ltr'><strong>diebus</strong></span> <span class='ocrx_word' id='word_1_50' title='bbox 809 1392 935 1449; x_wconf 85' lang='lat' dir='ltr'><strong>omnihus</strong></span> <span class='ocrx_word' id='word_1_51' title='bbox 963 1393 1137 1455; x_wconf 83' lang='lat' dir='ltr'><strong>interdictum</strong></span> 
     </span>
     <span class='ocr_line' id='line_1_8' title="bbox 114 1475 1138 1548; baseline 0.003 -16"><span class='ocrx_word' id='word_1_52' title='bbox 114 1475 199 1533; x_wconf 83' lang='lat' dir='ltr'><strong>luisse</strong></span> <span class='ocrx_word' id='word_1_53' title='bbox 222 1492 283 1531; x_wconf 80' lang='lat' dir='ltr'><strong>ctum</strong></span> <span class='ocrx_word' id='word_1_54' title='bbox 305 1475 472 1548; x_wconf 79' lang='lat' dir='ltr'><strong>Epiphanius</strong></span> <span class='ocrx_word' id='word_1_55' title='bbox 495 1476 547 1533; x_wconf 89' lang='lat' dir='ltr'><strong>hoc</strong></span> <span class='ocrx_word' id='word_1_56' title='bbox 569 1476 647 1541; x_wconf 89' lang='lat' dir='ltr'><strong>loco,</strong></span> <span class='ocrx_word' id='word_1_57' title='bbox 672 1485 728 1533; x_wconf 90' lang='lat' dir='ltr'><strong>tum</strong></span> <span class='ocrx_word' id='word_1_58' title='bbox 751 1477 795 1533; x_wconf 88' lang='lat' dir='ltr'><strong>alii</strong></span> <span class='ocrx_word' id='word_1_59' title='bbox 817 1487 923 1535; x_wconf 82' lang='lat' dir='ltr'><strong>veteres</strong></span> <span class='ocrx_word' id='word_1_60' title='bbox 945 1494 1040 1535; x_wconf 87' lang='lat' dir='ltr'><strong>omues</strong></span> <span class='ocrx_word' id='word_1_61' title='bbox 1062 1478 1138 1537; x_wconf 57' lang='lat' dir='ltr'><strong>alliu</strong></span> 
     </span>
     <span class='ocr_line' id='line_1_9' title="bbox 113 1560 1189 1634; baseline 0.004 -17"><span class='ocrx_word' id='word_1_62' title='bbox 113 1571 199 1618; x_wconf 85' lang='lat' dir='ltr'><strong>mant.</strong></span> <span class='ocrx_word' id='word_1_63' title='bbox 245 1562 389 1617; x_wconf 83' lang='lat' dir='ltr'><strong>Caeterum</strong></span> <span class='ocrx_word' id='word_1_64' title='bbox 417 1561 486 1617; x_wconf 83' lang='lat' dir='ltr'><strong>ulem</strong></span> <span class='ocrx_word' id='word_1_65' title='bbox 509 1560 554 1617; x_wconf 89' lang='lat' dir='ltr'><strong>ille</strong></span> <span class='ocrx_word' id='word_1_66' title='bbox 576 1561 719 1634; x_wconf 82' lang='lat' dir='ltr'><strong>Theophili</strong></span> <span class='ocrx_word' id='word_1_67' title='bbox 740 1562 817 1619; x_wconf 86' lang='lat' dir='ltr'><strong>locus</strong></span> <span class='ocrx_word' id='word_1_68' title='bbox 840 1562 975 1627; x_wconf 81' lang='lat' dir='ltr'><strong>admonet,</strong></span> <span class='ocrx_word' id='word_1_69' title='bbox 1000 1564 1023 1619; x_wconf 84' lang='lat' dir='ltr'><strong>si</strong></span> <span class='ocrx_word' id='word_1_70' title='bbox 1045 1563 1138 1621; x_wconf 83' lang='lat' dir='ltr'><strong>l&#39;heo-</strong></span> <span class='ocrx_word' id='word_1_71' title='bbox 1169 1584 1189 1609; x_wconf 89' lang='lat'><strong>··</strong></span> 
     </span>
     <span class='ocr_line' id='line_1_10' title="bbox 113 1645 1138 1722; baseline 0.003 -20"><span class='ocrx_word' id='word_1_72' title='bbox 113 1647 213 1720; x_wconf 81' lang='lat' dir='ltr'><strong>phanis</strong></span> <span class='ocrx_word' id='word_1_73' title='bbox 235 1645 317 1702; x_wconf 80' lang='lat' dir='ltr'><strong>olium</strong></span> <span class='ocrx_word' id='word_1_74' title='bbox 341 1646 366 1701; x_wconf 92' lang='lat' dir='ltr'><strong>in</strong></span> <span class='ocrx_word' id='word_1_75' title='bbox 394 1645 463 1701; x_wconf 82' lang='lat' dir='ltr'><strong>utun</strong></span> <span class='ocrx_word' id='word_1_76' title='bbox 486 1662 567 1718; x_wconf 84' lang='lat' dir='ltr'><strong>qoem</strong></span> <span class='ocrx_word' id='word_1_77' title='bbox 594 1646 761 1703; x_wconf 82' lang='lat' dir='ltr'><strong>llotriinicum</strong></span> <span class='ocrx_word' id='word_1_78' title='bbox 783 1648 972 1711; x_wconf 85' lang='lat' dir='ltr'><strong>incurrissent,</strong></span> <span class='ocrx_word' id='word_1_79' title='bbox 995 1648 1138 1722; x_wconf 80' lang='lat' dir='ltr'><strong>Xeropha-</strong></span> 
     </span>
     <span class='ocr_line' id='line_1_11' title="bbox 113 1730 1137 1806; baseline 0.004 -20"><span class='ocrx_word' id='word_1_80' title='bbox 113 1731 175 1804; x_wconf 77' lang='lat' dir='ltr'><strong>giis,</strong></span> <span class='ocrx_word' id='word_1_81' title='bbox 200 1732 253 1787; x_wconf 89' lang='lat' dir='ltr'><strong>hoc</strong></span> <span class='ocrx_word' id='word_1_82' title='bbox 275 1739 317 1786; x_wconf 90' lang='lat' dir='ltr'><strong>est</strong></span> <span class='ocrx_word' id='word_1_83' title='bbox 340 1747 408 1803; x_wconf 90' lang='lat' dir='ltr'><strong>pane</strong></span> <span class='ocrx_word' id='word_1_84' title='bbox 431 1747 494 1786; x_wconf 83' lang='lat' dir='ltr'><strong>cuin</strong></span> <span class='ocrx_word' id='word_1_85' title='bbox 515 1730 571 1787; x_wconf 86' lang='lat' dir='ltr'><strong>sale</strong></span> <span class='ocrx_word' id='word_1_86' title='bbox 593 1741 621 1786; x_wconf 85' lang='lat' dir='ltr'><strong>et</strong></span> <span class='ocrx_word' id='word_1_87' title='bbox 636 1749 713 1806; x_wconf 79' lang='lat' dir='ltr'><strong>aqua,</strong></span> <span class='ocrx_word' id='word_1_88' title='bbox 738 1733 910 1805; x_wconf 70' lang='lat' dir='ltr'><strong>transigentis</strong></span> <span class='ocrx_word' id='word_1_89' title='bbox 925 1733 1018 1789; x_wconf 85' lang='lat' dir='ltr'><strong>luisse.</strong></span> <span class='ocrx_word' id='word_1_90' title='bbox 1060 1733 1137 1791; x_wconf 84' lang='lat' dir='ltr'><strong>Nunc</strong></span> 
     </span>
     <span class='ocr_line' id='line_1_12' title="bbox 113 1815 1137 1890; baseline 0.003 -18"><span class='ocrx_word' id='word_1_91' title='bbox 113 1815 152 1873; x_wconf 90' lang='lat' dir='ltr'><strong>oh</strong></span> <span class='ocrx_word' id='word_1_92' title='bbox 174 1817 227 1872; x_wconf 82' lang='lat' dir='ltr'><strong>diei</strong></span> <span class='ocrx_word' id='word_1_93' title='bbox 250 1816 408 1888; x_wconf 74' lang='lat' dir='ltr'><strong>religionem</strong></span> <span class='ocrx_word' id='word_1_94' title='bbox 437 1832 539 1888; x_wconf 88' lang='lat' dir='ltr'><strong>pauens</strong></span> <span class='ocrx_word' id='word_1_95' title='bbox 561 1816 681 1890; x_wconf 80' lang='lat' dir='ltr'><strong>‹luctylos</strong></span> <span class='ocrx_word' id='word_1_96' title='bbox 704 1817 847 1882; x_wconf 81' lang='lat' dir='ltr'><strong>retulisses,</strong></span> <span class='ocrx_word' id='word_1_97' title='bbox 878 1835 947 1890; x_wconf 85' lang='lat' dir='ltr'><strong>quos</strong></span> <span class='ocrx_word' id='word_1_98' title='bbox 970 1826 1075 1884; x_wconf 87' lang='lat' dir='ltr'><strong>tanen,</strong></span> <span class='ocrx_word' id='word_1_99' title='bbox 1105 1828 1137 1875; x_wconf 90' lang='lat' dir='ltr'><strong>ut</strong></span> 
     </span>
     <span class='ocr_line' id='line_1_13' title="bbox 112 1900 1137 1976; baseline 0.004 -19"><span class='ocrx_word' id='word_1_100' title='bbox 112 1902 206 1958; x_wconf 90' lang='lat' dir='ltr'><strong>ieiunii</strong></span> <span class='ocrx_word' id='word_1_101' title='bbox 242 1901 311 1956; x_wconf 80' lang='lat' dir='ltr'><strong>ratio</strong></span> <span class='ocrx_word' id='word_1_102' title='bbox 342 1900 504 1963; x_wconf 84' lang='lat' dir='ltr'><strong>haberetur,</strong></span> <span class='ocrx_word' id='word_1_103' title='bbox 541 1910 603 1957; x_wconf 89' lang='lat' dir='ltr'><strong>ante</strong></span> <span class='ocrx_word' id='word_1_104' title='bbox 632 1902 813 1974; x_wconf 74' lang='lat' dir='ltr'><strong>vespertinam</strong></span> <span class='ocrx_word' id='word_1_105' title='bbox 843 1902 961 1976; x_wconf 75' lang='lat' dir='ltr'><strong>Synaniu</strong></span> <span class='ocrx_word' id='word_1_106' title='bbox 990 1902 1137 1976; x_wconf 74' lang='lat' dir='ltr'><strong>degustare</strong></span> 
     </span>
     <span class='ocr_line' id='line_1_14' title="bbox 110 1988 208 2043; baseline 0.031 -3"><span class='ocrx_word' id='word_1_107' title='bbox 110 1988 208 2043; x_wconf 79' lang='lat' dir='ltr'><strong>vetuit.</strong></span> 
     </span>
    </p>

    <p class='ocr_par' dir='ltr' id='par_1_3' title="bbox 81 2061 1137 4187">
     <span class='ocr_line' id='line_1_15' title="bbox 204 2061 1135 2146; baseline 0 -17"><span class='ocrx_word' id='word_1_108' title='bbox 204 2074 283 2129; x_wconf 78' lang='lat'>1105</span> <span class='ocrx_word' id='word_1_109' title='bbox 300 2071 328 2127; x_wconf 88' lang='lat' dir='ltr'><strong>t.</strong></span> <span class='ocrx_word' id='word_1_110' title='bbox 358 2063 415 2136; x_wconf 84' lang='grc' dir='ltr'><em>τάς</em></span> <span class='ocrx_word' id='word_1_111' title='bbox 436 2063 470 2126; x_wconf 72' lang='grc' dir='ltr'><strong>δὲ</strong></span> <span class='ocrx_word' id='word_1_112' title='bbox 491 2061 640 2146; x_wconf 73' lang='grc' dir='ltr'><em>κυρτακὰς</em></span> <span class='ocrx_word' id='word_1_113' title='bbox 661 2062 796 2146; x_wconf 79' lang='grc' dir='ltr'><em>ἁπάσας]</em></span> <span class='ocrx_word' id='word_1_114' title='bbox 830 2072 868 2128; x_wconf 89' lang='lat' dir='ltr'><strong>De</strong></span> <span class='ocrx_word' id='word_1_115' title='bbox 891 2071 1036 2129; x_wconf 82' lang='lat' dir='ltr'><strong>Dominicis</strong></span> <span class='ocrx_word' id='word_1_116' title='bbox 1059 2072 1135 2139; x_wconf 86' lang='lat' dir='ltr'><strong>solis,</strong></span> 
     </span>
     <span class='ocr_line' id='line_1_16' title="bbox 112 2154 1137 2235; baseline 0.003 -23"><span class='ocrx_word' id='word_1_117' title='bbox 112 2173 170 2213; x_wconf 93' lang='lat' dir='ltr'><strong>non</strong></span> <span class='ocrx_word' id='word_1_118' title='bbox 193 2157 257 2213; x_wconf 85' lang='lat' dir='ltr'><strong>item</strong></span> <span class='ocrx_word' id='word_1_119' title='bbox 280 2154 416 2235; x_wconf 79' lang='lat' dir='ltr'><strong>Sahbatis,</strong></span> <span class='ocrx_word' id='word_1_120' title='bbox 439 2155 589 2227; x_wconf 79' lang='lat' dir='ltr'><strong>prudenter</strong></span> <span class='ocrx_word' id='word_1_121' title='bbox 611 2156 663 2211; x_wconf 90' lang='lat' dir='ltr'><strong>hoc</strong></span> <span class='ocrx_word' id='word_1_122' title='bbox 685 2156 809 2221; x_wconf 77' lang='lat' dir='ltr'><strong>advertit,</strong></span> <span class='ocrx_word' id='word_1_123' title='bbox 833 2166 863 2213; x_wconf 90' lang='lat' dir='ltr'><strong>ut</strong></span> <span class='ocrx_word' id='word_1_124' title='bbox 885 2166 912 2212; x_wconf 85' lang='lat' dir='ltr'><strong>et</strong></span> <span class='ocrx_word' id='word_1_125' title='bbox 929 2158 1028 2230; x_wconf 76' lang='lat' dir='ltr'><strong>Gangr.</strong></span> <span class='ocrx_word' id='word_1_126' title='bbox 1045 2157 1137 2230; x_wconf 78' lang='lat' dir='ltr'><strong>Syro-t</strong></span> 
     </span>
     <span class='ocr_line' id='line_1_17' title="bbox 110 2240 1137 2300; baseline 0.002 -3"><span class='ocrx_word' id='word_1_127' title='bbox 110 2241 165 2297; x_wconf 85' lang='lat' dir='ltr'><strong>dus</strong></span> <span class='ocrx_word' id='word_1_128' title='bbox 182 2242 246 2298; x_wconf 83' lang='lat' dir='ltr'><strong>Can.</strong></span> <span class='ocrx_word' id='word_1_129' title='bbox 259 2244 295 2300; x_wconf 82' lang='lat'><strong>18</strong></span> <span class='ocrx_word' id='word_1_130' title='bbox 319 2241 353 2297; x_wconf 79' lang='lat' dir='ltr'><strong>tle</strong></span> <span class='ocrx_word' id='word_1_131' title='bbox 377 2240 476 2296; x_wconf 86' lang='lat' dir='ltr'><strong>ieiunio</strong></span> <span class='ocrx_word' id='word_1_132' title='bbox 493 2240 639 2297; x_wconf 80' lang='lat' dir='ltr'><strong>Dominicis</strong></span> <span class='ocrx_word' id='word_1_133' title='bbox 660 2240 790 2297; x_wconf 82' lang='lat' dir='ltr'><strong>duntaxat</strong></span> <span class='ocrx_word' id='word_1_134' title='bbox 812 2241 958 2299; x_wconf 69' lang='lat' dir='ltr'><strong>interdixit.</strong></span> <span class='ocrx_word' id='word_1_135' title='bbox 989 2242 1048 2298; x_wconf 85' lang='lat' dir='ltr'><strong>llou</strong></span> <span class='ocrx_word' id='word_1_136' title='bbox 1064 2245 1137 2299; x_wconf 85' lang='lat' dir='ltr'><strong>enim</strong></span> 
     </span>
     <span class='ocr_line' id='line_1_18' title="bbox 112 2321 1136 2400; baseline 0.001 -17"><span class='ocrx_word' id='word_1_137' title='bbox 112 2326 225 2400; x_wconf 79' lang='lat' dir='ltr'><strong>ultique.</strong></span> <span class='ocrx_word' id='word_1_138' title='bbox 248 2344 300 2385; x_wconf 87' lang='lat' dir='ltr'><strong>nec</strong></span> <span class='ocrx_word' id='word_1_139' title='bbox 322 2327 349 2382; x_wconf 92' lang='lat' dir='ltr'><strong>in</strong></span> <span class='ocrx_word' id='word_1_140' title='bbox 372 2335 428 2381; x_wconf 87' lang='lat' dir='ltr'><strong>tota</strong></span> <span class='ocrx_word' id='word_1_141' title='bbox 450 2324 569 2381; x_wconf 77' lang='lat' dir='ltr'><strong>Ecclesia</strong></span> <span class='ocrx_word' id='word_1_142' title='bbox 586 2325 733 2383; x_wconf 82' lang='lat' dir='ltr'><strong>Salahoturn</strong></span> <span class='ocrx_word' id='word_1_143' title='bbox 757 2326 848 2383; x_wconf 85' lang='lat' dir='ltr'><strong>ieiunii</strong></span> <span class='ocrx_word' id='word_1_144' title='bbox 871 2344 968 2400; x_wconf 81' lang='lat' dir='ltr'><strong>expers</strong></span> <span class='ocrx_word' id='word_1_145' title='bbox 991 2327 1050 2383; x_wconf 87' lang='lat' dir='ltr'><strong>luit.</strong></span> <span class='ocrx_word' id='word_1_146' title='bbox 1080 2321 1136 2385; x_wconf 80' lang='lat' dir='ltr'><strong>Eec</strong></span> 
     </span>
     <span class='ocr_line' id='line_1_19' title="bbox 111 2410 1136 2485; baseline 0.002 -18"><span class='ocrx_word' id='word_1_147' title='bbox 111 2411 256 2485; x_wconf 76' lang='lat' dir='ltr'><strong>ignorabat</strong></span> <span class='ocrx_word' id='word_1_148' title='bbox 279 2411 445 2485; x_wconf 87' lang='lat' dir='ltr'><strong>Epiphanius</strong></span> <span class='ocrx_word' id='word_1_149' title='bbox 471 2410 549 2466; x_wconf 87' lang='lat' dir='ltr'><strong>aliter</strong></span> <span class='ocrx_word' id='word_1_150' title='bbox 579 2411 678 2467; x_wconf 84' lang='lat' dir='ltr'><strong>llornae</strong></span> <span class='ocrx_word' id='word_1_151' title='bbox 707 2420 735 2466; x_wconf 87' lang='lat' dir='ltr'><strong>et</strong></span> <span class='ocrx_word' id='word_1_152' title='bbox 764 2411 792 2466; x_wconf 91' lang='lat' dir='ltr'><strong>iu</strong></span> <span class='ocrx_word' id='word_1_153' title='bbox 821 2412 959 2484; x_wconf 79' lang='lat' dir='ltr'><strong>plerisque</strong></span> <span class='ocrx_word' id='word_1_154' title='bbox 982 2413 1136 2469; x_wconf 80' lang='lat' dir='ltr'><strong>Occidentis</strong></span> 
     </span>
     <span class='ocr_line' id='line_1_20' title="bbox 111 2496 1136 2570; baseline 0 -17"><span class='ocrx_word' id='word_1_155' title='bbox 111 2497 281 2570; x_wconf 69' lang='lat' dir='ltr'><strong>regionibus,</strong></span> <span class='ocrx_word' id='word_1_156' title='bbox 304 2512 385 2570; x_wconf 84' lang='lat' dir='ltr'><strong>quem</strong></span> <span class='ocrx_word' id='word_1_157' title='bbox 408 2496 434 2550; x_wconf 92' lang='lat' dir='ltr'><strong>in</strong></span> <span class='ocrx_word' id='word_1_158' title='bbox 458 2496 567 2551; x_wconf 80' lang='lat' dir='ltr'><strong>Oriente</strong></span> <span class='ocrx_word' id='word_1_159' title='bbox 590 2497 715 2568; x_wconf 86' lang='lat' dir='ltr'><strong>usurpari</strong></span> <span class='ocrx_word' id='word_1_160' title='bbox 736 2496 919 2552; x_wconf 78' lang='lat' dir='ltr'><strong>consuevisse.</strong></span> <span class='ocrx_word' id='word_1_161' title='bbox 950 2496 1057 2553; x_wconf 79' lang='lat' dir='ltr'><strong>Etenim</strong></span> <span class='ocrx_word' id='word_1_162' title='bbox 1078 2497 1136 2553; x_wconf 88' lang='lat' dir='ltr'><strong>Do-</strong></span> 
     </span>
     <span class='ocr_line' id='line_1_21' title="bbox 111 2571 1135 2655; baseline 0.005 -18"><span class='ocrx_word' id='word_1_163' title='bbox 111 2583 195 2645; x_wconf 83' lang='lat' dir='ltr'><strong>nraui.</strong></span> <span class='ocrx_word' id='word_1_164' title='bbox 218 2582 291 2655; x_wconf 79' lang='lat' dir='ltr'><strong>quod</strong></span> <span class='ocrx_word' id='word_1_165' title='bbox 314 2583 441 2639; x_wconf 83' lang='lat' dir='ltr'><strong>Socrates</strong></span> <span class='ocrx_word' id='word_1_166' title='bbox 458 2582 486 2644; x_wconf 83' lang='lat'><strong>5,</strong></span> <span class='ocrx_word' id='word_1_167' title='bbox 503 2581 543 2637; x_wconf 76' lang='lat'><strong>22</strong></span> <span class='ocrx_word' id='word_1_168' title='bbox 567 2579 670 2643; x_wconf 83' lang='lat' dir='ltr'><strong>scribit.</strong></span> <span class='ocrx_word' id='word_1_169' title='bbox 693 2581 755 2637; x_wconf 79' lang='grc' dir='ltr'><strong>πᾶν</strong></span> <span class='ocrx_word' id='word_1_170' title='bbox 768 2571 930 2651; x_wconf 94' lang='grc' dir='ltr'><em>σάββατον</em></span> <span class='ocrx_word' id='word_1_171' title='bbox 944 2575 1135 2653; x_wconf 76' lang='grc' dir='ltr'><em>νησττάοτστ.</em></span> 
     </span>
     <span class='ocr_line' id='line_1_22' title="bbox 81 2664 1136 2741; baseline 0.001 -19"><span class='ocrx_word' id='word_1_172' title='bbox 81 2674 87 2687; x_wconf 86' lang='grc'><em>·</em></span> <span class='ocrx_word' id='word_1_173' title='bbox 112 2667 153 2722; x_wconf 92' lang='lat' dir='ltr'><strong>De</strong></span> <span class='ocrx_word' id='word_1_174' title='bbox 180 2683 235 2741; x_wconf 85' lang='lat' dir='ltr'><strong>quo</strong></span> <span class='ocrx_word' id='word_1_175' title='bbox 263 2667 397 2723; x_wconf 77' lang='lat' dir='ltr'><strong>fusissime</strong></span> <span class='ocrx_word' id='word_1_176' title='bbox 425 2665 546 2738; x_wconf 85' lang='lat' dir='ltr'><strong>lisputat</strong></span> <span class='ocrx_word' id='word_1_177' title='bbox 569 2669 683 2737; x_wconf 78' lang='lat' dir='ltr'><strong>August.</strong></span> <span class='ocrx_word' id='word_1_178' title='bbox 706 2665 792 2738; x_wconf 80' lang='lat' dir='ltr'><strong>Epist.</strong></span> <span class='ocrx_word' id='word_1_179' title='bbox 817 2664 1083 2738; x_wconf 62' lang='lat' dir='ltr'><strong>succurrentis</strong></span> <span class='ocrx_word' id='word_1_180' title='bbox 1108 2675 1136 2723; x_wconf 90' lang='lat' dir='ltr'><strong>et</strong></span> 
     </span>
     <span class='ocr_line' id='line_1_23' title="bbox 111 2749 1136 2824; baseline 0 -17"><span class='ocrx_word' id='word_1_181' title='bbox 111 2753 140 2807; x_wconf 92' lang='lat' dir='ltr'><strong>in</strong></span> <span class='ocrx_word' id='word_1_182' title='bbox 164 2750 311 2807; x_wconf 77' lang='lat' dir='ltr'><strong>Annalibus</strong></span> <span class='ocrx_word' id='word_1_183' title='bbox 335 2750 679 2808; x_wconf 66' lang='lat' dir='ltr'><strong>lacuturnenses.</strong></span> <span class='ocrx_word' id='word_1_184' title='bbox 720 2750 809 2819; x_wconf 75' lang='lat' dir='ltr'><strong>(luere</strong></span> <span class='ocrx_word' id='word_1_185' title='bbox 839 2750 911 2806; x_wconf 91' lang='lat' dir='ltr'><strong>nulla</strong></span> <span class='ocrx_word' id='word_1_186' title='bbox 940 2761 982 2806; x_wconf 88' lang='lat' dir='ltr'><strong>est</strong></span> <span class='ocrx_word' id='word_1_187' title='bbox 1004 2749 1037 2806; x_wconf 91' lang='lat' dir='ltr'><strong>ab</strong></span> <span class='ocrx_word' id='word_1_188' title='bbox 1060 2754 1136 2824; x_wconf 75' lang='lat' dir='ltr'><strong>Apo·</strong></span> 
     </span>
     <span class='ocr_line' id='line_1_24' title="bbox 111 2834 1136 2909; baseline -0.001 -17"><span class='ocrx_word' id='word_1_189' title='bbox 111 2837 191 2893; x_wconf 83' lang='lat' dir='ltr'><strong>stolis</strong></span> <span class='ocrx_word' id='word_1_190' title='bbox 214 2837 285 2893; x_wconf 81' lang='lat' dir='ltr'><strong>etlitn</strong></span> <span class='ocrx_word' id='word_1_191' title='bbox 308 2836 421 2901; x_wconf 79' lang='lat' dir='ltr'><strong>sanctio,</strong></span> <span class='ocrx_word' id='word_1_192' title='bbox 445 2851 497 2908; x_wconf 85' lang='lat' dir='ltr'><strong>qua</strong></span> <span class='ocrx_word' id='word_1_193' title='bbox 520 2834 649 2890; x_wconf 85' lang='lat' dir='ltr'><strong>ieiunium</strong></span> <span class='ocrx_word' id='word_1_194' title='bbox 673 2852 708 2891; x_wconf 91' lang='lat' dir='ltr'><strong>eo</strong></span> <span class='ocrx_word' id='word_1_195' title='bbox 729 2836 772 2891; x_wconf 84' lang='lat' dir='ltr'><strong>dle</strong></span> <span class='ocrx_word' id='word_1_196' title='bbox 795 2835 1003 2909; x_wconf 86' lang='lat' dir='ltr'><strong>prohiberetur,</strong></span> <span class='ocrx_word' id='word_1_197' title='bbox 1026 2845 1057 2892; x_wconf 91' lang='lat' dir='ltr'><strong>ut</strong></span> <span class='ocrx_word' id='word_1_198' title='bbox 1077 2840 1136 2891; x_wconf 80' lang='lat' dir='ltr'><strong>Au·</strong></span> 
     </span>
     <span class='ocr_line' id='line_1_25' title="bbox 111 2918 1136 2995; baseline 0 -18"><span class='ocrx_word' id='word_1_199' title='bbox 111 2922 240 2995; x_wconf 79' lang='lat' dir='ltr'><strong>gustinus</strong></span> <span class='ocrx_word' id='word_1_200' title='bbox 263 2921 360 2977; x_wconf 84' lang='lat' dir='ltr'><strong>asserit</strong></span> <span class='ocrx_word' id='word_1_201' title='bbox 374 2921 539 2994; x_wconf 63' lang='lat' dir='ltr'><strong>appulus,</strong></span> <span class='ocrx_word' id='word_1_202' title='bbox 561 2918 609 2976; x_wconf 87' lang='lat' dir='ltr'><strong>ubi</strong></span> <span class='ocrx_word' id='word_1_203' title='bbox 632 2920 658 2975; x_wconf 93' lang='lat' dir='ltr'><strong>in</strong></span> <span class='ocrx_word' id='word_1_204' title='bbox 680 2919 764 2975; x_wconf 87' lang='lat' dir='ltr'><strong>rebus</strong></span> <span class='ocrx_word' id='word_1_205' title='bbox 787 2920 941 2977; x_wconf 84' lang='lat' dir='ltr'><strong>huiusmodi</strong></span> <span class='ocrx_word' id='word_1_206' title='bbox 963 2930 1044 2994; x_wconf 78' lang='lat' dir='ltr'><strong>negat</strong></span> <span class='ocrx_word' id='word_1_207' title='bbox 1056 2921 1136 2995; x_wconf 86' lang='lat' dir='ltr'><strong>quic-</strong></span> 
     </span>
     <span class='ocr_line' id='line_1_26' title="bbox 111 3004 1135 3082; baseline 0 -19"><span class='ocrx_word' id='word_1_208' title='bbox 111 3023 194 3082; x_wconf 85' lang='lat' dir='ltr'><strong>quam</strong></span> <span class='ocrx_word' id='word_1_209' title='bbox 218 3024 278 3062; x_wconf 78' lang='lat' dir='ltr'><strong>esse</strong></span> <span class='ocrx_word' id='word_1_210' title='bbox 299 3007 345 3063; x_wconf 85' lang='lat' dir='ltr'><strong>uel</strong></span> <span class='ocrx_word' id='word_1_211' title='bbox 366 3004 533 3078; x_wconf 79' lang='lat' dir='ltr'><strong>Scripturas</strong></span> <span class='ocrx_word' id='word_1_212' title='bbox 554 3013 672 3060; x_wconf 85' lang='lat' dir='ltr'><strong>souctoe</strong></span> <span class='ocrx_word' id='word_1_213' title='bbox 693 3005 874 3070; x_wconf 79' lang='lat' dir='ltr'><strong>authoritate,</strong></span> <span class='ocrx_word' id='word_1_214' title='bbox 897 3006 942 3061; x_wconf 88' lang='lat' dir='ltr'><strong>uel</strong></span> <span class='ocrx_word' id='word_1_215' title='bbox 964 3006 1135 3063; x_wconf 69' lang='lat' dir='ltr'><strong>uniuersatta</strong></span> 
     </span>
     <span class='ocr_line' id='line_1_27' title="bbox 111 3090 1134 3163; baseline -0.003 -15"><span class='ocrx_word' id='word_1_216' title='bbox 111 3091 259 3149; x_wconf 79' lang='lat' dir='ltr'><strong>Ecclesiae</strong></span> <span class='ocrx_word' id='word_1_217' title='bbox 282 3091 435 3147; x_wconf 73' lang='lat' dir='ltr'><strong>troDitioue</strong></span> <span class='ocrx_word' id='word_1_218' title='bbox 457 3090 685 3154; x_wconf 70' lang='lat' dir='ltr'><strong>cennensium,</strong></span> <span class='ocrx_word' id='word_1_219' title='bbox 715 3090 763 3145; x_wconf 87' lang='lat' dir='ltr'><strong>sed</strong></span> <span class='ocrx_word' id='word_1_220' title='bbox 786 3090 860 3155; x_wconf 85' lang='lat' dir='ltr'><strong>cius,</strong></span> <span class='ocrx_word' id='word_1_221' title='bbox 884 3091 986 3163; x_wconf 84' lang='lat' dir='ltr'><strong>inqua</strong></span> <span class='ocrx_word' id='word_1_222' title='bbox 1009 3091 1134 3157; x_wconf 83' lang='lat' dir='ltr'><strong>verseris,</strong></span> 
     </span>
     <span class='ocr_line' id='line_1_28' title="bbox 111 3174 1137 3250; baseline 0 -17"><span class='ocrx_word' id='word_1_223' title='bbox 111 3177 250 3233; x_wconf 80' lang='lat' dir='ltr'><strong>Ecclesiae</strong></span> <span class='ocrx_word' id='word_1_224' title='bbox 270 3175 460 3232; x_wconf 81' lang='lat' dir='ltr'><strong>consuetudini</strong></span> <span class='ocrx_word' id='word_1_225' title='bbox 483 3174 726 3247; x_wconf 80' lang='lat' dir='ltr'><strong>obtemperandum</strong></span> <span class='ocrx_word' id='word_1_226' title='bbox 749 3192 819 3232; x_wconf 83' lang='lat' dir='ltr'><strong>osse.</strong></span> <span class='ocrx_word' id='word_1_227' title='bbox 850 3175 909 3243; x_wconf 77' lang='lat' dir='ltr'><strong>Qus</strong></span> <span class='ocrx_word' id='word_1_228' title='bbox 929 3174 1038 3250; x_wconf 85' lang='lat' dir='ltr'><strong>quidem</strong></span> <span class='ocrx_word' id='word_1_229' title='bbox 1054 3192 1137 3249; x_wconf 57' lang='lat' dir='ltr'><strong>prae:</strong></span> 
     </span>
     <span class='ocr_line' id='line_1_29' title="bbox 110 3259 1136 3335; baseline -0.001 -17"><span class='ocrx_word' id='word_1_230' title='bbox 110 3262 261 3335; x_wconf 82' lang='lat' dir='ltr'><strong>scriptione</strong></span> <span class='ocrx_word' id='word_1_231' title='bbox 284 3269 409 3333; x_wconf 84' lang='lat' dir='ltr'><strong>tanquam</strong></span> <span class='ocrx_word' id='word_1_232' title='bbox 433 3260 543 3333; x_wconf 86' lang='lat' dir='ltr'><strong>spurius</strong></span> <span class='ocrx_word' id='word_1_233' title='bbox 565 3268 593 3315; x_wconf 91' lang='lat' dir='ltr'><strong>et</strong></span> <span class='ocrx_word' id='word_1_234' title='bbox 614 3259 719 3315; x_wconf 90' lang='lat' dir='ltr'><strong>alienus</strong></span> <span class='ocrx_word' id='word_1_235' title='bbox 742 3260 833 3316; x_wconf 82' lang='lat' dir='ltr'><strong>Canon</strong></span> <span class='ocrx_word' id='word_1_236' title='bbox 857 3259 901 3319; x_wconf 75' lang='lat' dir='ltr'><strong>itte</strong></span> <span class='ocrx_word' id='word_1_237' title='bbox 922 3261 1057 3324; x_wconf 86' lang='lat' dir='ltr'><strong>relicitur,</strong></span> <span class='ocrx_word' id='word_1_238' title='bbox 1088 3261 1136 3335; x_wconf 84' lang='lat' dir='ltr'><strong>qui</strong></span> 
     </span>
     <span class='ocr_line' id='line_1_30' title="bbox 111 3337 1137 3424; baseline 0.003 -22"><span class='ocrx_word' id='word_1_239' title='bbox 111 3347 185 3402; x_wconf 90' lang='lat' dir='ltr'><strong>iuter</strong></span> <span class='ocrx_word' id='word_1_240' title='bbox 208 3346 379 3419; x_wconf 79' lang='lat' dir='ltr'><strong>npostoticns</strong></span> <span class='ocrx_word' id='word_1_241' title='bbox 404 3348 442 3403; x_wconf 79' lang='grc'><strong>68</strong></span> <span class='ocrx_word' id='word_1_242' title='bbox 466 3354 640 3401; x_wconf 85' lang='lat' dir='ltr'><strong>numeratur:</strong></span> <span class='ocrx_word' id='word_1_243' title='bbox 665 3337 697 3402; x_wconf 71' lang='grc' dir='ltr'><strong>εἷ’</strong></span> <span class='ocrx_word' id='word_1_244' title='bbox 712 3361 758 3411; x_wconf 77' lang='grc' dir='ltr'><strong>τις</strong></span> <span class='ocrx_word' id='word_1_245' title='bbox 781 3339 923 3421; x_wconf 78' lang='grc' dir='ltr'><em>κληρτκὸς</em></span> <span class='ocrx_word' id='word_1_246' title='bbox 943 3338 1059 3424; x_wconf 72' lang='grc' dir='ltr'><strong>εὑρεθῇ</strong></span> <span class='ocrx_word' id='word_1_247' title='bbox 1081 3340 1137 3421; x_wconf 57' lang='lat' dir='ltr'><strong>erin</strong></span> 
     </span>
     <span class='ocr_line' id='line_1_31' title="bbox 110 3421 1137 3506; baseline 0 -19"><span class='ocrx_word' id='word_1_248' title='bbox 110 3425 262 3506; x_wconf 72' lang='grc' dir='ltr'><em>κυρτακὴν</em></span> <span class='ocrx_word' id='word_1_249' title='bbox 282 3423 400 3505; x_wconf 69' lang='grc' dir='ltr'><em>ἡμέραν</em></span> <span class='ocrx_word' id='word_1_250' title='bbox 422 3421 582 3502; x_wconf 64' lang='grc' dir='ltr'><em>νηστεύων,</em></span> <span class='ocrx_word' id='word_1_251' title='bbox 604 3423 624 3503; x_wconf 79' lang='grc' dir='ltr'>ἢ</span> <span class='ocrx_word' id='word_1_252' title='bbox 647 3423 681 3486; x_wconf 80' lang='grc' dir='ltr'><em>τὸ</em></span> <span class='ocrx_word' id='word_1_253' title='bbox 704 3424 867 3502; x_wconf 88' lang='grc' dir='ltr'><em>σάββατον</em></span> <span class='ocrx_word' id='word_1_254' title='bbox 888 3425 979 3504; x_wconf 76' lang='grc' dir='ltr'><em>(πλὴν</em></span> <span class='ocrx_word' id='word_1_255' title='bbox 999 3434 1055 3487; x_wconf 80' lang='grc' dir='ltr'><em>τοῦ</em></span> <span class='ocrx_word' id='word_1_256' title='bbox 1069 3422 1137 3497; x_wconf 72' lang='grc' dir='ltr'><strong>ἰνὸς</strong></span> 
     </span>
     <span class='ocr_line' id='line_1_32' title="bbox 109 3506 1135 3591; baseline -0.002 -20"><span class='ocrx_word' id='word_1_257' title='bbox 109 3510 221 3590; x_wconf 75' lang='grc' dir='ltr'><em>μάνου]</em></span> <span class='ocrx_word' id='word_1_258' title='bbox 244 3511 479 3589; x_wconf 73' lang='grc' dir='ltr'><strong>καθαιρείσθω·</strong></span> <span class='ocrx_word' id='word_1_259' title='bbox 509 3509 535 3569; x_wconf 75' lang='grc' dir='ltr'><strong>εἰ</strong></span> <span class='ocrx_word' id='word_1_260' title='bbox 556 3506 590 3569; x_wconf 71' lang='grc' dir='ltr'><strong>δὲ</strong></span> <span class='ocrx_word' id='word_1_261' title='bbox 612 3507 732 3583; x_wconf 60' lang='lat' dir='ltr'><strong>ieiune,</strong></span> <span class='ocrx_word' id='word_1_262' title='bbox 761 3507 970 3591; x_wconf 68' lang='grc' dir='ltr'><em>άαορτζὲσβον.</em></span> <span class='ocrx_word' id='word_1_263' title='bbox 1010 3514 1135 3571; x_wconf 78' lang='lat' dir='ltr'><strong>Clerieuu</strong></span> 
     </span>
     <span class='ocr_line' id='line_1_33' title="bbox 112 3598 1136 3676; baseline 0 -19"><span class='ocrx_word' id='word_1_264' title='bbox 112 3603 163 3676; x_wconf 79' lang='lat' dir='ltr'><strong>qui</strong></span> <span class='ocrx_word' id='word_1_265' title='bbox 186 3601 333 3657; x_wconf 84' lang='lat' dir='ltr'><strong>Dominico</strong></span> <span class='ocrx_word' id='word_1_266' title='bbox 357 3601 416 3664; x_wconf 78' lang='lat' dir='ltr'><strong>ilie,</strong></span> <span class='ocrx_word' id='word_1_267' title='bbox 437 3599 483 3654; x_wconf 85' lang='lat' dir='ltr'><strong>ecl</strong></span> <span class='ocrx_word' id='word_1_268' title='bbox 504 3598 631 3656; x_wconf 82' lang='lat' dir='ltr'><strong>Sohhoto</strong></span> <span class='ocrx_word' id='word_1_269' title='bbox 653 3599 726 3669; x_wconf 87' lang='lat' dir='ltr'><strong>(uno</strong></span> <span class='ocrx_word' id='word_1_270' title='bbox 747 3601 890 3657; x_wconf 72' lang='lat' dir='ltr'><strong>&lt;lentaeue</strong></span> <span class='ocrx_word' id='word_1_271' title='bbox 911 3601 1042 3671; x_wconf 74' lang='lat' dir='ltr'><strong>eccepto)</strong></span> <span class='ocrx_word' id='word_1_272' title='bbox 1063 3599 1136 3657; x_wconf 78' lang='lat' dir='ltr'><strong>ieiu-¹</strong></span> 
     </span>
     <span class='ocr_line' id='line_1_34' title="bbox 110 3683 1136 3759; baseline -0.005 -15"><span class='ocrx_word' id='word_1_273' title='bbox 110 3705 186 3744; x_wconf 84' lang='lat' dir='ltr'><strong>nure</strong></span> <span class='ocrx_word' id='word_1_274' title='bbox 207 3686 396 3759; x_wconf 76' lang='lat' dir='ltr'><strong>deprehensus</strong></span> <span class='ocrx_word' id='word_1_275' title='bbox 411 3685 458 3748; x_wconf 82' lang='lat' dir='ltr'><strong>sit,</strong></span> <span class='ocrx_word' id='word_1_276' title='bbox 481 3684 648 3755; x_wconf 77' lang='lat' dir='ltr'><strong>deponatur,</strong></span> <span class='ocrx_word' id='word_1_277' title='bbox 671 3684 776 3741; x_wconf 79' lang='lat' dir='ltr'><strong>Loiuts</strong></span> <span class='ocrx_word' id='word_1_278' title='bbox 792 3685 1053 3741; x_wconf 73' lang='lat' dir='ltr'><strong>excommunicetur.</strong></span> <span class='ocrx_word' id='word_1_279' title='bbox 1076 3683 1136 3745; x_wconf 81' lang='lat' dir='ltr'><strong>Non</strong></span> 
     </span>
     <span class='ocr_line' id='line_1_35' title="bbox 110 3768 1136 3847; baseline -0.004 -18"><span class='ocrx_word' id='word_1_280' title='bbox 110 3781 206 3847; x_wconf 88' lang='lat' dir='ltr'><strong>potest</strong></span> <span class='ocrx_word' id='word_1_281' title='bbox 229 3772 282 3828; x_wconf 91' lang='lat' dir='ltr'><strong>hoe</strong></span> <span class='ocrx_word' id='word_1_282' title='bbox 303 3770 337 3826; x_wconf 82' lang='lat' dir='ltr'><strong>alr</strong></span> <span class='ocrx_word' id='word_1_283' title='bbox 359 3768 496 3843; x_wconf 77' lang='lat' dir='ltr'><strong>Apostolis</strong></span> <span class='ocrx_word' id='word_1_284' title='bbox 514 3769 650 3825; x_wconf 88' lang='lat' dir='ltr'><strong>conununi</strong></span> <span class='ocrx_word' id='word_1_285' title='bbox 666 3786 728 3826; x_wconf 87' lang='lat' dir='ltr'><strong>esse</strong></span> <span class='ocrx_word' id='word_1_286' title='bbox 741 3771 853 3825; x_wconf 83' lang='lat' dir='ltr'><strong>‹lecreto</strong></span> <span class='ocrx_word' id='word_1_287' title='bbox 869 3768 1060 3825; x_wconf 88' lang='lat' dir='ltr'><strong>constitutum.</strong></span> <span class='ocrx_word' id='word_1_288' title='bbox 1082 3771 1136 3825; x_wconf 77' lang='lat' dir='ltr'><strong>hut</strong></span> 
     </span>
     <span class='ocr_line' id='line_1_36' title="bbox 109 3844 1135 3930; baseline -0.005 -17"><span class='ocrx_word' id='word_1_289' title='bbox 109 3858 135 3913; x_wconf 89' lang='lat' dir='ltr'><strong>si</strong></span> <span class='ocrx_word' id='word_1_290' title='bbox 160 3856 333 3930; x_wconf 77' lang='lat' dir='ltr'><strong>Apostolicus</strong></span> <span class='ocrx_word' id='word_1_291' title='bbox 363 3855 413 3911; x_wconf 86' lang='lat' dir='ltr'><strong>iste</strong></span> <span class='ocrx_word' id='word_1_292' title='bbox 436 3854 529 3911; x_wconf 84' lang='lat' dir='ltr'><strong>Canon</strong></span> <span class='ocrx_word' id='word_1_293' title='bbox 558 3863 615 3918; x_wconf 86' lang='lat' dir='ltr'><strong>est,</strong></span> <span class='ocrx_word' id='word_1_294' title='bbox 644 3854 712 3911; x_wconf 85' lang='lat' dir='ltr'><strong>haee</strong></span> <span class='ocrx_word' id='word_1_295' title='bbox 740 3853 835 3917; x_wconf 84' lang='lat' dir='ltr'><strong>rerhn.</strong></span> <span class='ocrx_word' id='word_1_296' title='bbox 863 3847 882 3928; x_wconf 79' lang='grc' dir='ltr'>ἢ</span> <span class='ocrx_word' id='word_1_297' title='bbox 907 3846 942 3910; x_wconf 80' lang='grc' dir='ltr'><em>τὸ</em></span> <span class='ocrx_word' id='word_1_298' title='bbox 963 3844 1135 3925; x_wconf 80' lang='grc' dir='ltr'><em>σάββατον,</em></span> 
     </span>
     <span class='ocr_line' id='line_1_37' title="bbox 111 3931 1136 4015; baseline 0 -18"><span class='ocrx_word' id='word_1_299' title='bbox 111 3936 194 4015; x_wconf 78' lang='grc' dir='ltr'><strong>πλὴν</strong></span> <span class='ocrx_word' id='word_1_300' title='bbox 214 3943 269 3998; x_wconf 82' lang='grc' dir='ltr'><em>τοῦ</em></span> <span class='ocrx_word' id='word_1_301' title='bbox 292 3931 359 4006; x_wconf 73' lang='grc' dir='ltr'><strong>ἑνὸς</strong></span> <span class='ocrx_word' id='word_1_302' title='bbox 379 3932 487 4012; x_wconf 77' lang='grc' dir='ltr'><strong>μόνοιν,</strong></span> <span class='ocrx_word' id='word_1_303' title='bbox 509 3937 543 3995; x_wconf 81' lang='lat' dir='ltr'><strong>ah</strong></span> <span class='ocrx_word' id='word_1_304' title='bbox 567 3939 662 3997; x_wconf 86' lang='lat' dir='ltr'><strong>otiosis</strong></span> <span class='ocrx_word' id='word_1_305' title='bbox 684 3938 823 3995; x_wconf 84' lang='lat' dir='ltr'><strong>Graeculis</strong></span> <span class='ocrx_word' id='word_1_306' title='bbox 846 3939 946 3995; x_wconf 83' lang='lat' dir='ltr'><strong>intenta</strong></span> <span class='ocrx_word' id='word_1_307' title='bbox 968 3948 1042 3995; x_wconf 83' lang='lat' dir='ltr'><strong>sunt.</strong></span> <span class='ocrx_word' id='word_1_308' title='bbox 1080 3937 1136 3997; x_wconf 77' lang='lat' dir='ltr'><strong>hec</strong></span> 
     </span>
     <span class='ocr_line' id='line_1_38' title="bbox 110 4024 1134 4099; baseline -0.001 -17"><span class='ocrx_word' id='word_1_309' title='bbox 110 4028 235 4083; x_wconf 85' lang='lat' dir='ltr'><strong>melioris</strong></span> <span class='ocrx_word' id='word_1_310' title='bbox 263 4035 344 4082; x_wconf 89' lang='lat' dir='ltr'><strong>notae</strong></span> <span class='ocrx_word' id='word_1_311' title='bbox 376 4033 440 4081; x_wconf 89' lang='lat' dir='ltr'><strong>sunt</strong></span> <span class='ocrx_word' id='word_1_312' title='bbox 469 4041 538 4099; x_wconf 84' lang='lat' dir='ltr'><strong>quse</strong></span> <span class='ocrx_word' id='word_1_313' title='bbox 568 4024 593 4080; x_wconf 96' lang='lat' dir='ltr'><strong>in</strong></span> <span class='ocrx_word' id='word_1_314' title='bbox 622 4027 718 4097; x_wconf 80' lang='lat' dir='ltr'><strong>Apost.</strong></span> <span class='ocrx_word' id='word_1_315' title='bbox 742 4024 857 4081; x_wconf 82' lang='lat' dir='ltr'><strong>Constit.</strong></span> <span class='ocrx_word' id='word_1_316' title='bbox 886 4024 1016 4098; x_wconf 74' lang='lat' dir='ltr'><strong>leguntur</strong></span> <span class='ocrx_word' id='word_1_317' title='bbox 1039 4026 1066 4088; x_wconf 85' lang='grc'><strong>7,</strong></span> <span class='ocrx_word' id='word_1_318' title='bbox 1085 4025 1134 4088; x_wconf 76' lang='lat' dir='ltr'><strong>ut,</strong></span> 
     </span>
     <span class='ocr_line' id='line_1_39' title="bbox 111 4100 1136 4187; baseline -0.002 -19"><span class='ocrx_word' id='word_1_319' title='bbox 111 4113 161 4169; x_wconf 91' lang='lat' dir='ltr'><strong>uhi</strong></span> <span class='ocrx_word' id='word_1_320' title='bbox 186 4106 223 4168; x_wconf 82' lang='grc' dir='ltr'><em>τά</em></span> <span class='ocrx_word' id='word_1_321' title='bbox 246 4105 394 4183; x_wconf 84' lang='grc' dir='ltr'><em>σάββατα</em></span> <span class='ocrx_word' id='word_1_322' title='bbox 416 4104 465 4166; x_wconf 76' lang='grc' dir='ltr'><strong>καὶ</strong></span> <span class='ocrx_word' id='word_1_323' title='bbox 489 4103 544 4176; x_wconf 82' lang='grc' dir='ltr'><em>τάς</em></span> <span class='ocrx_word' id='word_1_324' title='bbox 566 4103 713 4184; x_wconf 80' lang='grc' dir='ltr'><em>καρτακάς</em></span> <span class='ocrx_word' id='word_1_325' title='bbox 727 4100 880 4187; x_wconf 70' lang='grc' dir='ltr'><em>ἑορτάζειν</em></span> <span class='ocrx_word' id='word_1_326' title='bbox 893 4110 1033 4184; x_wconf 88' lang='lat' dir='ltr'><strong>praecipit.</strong></span> <span class='ocrx_word' id='word_1_327' title='bbox 1057 4108 1136 4178; x_wconf 79' lang='lat' dir='ltr'><strong>Quot</strong></span> 
     </span>
    </p>
   </div>
   <div class='ocr_carea' id='block_1_3' title="bbox 0 0 1298 4822">
    <p class='ocr_par' dir='ltr' id='par_1_4' title="bbox 0 0 1298 4822">
     <span class='ocr_line' id='line_1_40' title="bbox 0 0 1298 4822; baseline 0 0"><span class='ocrx_word' id='word_1_328' title='bbox 0 0 1298 4822; x_wconf 95' lang='lat' dir='ltr'><strong> </strong></span> 
     </span>
    </p>
   </div>
  </div>
 </body>
</html>
