2586 4822
165 789 205 851 42
468 800 583 853 rarstn
601 801 884 853 sainsorenstoarzs

165 967 253 1014 morte
276 957 416 1014 Alexandri
444 974 543 1013 annus
560 957 664 1014 initium
694 960 734 1015 40
757 958 870 1030 lagidae
891 975 1024 1014 annorum
1045 975 1110 1016 osse
1133 977 1185 1034 po-

166 1043 258 1099 tuerit.

250 1119 311 1183 dna
334 1120 368 1183 dr*
388 1117 526 1200 ἑβδόμου
549 1119 648 1198 i'raorl
681 1127 792 1200 irrepsit
819 1129 846 1183 in
875 1129 998 1185 Latinum
1026 1138 1185 1186 contextum

113 1220 217 1275 aanor
237 1213 342 1269 decim
363 1213 496 1285 septimo,
525 1228 574 1285 pro
605 1227 658 1284 qur
686 1212 803 1284 septimo
832 1212 1046 1273 resumheudum.
1091 1216 1186 1283 Quan-

163 1316 244 1372 quam
268 1307 294 1354 et
318 1296 463 1353 Carnarius
491 1295 569 1352 aliter
590 1297 684 1361 vertit,
713 1298 755 1353 oui
778 1306 805 1353 et
827 1302 948 1371 proxima
969 1316 1103 1355 annorum
1124 1300 1186 1358 ool-

164 1385 245 1441 lentio
275 1383 353 1438 lauet.
397 1381 473 1450 Quos
496 1381 567 1437 euim
590 1391 713 1438 numerat
733 1399 821 1438 annos
845 1384 921 1446 240,
951 1384 967 1439 ii
990 1401 1045 1440 nan
1068 1387 1186 1458 septimo

166 1467 343 1541 Philadelphi.
367 1466 416 1521 sed
437 1483 451 1521 a
474 1465 578 1523 decium
602 1467 718 1539 septimo
739 1477 918 1541 consurgunt.
963 1468 1069 1525 Etenim
1092 1471 1187 1528 Ptole-

164 1570 258 1609 maeus
281 1552 343 1624 lagi
367 1551 397 1609 ll.
419 1551 497 1609 annis
520 1554 559 1608 40
583 1551 729 1624 regnavit,
745 1552 818 1608 Adde
845 1557 891 1617 tt,
915 1553 981 1610 fient
1004 1557 1052 1610 57.
1085 1555 1141 1611 llos
1163 1557 1187 1611 si

165 1638 308 1695 deduxeris
331 1638 365 1693 de
389 1639 448 1695 306
471 1638 558 1698 aunis,
582 1646 649 1708 quot
671 1638 704 1693 ad
727 1637 886 1711 cleopatrae
908 1648 1023 1695 mortem
1043 1640 1188 1697 incurrunt

167 1742 198 1781 er
221 1722 362 1797 Epiphauii
383 1720 498 1784 calculo,
521 1722 619 1794 reliqui
641 1732 705 1778 sunt
729 1724 799 1780 240.
829 1727 917 1796 Atque
934 1724 970 1779 ita
985 1725 1101 1780 tortasse
1117 1727 1188 1782 seri-

167 1810 220 1883 psit
234 1807 410 1882 Epiphanius,
426 1806 552 1863 nimirum
568 1800 754 1876 πεντήκοντα
768 1802 863 1877 ἐννέα,
882 1825 931 1880 pro
947 1802 1187 1886 τεσσαράκοντα.

166 1894 222 1953 urst
246 1911 340 1950 vereor
363 1910 397 1948 ne
420 1893 447 1948 iu
467 1892 609 1965 superiore
632 1908 745 1949 numero
761 1909 894 1949 ranorum
912 1894 1099 1959 hallucinatus,
1124 1913 1187 1952 oum

169 1982 207 2039 32
231 1979 390 2052 Cleopatrae
412 1994 462 2050 pro
486 1978 525 2034 22
548 1976 706 2043 tribuisset;
730 1977 848 2052 indeque
872 1981 933 2036 306
955 1996 1006 2053 pro
1023 1981 1083 2037 206
1100 1981 1189 2037 colle·

166 2065 267 2136 guset.
293 2061 408 2120 subinde
430 2062 462 2117 ud
486 2061 652 2117 Eusebianos
674 2057 859 2138 ψηφισμούς
880 2064 1036 2136 imprudens
1058 2065 1188 2140 delapsus

166 2149 211 2212 sit.
235 2158 261 2205 et
284 2165 298 2203 a
320 2148 436 2220 septimo
459 2146 625 2219 Philadelphi
647 2140 779 2204 ducentos
802 2148 862 2205 illos
886 2157 914 2204 et
935 2150 1111 2222 quadraginta
1135 2169 1189 2207 ao-

167 2251 225 2290 rem
248 2233 390 2306 putaverit.
421 2231 487 2289 Natu
509 2248 541 2287 os
565 2233 626 2290 296
648 2230 790 2288 subductis
813 2237 852 2289 47
877 2243 981 2290 restant
997 2237 1067 2292 240.
1099 2236 1189 2293 liuse-

167 2318 229 2375 bius
253 2319 279 2374 iu
304 2317 437 2374 Chronino
460 2333 532 2373 anuo
554 2315 724 2389 Philadelphi
745 2320 867 2374 sectando
892 2319 1070 2392 Septuaginta
1092 2323 1190 2378 senio·

167 2421 211 2461 res
240 2403 273 2460 ad
302 2416 440 2459 sacrorum
469 2401 636 2459 voluminum
664 2401 916 2475 interpretationem
948 2409 1092 2478 aggressos
1125 2423 1190 2463 esse

166 2488 275 2552 scribit,
298 2487 371 2562 quod
394 2497 437 2543 est
459 2486 645 2543 vomsimilius.
677 2486 754 2554 Quod
777 2488 799 2544 si
822 2498 923 2544 certam
945 2507 1079 2546 annorum
1102 2492 1189 2548 ratio-

167 2590 228 2637 nem
251 2573 319 2630 inire
342 2571 468 2634 velimus.
491 2589 579 2629 rnuus
602 2571 747 2628 Ptolemaei
771 2572 937 2647 Philadelphi
962 2576 1093 2648 septimus
1116 2576 1190 2634 radit

167 2660 195 2716 in
215 2676 315 2715 annum
340 2658 400 2713 Per.
417 2657 466 2714 lul.
484 2660 577 2715 4435.
617 2660 716 2729 Aque
739 2657 772 2712 ad
794 2658 918 2714 ultimum
942 2660 1116 2733 Cleopatrae.
1140 2661 1189 2734 qui

168 2755 209 2802 ast
232 2745 292 2800 Pur.
315 2742 366 2799 lul.
389 2745 485 2804 4084,
514 2743 576 2799 autri
600 2751 665 2800 suut
688 2743 759 2799 250.
805 2743 897 2818 ltaque
919 2743 1067 2816 probahilis
1090 2756 1133 2802 est
1152 2746 1189 2803 de

167 2828 307 2902 llpiphauii
331 2827 539 2884 hallucinatione
562 2828 719 2885 coniectura
735 2835 837 2883 nostra.
864 2829 929 2884 Natu
947 2832 1006 2887 tao
1024 2831 1083 2886 illos
1100 2848 1188 2887 aanor

167 2923 321 2985 temporum
344 2913 429 2968 series
452 2914 509 2984 ipsa
532 2913 664 2983 repandiat.
697 2913 733 2967 lle
748 2912 916 2986 Philadelphi
938 2933 1000 2971 aera
1022 2907 1096 2988 loqtii
1112 2917 1190 2972 Sira·

167 2998 253 3055 mileu
276 2998 302 3053 in
321 2996 488 3053 Praefationo
511 2995 609 3051 divinat
631 3013 707 3053 moro
729 3013 780 3053 suo
795 2999 924 3071 Scaliger.
948 3019 1010 3055 rum
1025 3003 1060 3055 ita
1076 3001 1187 3058 srrihit:

167 3078 199 3139 ἐν
219 3074 278 3157 yrip
296 3082 339 3159 τῷ
360 3073 461 3160 ὀγδόῳ
483 3077 534 3136 nni
557 3084 728 3160 rptnxoorpi
750 3075 808 3139 ἴτε(
830 3081 877 3139 ini
904 3079 1070 3160 Εὐεργέτου
1092 3086 1190 3157 onor·

167 3161 243 3234 λέως
268 3161 494 3242 παραγενηθεὶς
522 3162 565 3233 εἰς
590 3160 769 3241 Δι”γυπτοιη
797 3165 848 3222 soti
878 3165 921 3224 ἐπ’
946 3163 1049 3245 ὀλίγον
1071 3164 1190 3246 χρόνον

167 3245 378 3327 pomponiana.
407 3250 480 3307 Num
490 3253 521 3307 in
532 3259 631 3307 octooo
643 3260 668 3305 et
683 3254 824 3322 tripasirro
841 3272 917 3309 nano
932 3257 1101 3328 torporibus
1119 3257 1189 3312 Pto-

166 3338 269 3395 ltmet'
287 3336 435 3407 Eumelis·
456 3338 539 3406 rapis,
559 3345 708 3408 possenna
727 3341 844 3408 peremti
864 3341 892 3393 in
910 3341 1061 3412 aeyyptum
1083 3353 1107 3397 et
1124 3359 1189 3398 m

166 3424 282 3477 nultum
304 3423 435 3494 temporis
456 3423 497 3476 ihi
517 3422 641 3492 samson.
681 3422 730 3477 tta
753 3424 852 3479 tharra
876 3441 891 3477 r
914 3425 1007 3480 latino
1021 3428 1189 3500 *castiganda

167 3517 241 3570 suut,
264 3516 295 3563 ut
317 3507 353 3563 ita
375 3507 505 3580 legamus,
528 3502 578 3561 noi
602 3499 658 3561 oriri
672 3498 773 3582 ὀλίγον
783 3503 908 3583 χρόνον,
930 3511 970 3566 rel
986 3507 1036 3565 καὶ
1052 3529 1190 3589 συγχρο-

169 3587 270 3659 sinac,
299 3594 440 3665 expunctis
467 3592 599 3650 caeteris.
628 3606 697 3663 quae
724 3593 753 3647 in
774 3593 832 3648 aliis
855 3595 1053 3667 atenrplan'hus
1074 3598 1190 3656 minime

168 3678 352 3751 reperiuntur.
387 3677 448 3733 lllas
471 3677 553 3750 igitur
574 3685 640 3733 outo
661 3687 689 3732 et
710 3676 820 3749 triginta
843 3696 930 3734 aranos
951 3679 985 3734 rh
1008 3697 1070 3736 nera
1094 3683 1190 3739 Phila-

167 3762 260 3836 nuptu
283 3761 442 3834 Dionysiana
464 3761 562 3834 reputit
585 3760 720 3834 Scaliger.
751 3771 778 3818 at
801 3763 851 3818 suh
875 3775 1024 3820 extremum
1047 3766 1190 3826 Philrdal-

167 3849 229 3921 phi,
256 3854 339 3918 atqua
362 3846 464 3903 initium
488 3846 629 3918 Euergetis
651 3846 793 3918 scripsisse
814 3849 865 3904 ista
889 3851 1087 3925 Gaomologum
1110 3852 1190 3910 alhr-

167 3942 231 3990 mnt.
261 3932 335 4003 Quae
357 3947 429 3986 mera
453 3942 495 3987 est
516 3932 649 3992 adolatio.
671 3931 897 4003 quenadmodum
921 3946 949 3990 et
969 3935 1043 4010 quod
1065 3938 1212 3997 indidemx

167 4018 283 4090 colligit,
313 4030 402 4073 aarum
431 4014 550 4088 llionysii
570 4015 751 4073 linthemrtici
778 4014 858 4074 etiam
887 4019 1022 4093 politicam
1051 4024 1192 4082 extitisses

168 4100 273 4159 Etenim
295 4101 447 4164 trioesimus
470 4109 581 4158 munus
601 4117 689 4158 maus
713 4099 815 4158 abillo
839 4112 963 4177 tempora
985 4110 1122 4165 numerari
1146 4112 1193 4167 n-
