<?xml version="1.0" encoding="UTF-8"?>
<!DOCTYPE html PUBLIC "-//W3C//DTD XHTML 1.0 Transitional//EN"
    "http://www.w3.org/TR/xhtml1/DTD/xhtml1-transitional.dtd">
<html xmlns="http://www.w3.org/1999/xhtml" xml:lang="en" lang="en">
 <head>
  <title>
</title>
<meta http-equiv="Content-Type" content="text/html;charset=utf-8" />
  <meta name='ocr-system' content='tesseract 3.04.00' />
  <meta name='ocr-capabilities' content='ocr_page ocr_carea ocr_par ocr_line ocrx_word'/>
</head>
<body>
  <div class='ocr_page' id='page_1' title='image "./opera02dindgoog_0332.png"; bbox 0 0 2586 4822; ppageno 0'>
   <div class='ocr_carea' id='block_1_1' title="bbox 146 766 981 832">
    <p class='ocr_par' dir='ltr' id='par_1_1' title="bbox 146 766 981 832">
     <span class='ocr_line' id='line_1_1' title="bbox 146 766 981 832; baseline 0 -3"><span class='ocrx_word' id='word_1_1' title='bbox 146 766 187 829; x_wconf 79' lang='lat'><strong><em>48</em></strong></span> <span class='ocrx_word' id='word_1_2' title='bbox 327 776 360 829; x_wconf 78' lang='grc' dir='ltr'><strong><em>ν’.</em></strong></span> <span class='ocrx_word' id='word_1_3' title='bbox 394 780 587 829; x_wconf 72' lang='grc' dir='ltr'><strong><em>ποταμίου</em></strong></span> <span class='ocrx_word' id='word_1_4' title='bbox 602 782 667 832; x_wconf 68' lang='grc' dir='ltr'><strong><em>σιν</em></strong></span> <span class='ocrx_word' id='word_1_5' title='bbox 684 779 759 830; x_wconf 69' lang='grc' dir='ltr'><strong><em>τινα</em></strong></span> <span class='ocrx_word' id='word_1_6' title='bbox 776 777 981 829; x_wconf 70' lang='grc' dir='ltr'><strong><em>νεοτόκον.</em></strong></span> 
     </span>
    </p>
   </div>
   <div class='ocr_carea' id='block_1_2' title="bbox 110 925 1171 4135">
    <p class='ocr_par' dir='ltr' id='par_1_2' title="bbox 110 925 1171 4135">
     <span class='ocr_line' id='line_1_2' title="bbox 148 925 1164 1015; baseline -0.003 -18"><span class='ocrx_word' id='word_1_7' title='bbox 148 931 183 998; x_wconf 76' lang='grc' dir='ltr'><strong><em>δὲ</em></strong></span> <span class='ocrx_word' id='word_1_8' title='bbox 201 925 320 998; x_wconf 79' lang='grc' dir='ltr'><strong><em>’ίεσσαί</em></strong></span> <span class='ocrx_word' id='word_1_9' title='bbox 339 929 449 1013; x_wconf 79' lang='grc' dir='ltr'><strong><em>Δαβὶδ</em></strong></span> <span class='ocrx_word' id='word_1_10' title='bbox 471 925 488 994; x_wconf 87' lang='grc' dir='ltr'><strong><em>ό</em></strong></span> <span class='ocrx_word' id='word_1_11' title='bbox 511 930 674 1014; x_wconf 78' lang='grc' dir='ltr'><strong><em>βασιλεὺς,</em></strong></span> <span class='ocrx_word' id='word_1_12' title='bbox 707 928 762 996; x_wconf 79' lang='grc' dir='ltr'><strong><em>καὶ</em></strong></span> <span class='ocrx_word' id='word_1_13' title='bbox 788 928 823 995; x_wconf 80' lang='grc' dir='ltr'><strong><em>ἐκ</em></strong></span> <span class='ocrx_word' id='word_1_14' title='bbox 844 931 901 1014; x_wconf 74' lang='grc' dir='ltr'><strong><em>τῆς</em></strong></span> <span class='ocrx_word' id='word_1_15' title='bbox 923 929 1029 1015; x_wconf 74' lang='grc' dir='ltr'><strong><em>φυλῆς</em></strong></span> <span class='ocrx_word' id='word_1_16' title='bbox 1050 928 1164 1012; x_wconf 74' lang='grc' dir='ltr'><strong><em>Δαβὲδ</em></strong></span> 
     </span>
     <span class='ocr_line' id='line_1_3' title="bbox 146 1019 1162 1114; baseline -0.003 -19"><span class='ocrx_word' id='word_1_17' title='bbox 146 1032 205 1095; x_wconf 79' lang='grc' dir='ltr'><strong><em>τοῦ</em></strong></span> <span class='ocrx_word' id='word_1_18' title='bbox 227 1027 389 1112; x_wconf 78' lang='grc' dir='ltr'><strong><em>βασιλέως</em></strong></span> <span class='ocrx_word' id='word_1_19' title='bbox 410 1022 428 1114; x_wconf 74' lang='grc' dir='ltr'><strong><em>ἡ</em></strong></span> <span class='ocrx_word' id='word_1_20' title='bbox 453 1022 530 1112; x_wconf 82' lang='grc' dir='ltr'><strong><em>άγία</em></strong></span> <span class='ocrx_word' id='word_1_21' title='bbox 552 1034 731 1111; x_wconf 77' lang='grc' dir='ltr'><strong><em>παρθένος,</em></strong></span> <span class='ocrx_word' id='word_1_22' title='bbox 754 1022 871 1112; x_wconf 70' lang='grc' dir='ltr'><strong><em>η’όσία</em></strong></span> <span class='ocrx_word' id='word_1_23' title='bbox 890 1029 957 1090; x_wconf 82' lang='grc' dir='ltr'><strong><em>τῶν</em></strong></span> <span class='ocrx_word' id='word_1_24' title='bbox 980 1021 1082 1092; x_wconf 88' lang='grc' dir='ltr'><strong><em>δσίων</em></strong></span> <span class='ocrx_word' id='word_1_25' title='bbox 1105 1019 1162 1092; x_wconf 84' lang='grc' dir='ltr'><strong><em>άν-</em></strong></span> 
     </span>
     <span class='ocr_line' id='line_1_4' title="bbox 149 1113 1165 1211; baseline -0.005 -18"><span class='ocrx_word' id='word_1_26' title='bbox 149 1127 234 1211; x_wconf 82' lang='grc' dir='ltr'><strong><em>δρῶν</em></strong></span> <span class='ocrx_word' id='word_1_27' title='bbox 255 1124 414 1210; x_wconf 89' lang='grc' dir='ltr'><strong><em>θυγάτηρ,</em></strong></span> <span class='ocrx_word' id='word_1_28' title='bbox 437 1113 475 1209; x_wconf 77' lang='grc' dir='ltr'><strong><em>ἧς</em></strong></span> <span class='ocrx_word' id='word_1_29' title='bbox 497 1126 529 1191; x_wconf 75' lang='grc' dir='ltr'><strong><em>οἱ</em></strong></span> <span class='ocrx_word' id='word_1_30' title='bbox 551 1136 657 1210; x_wconf 84' lang='grc' dir='ltr'><strong><em>γονεῖς</em></strong></span> <span class='ocrx_word' id='word_1_31' title='bbox 676 1120 821 1207; x_wconf 78' lang='grc' dir='ltr'><strong><em>Ἰωακεὲμ</em></strong></span> <span class='ocrx_word' id='word_1_32' title='bbox 843 1122 1018 1201; x_wconf 77' lang='grc' dir='ltr'><strong><em>καῖ’Ἁννα,</em></strong></span> <span class='ocrx_word' id='word_1_33' title='bbox 1042 1123 1165 1202; x_wconf 71' lang='grc' dir='ltr'><strong><em>οἵτινες</em></strong></span> 
     </span>
     <span class='ocr_line' id='line_1_5' title="bbox 149 1215 1166 1309; baseline -0.003 -19"><span class='ocrx_word' id='word_1_34' title='bbox 149 1223 182 1290; x_wconf 78' lang='grc' dir='ltr'><strong><em>ἐν</em></strong></span> <span class='ocrx_word' id='word_1_35' title='bbox 203 1225 242 1309; x_wconf 78' lang='grc' dir='ltr'><strong><em>τῇ</em></strong></span> <span class='ocrx_word' id='word_1_36' title='bbox 266 1222 330 1308; x_wconf 78' lang='grc' dir='ltr'><strong><em>ζωῇ</em></strong></span> <span class='ocrx_word' id='word_1_37' title='bbox 353 1216 460 1288; x_wconf 78' lang='grc' dir='ltr'><strong><em>αὐτῶν</em></strong></span> <span class='ocrx_word' id='word_1_38' title='bbox 482 1226 528 1308; x_wconf 76' lang='grc' dir='ltr'><strong><em>τῷ</em></strong></span> <span class='ocrx_word' id='word_1_39' title='bbox 551 1226 622 1308; x_wconf 77' lang='grc' dir='ltr'><strong><em>θεῷ</em></strong></span> <span class='ocrx_word' id='word_1_40' title='bbox 646 1215 872 1308; x_wconf 86' lang='grc' dir='ltr'><strong><em>εύηρίστησαν,</em></strong></span> <span class='ocrx_word' id='word_1_41' title='bbox 906 1225 939 1286; x_wconf 82' lang='grc' dir='ltr'><strong><em>οἳ</em></strong></span> <span class='ocrx_word' id='word_1_42' title='bbox 960 1225 1013 1287; x_wconf 81' lang='grc' dir='ltr'><strong><em>καί</em></strong></span> <span class='ocrx_word' id='word_1_43' title='bbox 1035 1220 1166 1306; x_wconf 81' lang='grc' dir='ltr'><strong><em>καρπὸν</em></strong></span> 
     </span>
     <span class='ocr_line' id='line_1_6' title="bbox 125 1315 1165 1408; baseline -0.004 -19"><span class='ocrx_word' id='word_1_44' title='bbox 125 1326 299 1390; x_wconf 67' lang='grc' dir='ltr'><strong><em>ετοιοῦτον</em></strong></span> <span class='ocrx_word' id='word_1_45' title='bbox 314 1318 527 1406; x_wconf 75' lang='grc' dir='ltr'><strong><em>ἐβλάστησαν,</em></strong></span> <span class='ocrx_word' id='word_1_46' title='bbox 542 1320 600 1408; x_wconf 80' lang='grc' dir='ltr'><strong><em>την</em></strong></span> <span class='ocrx_word' id='word_1_47' title='bbox 617 1315 711 1403; x_wconf 86' lang='grc' dir='ltr'><strong><em>άγίαν</em></strong></span> <span class='ocrx_word' id='word_1_48' title='bbox 727 1325 898 1404; x_wconf 74' lang='grc' dir='ltr'><strong><em>παρθένον</em></strong></span> <span class='ocrx_word' id='word_1_49' title='bbox 912 1324 1061 1403; x_wconf 86' lang='grc' dir='ltr'><strong><em>Μαρίαν,</em></strong></span> <span class='ocrx_word' id='word_1_50' title='bbox 1086 1316 1165 1385; x_wconf 83' lang='grc' dir='ltr'><strong><em>ναόν</em></strong></span> 
     </span>
     <span class='ocr_line' id='line_1_7' title="bbox 148 1412 1168 1503; baseline -0.003 -17"><span class='ocrx_word' id='word_1_51' title='bbox 148 1421 231 1486; x_wconf 81' lang='grc' dir='ltr'><strong><em>θεοῦ</em></strong></span> <span class='ocrx_word' id='word_1_52' title='bbox 255 1414 338 1499; x_wconf 83' lang='grc' dir='ltr'><strong><em>ὁμοῦ</em></strong></span> <span class='ocrx_word' id='word_1_53' title='bbox 360 1420 415 1482; x_wconf 85' lang='grc' dir='ltr'><strong><em>καλ</em></strong></span> <span class='ocrx_word' id='word_1_54' title='bbox 436 1424 575 1503; x_wconf 76' lang='grc' dir='ltr'><strong><em>μητέρα</em></strong></span> <span class='ocrx_word' id='word_1_55' title='bbox 605 1412 749 1500; x_wconf 78' lang='grc' dir='ltr'><strong><em>’ίωακελμ</em></strong></span> <span class='ocrx_word' id='word_1_56' title='bbox 773 1418 809 1483; x_wconf 82' lang='grc' dir='ltr'><strong><em>δὲ</em></strong></span> <span class='ocrx_word' id='word_1_57' title='bbox 824 1413 990 1482; x_wconf 72' lang='grc' dir='ltr'><strong><em>καῖ”Αννα</em></strong></span> <span class='ocrx_word' id='word_1_58' title='bbox 1013 1415 1069 1481; x_wconf 86' lang='grc' dir='ltr'><strong><em>καὶ</em></strong></span> <span class='ocrx_word' id='word_1_59' title='bbox 1085 1422 1168 1483; x_wconf 89' lang='grc' dir='ltr'><strong><em>Μα-</em></strong></span> 
     </span>
     <span class='ocr_line' id='line_1_8' title="bbox 149 1507 1166 1600; baseline -0.002 -19"><span class='ocrx_word' id='word_1_60' title='bbox 149 1522 213 1599; x_wconf 87' lang='grc' dir='ltr'><strong><em>ρία,</em></strong></span> <span class='ocrx_word' id='word_1_61' title='bbox 238 1515 270 1579; x_wconf 81' lang='grc' dir='ltr'><strong><em>οἱ</em></strong></span> <span class='ocrx_word' id='word_1_62' title='bbox 292 1524 380 1596; x_wconf 87' lang='grc' dir='ltr'><strong><em>τρεῖς</em></strong></span> <span class='ocrx_word' id='word_1_63' title='bbox 401 1518 439 1600; x_wconf 78' lang='grc' dir='ltr'><strong><em>τῇ</em></strong></span> <span class='ocrx_word' id='word_1_64' title='bbox 462 1514 572 1597; x_wconf 83' lang='grc' dir='ltr'><strong><em>τριάδι</em></strong></span> <span class='ocrx_word' id='word_1_65' title='bbox 596 1518 712 1600; x_wconf 83' lang='grc' dir='ltr'><strong><em>σαφῶς</em></strong></span> <span class='ocrx_word' id='word_1_66' title='bbox 728 1512 985 1598; x_wconf 77' lang='grc' dir='ltr'><strong><em>ἐλειτούργησαν.</em></strong></span> <span class='ocrx_word' id='word_1_67' title='bbox 1017 1507 1166 1595; x_wconf 79' lang='grc' dir='ltr'><strong><em>’ίιυακεὶμ</em></strong></span> 
     </span>
     <span class='ocr_line' id='line_1_9' title="bbox 148 1605 1166 1698; baseline 0 -20"><span class='ocrx_word' id='word_1_68' title='bbox 148 1612 209 1698; x_wconf 87' lang='grc' dir='ltr'><strong><em>γὰρ</em></strong></span> <span class='ocrx_word' id='word_1_69' title='bbox 232 1610 440 1697; x_wconf 76' lang='grc' dir='ltr'><strong><em>ἑρμηνεύεται</em></strong></span> <span class='ocrx_word' id='word_1_70' title='bbox 462 1612 637 1694; x_wconf 88' lang='grc' dir='ltr'><strong><em>ἑτοιμασία</em></strong></span> <span class='ocrx_word' id='word_1_71' title='bbox 658 1617 786 1693; x_wconf 85' lang='grc' dir='ltr'><strong><em>κυρίου·</em></strong></span> <span class='ocrx_word' id='word_1_72' title='bbox 820 1610 856 1689; x_wconf 70' lang='grc' dir='ltr'><strong><em>ἐξ</em></strong></span> <span class='ocrx_word' id='word_1_73' title='bbox 877 1605 975 1675; x_wconf 78' lang='grc' dir='ltr'><strong><em>αὐτοῦ</em></strong></span> <span class='ocrx_word' id='word_1_74' title='bbox 997 1609 1059 1694; x_wconf 85' lang='grc' dir='ltr'><strong><em>γὰρ</em></strong></span> <span class='ocrx_word' id='word_1_75' title='bbox 1074 1606 1166 1696; x_wconf 73' lang='grc' dir='ltr'><strong><em>ἡτοι-</em></strong></span> 
     </span>
     <span class='ocr_line' id='line_1_10' title="bbox 148 1704 1166 1795; baseline -0.001 -19"><span class='ocrx_word' id='word_1_76' title='bbox 148 1709 264 1795; x_wconf 90' lang='grc' dir='ltr'><strong><em>μάσθη</em></strong></span> <span class='ocrx_word' id='word_1_77' title='bbox 287 1708 365 1786; x_wconf 87' lang='grc' dir='ltr'><strong><em>ναὸς</em></strong></span> <span class='ocrx_word' id='word_1_78' title='bbox 387 1715 498 1793; x_wconf 87' lang='grc' dir='ltr'><strong><em>κυρίου</em></strong></span> <span class='ocrx_word' id='word_1_79' title='bbox 514 1704 532 1795; x_wconf 80' lang='grc' dir='ltr'>ἡ</span> <span class='ocrx_word' id='word_1_80' title='bbox 549 1715 727 1793; x_wconf 79' lang='grc' dir='ltr'><strong><em>παρθένος.</em></strong></span> <span class='ocrx_word' id='word_1_81' title='bbox 751 1707 854 1774; x_wconf 82' lang='grc' dir='ltr'><strong><em>’Ἁννα</em></strong></span> <span class='ocrx_word' id='word_1_82' title='bbox 871 1710 906 1774; x_wconf 81' lang='grc' dir='ltr'><strong><em>δὲ</em></strong></span> <span class='ocrx_word' id='word_1_83' title='bbox 922 1706 1023 1774; x_wconf 90' lang='grc' dir='ltr'><strong><em>πάλιν</em></strong></span> <span class='ocrx_word' id='word_1_84' title='bbox 1039 1704 1166 1790; x_wconf 82' lang='grc' dir='ltr'><strong><em>ὁμοίως</em></strong></span> 
     </span>
     <span class='ocr_line' id='line_1_11' title="bbox 110 1802 1164 1892; baseline -0.002 -18"><span class='ocrx_word' id='word_1_85' title='bbox 110 1830 139 1880; x_wconf 83' lang='lat'><strong><em>10</em></strong></span> <span class='ocrx_word' id='word_1_86' title='bbox 147 1808 240 1892; x_wconf 89' lang='grc' dir='ltr'><strong><em>χάρις</em></strong></span> <span class='ocrx_word' id='word_1_87' title='bbox 263 1806 487 1892; x_wconf 78' lang='grc' dir='ltr'><strong><em>ἑρμηνεύεται·</em></strong></span> <span class='ocrx_word' id='word_1_88' title='bbox 509 1806 603 1891; x_wconf 87' lang='grc' dir='ltr'><strong><em>χάριν</em></strong></span> <span class='ocrx_word' id='word_1_89' title='bbox 618 1806 679 1892; x_wconf 87' lang='grc' dir='ltr'><strong><em>γάρ</em></strong></span> <span class='ocrx_word' id='word_1_90' title='bbox 696 1807 809 1890; x_wconf 71' lang='grc' dir='ltr'><strong><em>ἔλαβεν</em></strong></span> <span class='ocrx_word' id='word_1_91' title='bbox 821 1802 966 1888; x_wconf 75' lang='grc' dir='ltr'><strong><em>’ίωακείμ</em></strong></span> <span class='ocrx_word' id='word_1_92' title='bbox 987 1809 1039 1872; x_wconf 79' lang='grc' dir='ltr'><strong><em>καὶ</em></strong></span> <span class='ocrx_word' id='word_1_93' title='bbox 1051 1803 1164 1885; x_wconf 73' lang='grc' dir='ltr'><strong><em>Ἅννα,</em></strong></span> 
     </span>
     <span class='ocr_line' id='line_1_12' title="bbox 149 1902 1166 1991; baseline -0.003 -19"><span class='ocrx_word' id='word_1_94' title='bbox 149 1908 204 1972; x_wconf 76' lang='grc' dir='ltr'><strong><em>ἵνα</em></strong></span> <span class='ocrx_word' id='word_1_95' title='bbox 226 1907 376 1970; x_wconf 79' lang='grc' dir='ltr'><strong><em>τοιοῦτον</em></strong></span> <span class='ocrx_word' id='word_1_96' title='bbox 398 1904 610 1989; x_wconf 77' lang='grc' dir='ltr'><strong><em>βλαστησωσι</em></strong></span> <span class='ocrx_word' id='word_1_97' title='bbox 637 1903 764 1988; x_wconf 86' lang='grc' dir='ltr'><strong><em>καρπὸν</em></strong></span> <span class='ocrx_word' id='word_1_98' title='bbox 793 1903 849 1969; x_wconf 87' lang='grc' dir='ltr'><strong><em>διὰ</em></strong></span> <span class='ocrx_word' id='word_1_99' title='bbox 878 1906 1077 1989; x_wconf 72' lang='grc' dir='ltr'><strong><em>προσευχῆς,</em></strong></span> <span class='ocrx_word' id='word_1_100' title='bbox 1108 1902 1166 1991; x_wconf 80' lang='grc' dir='ltr'><strong><em>τὴν</em></strong></span> 
     </span>
     <span class='ocr_line' id='line_1_13' title="bbox 150 1995 1167 2087; baseline -0.002 -17"><span class='ocrx_word' id='word_1_101' title='bbox 150 1999 245 2087; x_wconf 77' lang='grc' dir='ltr'><strong><em>ἁγίαν</em></strong></span> <span class='ocrx_word' id='word_1_102' title='bbox 268 2007 438 2086; x_wconf 85' lang='grc' dir='ltr'><strong><em>παρθένον</em></strong></span> <span class='ocrx_word' id='word_1_103' title='bbox 460 2001 666 2087; x_wconf 84' lang='grc' dir='ltr'><strong><em>κτησάμενοι.</em></strong></span> <span class='ocrx_word' id='word_1_104' title='bbox 712 1995 856 2083; x_wconf 77' lang='grc' dir='ltr'><strong><em>Ἰωακεὶμ</em></strong></span> <span class='ocrx_word' id='word_1_105' title='bbox 884 2000 944 2085; x_wconf 88' lang='grc' dir='ltr'><strong><em>γὰρ</em></strong></span> <span class='ocrx_word' id='word_1_106' title='bbox 968 2000 1001 2066; x_wconf 84' lang='grc' dir='ltr'><strong><em>έν</em></strong></span> <span class='ocrx_word' id='word_1_107' title='bbox 1023 2004 1072 2086; x_wconf 77' lang='grc' dir='ltr'><strong><em>τῷ</em></strong></span> <span class='ocrx_word' id='word_1_108' title='bbox 1096 1998 1167 2085; x_wconf 81' lang='grc' dir='ltr'><strong><em>δρα</em></strong></span> 
     </span>
     <span class='ocr_line' id='line_1_14' title="bbox 149 2092 1166 2186; baseline 0 -21"><span class='ocrx_word' id='word_1_109' title='bbox 149 2097 364 2183; x_wconf 84' lang='grc' dir='ltr'><strong><em>προσηύχετο,</em></strong></span> <span class='ocrx_word' id='word_1_110' title='bbox 387 2100 441 2163; x_wconf 87' lang='grc' dir='ltr'><strong><em>καὶ</em></strong></span> <span class='ocrx_word' id='word_1_111' title='bbox 458 2096 560 2164; x_wconf 83' lang='grc' dir='ltr'><strong><em>’Ἁννα</em></strong></span> <span class='ocrx_word' id='word_1_112' title='bbox 588 2098 621 2164; x_wconf 81' lang='grc' dir='ltr'><strong><em>έν</em></strong></span> <span class='ocrx_word' id='word_1_113' title='bbox 649 2102 695 2184; x_wconf 77' lang='grc' dir='ltr'><strong><em>τῷ</em></strong></span> <span class='ocrx_word' id='word_1_114' title='bbox 719 2099 912 2183; x_wconf 80' lang='grc' dir='ltr'><strong><em>παραδείσῳ</em></strong></span> <span class='ocrx_word' id='word_1_115' title='bbox 936 2092 1044 2186; x_wconf 77' lang='grc' dir='ltr'><strong><em>αύτης.</em></strong></span> <span class='ocrx_word' id='word_1_116' title='bbox 1090 2121 1166 2165; x_wconf 88' lang='grc' dir='ltr'><strong><em>κυο-</em></strong></span> 
     </span>
     <span class='ocr_line' id='line_1_15' title="bbox 151 2192 1165 2283; baseline 0 -21"><span class='ocrx_word' id='word_1_117' title='bbox 151 2195 327 2283; x_wconf 77' lang='grc' dir='ltr'><strong><em>φορησασα</em></strong></span> <span class='ocrx_word' id='word_1_118' title='bbox 355 2195 390 2260; x_wconf 86' lang='grc' dir='ltr'><strong><em>δὲ</em></strong></span> <span class='ocrx_word' id='word_1_119' title='bbox 411 2193 514 2262; x_wconf 81' lang='grc' dir='ltr'><strong><em>’Ἀννα</em></strong></span> <span class='ocrx_word' id='word_1_120' title='bbox 548 2192 686 2279; x_wconf 87' lang='grc' dir='ltr'><strong><em>ούρανδν</em></strong></span> <span class='ocrx_word' id='word_1_121' title='bbox 719 2200 772 2262; x_wconf 85' lang='grc' dir='ltr'><strong><em>καὶ</em></strong></span> <span class='ocrx_word' id='word_1_122' title='bbox 807 2192 931 2279; x_wconf 89' lang='grc' dir='ltr'><strong><em>θρόνον</em></strong></span> <span class='ocrx_word' id='word_1_123' title='bbox 960 2196 1165 2280; x_wconf 73' lang='grc' dir='ltr'><strong><em>Χερουβικὸν</em></strong></span> 
     </span>
     <span class='ocr_line' id='line_1_16' title="bbox 112 2287 1167 2380; baseline -0.001 -19"><span class='ocrx_word' id='word_1_124' title='bbox 112 2294 245 2373; x_wconf 72' lang='grc' dir='ltr'><strong><em>ίοὲτεκε,</em></strong></span> <span class='ocrx_word' id='word_1_125' title='bbox 269 2292 327 2380; x_wconf 80' lang='grc' dir='ltr'><strong><em>τὴν</em></strong></span> <span class='ocrx_word' id='word_1_126' title='bbox 349 2288 444 2378; x_wconf 81' lang='grc' dir='ltr'><strong><em>ἁγίαν</em></strong></span> <span class='ocrx_word' id='word_1_127' title='bbox 466 2294 564 2380; x_wconf 85' lang='grc' dir='ltr'><strong><em>κόρην</em></strong></span> <span class='ocrx_word' id='word_1_128' title='bbox 579 2299 726 2376; x_wconf 81' lang='grc' dir='ltr'><strong><em>Μαρίαν.</em></strong></span> <span class='ocrx_word' id='word_1_129' title='bbox 765 2290 845 2378; x_wconf 81' lang='grc' dir='ltr'><strong><em>αύτη</em></strong></span> <span class='ocrx_word' id='word_1_130' title='bbox 867 2292 928 2377; x_wconf 86' lang='grc' dir='ltr'><strong><em>γὰρ</em></strong></span> <span class='ocrx_word' id='word_1_131' title='bbox 952 2287 1091 2375; x_wconf 83' lang='grc' dir='ltr'><strong><em>ούρανὸς</em></strong></span> <span class='ocrx_word' id='word_1_132' title='bbox 1112 2290 1167 2360; x_wconf 79' lang='grc' dir='ltr'><strong><em>καὶ</em></strong></span> 
     </span>
     <span class='ocr_line' id='line_1_17' title="bbox 149 2386 1167 2480; baseline 0.001 -22"><span class='ocrx_word' id='word_1_133' title='bbox 149 2391 228 2470; x_wconf 88' lang='grc' dir='ltr'><strong><em>ναὸς</em></strong></span> <span class='ocrx_word' id='word_1_134' title='bbox 248 2393 301 2457; x_wconf 77' lang='grc' dir='ltr'><strong><em>καὶ</em></strong></span> <span class='ocrx_word' id='word_1_135' title='bbox 325 2390 448 2474; x_wconf 85' lang='grc' dir='ltr'><strong><em>θρόνος</em></strong></span> <span class='ocrx_word' id='word_1_136' title='bbox 471 2387 661 2474; x_wconf 77' lang='grc' dir='ltr'><strong><em>εὑρίσκεται.</em></strong></span> <span class='ocrx_word' id='word_1_137' title='bbox 699 2386 718 2480; x_wconf 79' lang='grc' dir='ltr'>ἡ</span> <span class='ocrx_word' id='word_1_138' title='bbox 741 2391 802 2475; x_wconf 90' lang='grc' dir='ltr'><strong><em>γὰρ</em></strong></span> <span class='ocrx_word' id='word_1_139' title='bbox 819 2396 938 2473; x_wconf 85' lang='grc' dir='ltr'><strong><em>Μαρία</em></strong></span> <span class='ocrx_word' id='word_1_140' title='bbox 955 2390 1167 2476; x_wconf 82' lang='grc' dir='ltr'><strong><em>ἑρμηνεύεται</em></strong></span> 
     </span>
     <span class='ocr_line' id='line_1_18' title="bbox 148 2482 1167 2576; baseline 0 -21"><span class='ocrx_word' id='word_1_141' title='bbox 148 2495 252 2573; x_wconf 89' lang='grc' dir='ltr'><strong><em>κυρία,</em></strong></span> <span class='ocrx_word' id='word_1_142' title='bbox 287 2482 445 2554; x_wconf 78' lang='grc' dir='ltr'><strong><em>ἀλλὰκαὶ</em></strong></span> <span class='ocrx_word' id='word_1_143' title='bbox 468 2487 579 2567; x_wconf 78' lang='grc' dir='ltr'><strong><em>ἐλπίς·</em></strong></span> <span class='ocrx_word' id='word_1_144' title='bbox 616 2488 727 2572; x_wconf 89' lang='grc' dir='ltr'><strong><em>κύριον</em></strong></span> <span class='ocrx_word' id='word_1_145' title='bbox 754 2487 815 2573; x_wconf 90' lang='grc' dir='ltr'><strong><em>γὰρ</em></strong></span> <span class='ocrx_word' id='word_1_146' title='bbox 845 2489 930 2554; x_wconf 73' lang='grc' dir='ltr'><strong><em>ἔτεκε</em></strong></span> <span class='ocrx_word' id='word_1_147' title='bbox 957 2488 1015 2576; x_wconf 79' lang='grc' dir='ltr'><strong><em>την</em></strong></span> <span class='ocrx_word' id='word_1_148' title='bbox 1045 2489 1167 2555; x_wconf 70' lang='grc' dir='ltr'><strong><em>ἐλπίδα</em></strong></span> 
     </span>
     <span class='ocr_line' id='line_1_19' title="bbox 148 2584 1167 2670; baseline -0.001 -18"><span class='ocrx_word' id='word_1_149' title='bbox 148 2589 208 2652; x_wconf 82' lang='grc' dir='ltr'><strong><em>τοῦ</em></strong></span> <span class='ocrx_word' id='word_1_150' title='bbox 236 2585 362 2663; x_wconf 86' lang='grc' dir='ltr'><strong><em>παντὸς</em></strong></span> <span class='ocrx_word' id='word_1_151' title='bbox 395 2585 518 2669; x_wconf 88' lang='grc' dir='ltr'><strong><em>κόσμου</em></strong></span> <span class='ocrx_word' id='word_1_152' title='bbox 547 2585 703 2669; x_wconf 86' lang='grc' dir='ltr'><strong><em>Χριστόν.</em></strong></span> <span class='ocrx_word' id='word_1_153' title='bbox 753 2585 960 2670; x_wconf 74' lang='grc' dir='ltr'><strong><em>ἑρμηνεύεται</em></strong></span> <span class='ocrx_word' id='word_1_154' title='bbox 995 2585 1099 2651; x_wconf 84' lang='grc' dir='ltr'><strong><em>πάλιν</em></strong></span> <span class='ocrx_word' id='word_1_155' title='bbox 1128 2584 1167 2651; x_wconf 82' lang='grc' dir='ltr'><strong><em>τὸ</em></strong></span> 
     </span>
     <span class='ocr_line' id='line_1_20' title="bbox 149 2680 1166 2770; baseline 0.002 -21"><span class='ocrx_word' id='word_1_156' title='bbox 149 2689 270 2767; x_wconf 85' lang='grc' dir='ltr'><strong><em>Μαρία</em></strong></span> <span class='ocrx_word' id='word_1_157' title='bbox 293 2682 419 2767; x_wconf 87' lang='grc' dir='ltr'><strong><em>σμύρνα</em></strong></span> <span class='ocrx_word' id='word_1_158' title='bbox 433 2683 616 2767; x_wconf 88' lang='grc' dir='ltr'><strong><em>θαλάσσης.</em></strong></span> <span class='ocrx_word' id='word_1_159' title='bbox 653 2680 796 2766; x_wconf 85' lang='grc' dir='ltr'><strong><em>σμύρναν</em></strong></span> <span class='ocrx_word' id='word_1_160' title='bbox 813 2685 848 2749; x_wconf 80' lang='grc' dir='ltr'><strong><em>δὲ</em></strong></span> <span class='ocrx_word' id='word_1_161' title='bbox 864 2682 939 2766; x_wconf 74' lang='grc' dir='ltr'><strong><em>ἐρεῖ,</em></strong></span> <span class='ocrx_word' id='word_1_162' title='bbox 966 2680 1051 2748; x_wconf 81' lang='grc' dir='ltr'><strong><em>ὃκαλ</em></strong></span> <span class='ocrx_word' id='word_1_163' title='bbox 1070 2686 1166 2770; x_wconf 78' lang='grc' dir='ltr'><strong><em>φημὶ,</em></strong></span> 
     </span>
     <span class='ocr_line' id='line_1_21' title="bbox 110 2774 1168 2869; baseline 0.001 -23"><span class='ocrx_word' id='word_1_164' title='bbox 110 2785 225 2864; x_wconf 59' lang='grc' dir='ltr'><strong><em>κοπερὶ</em></strong></span> <span class='ocrx_word' id='word_1_165' title='bbox 249 2775 447 2859; x_wconf 80' lang='grc' dir='ltr'><strong><em>ἀθανασίας,</em></strong></span> <span class='ocrx_word' id='word_1_166' title='bbox 478 2776 530 2846; x_wconf 86' lang='grc' dir='ltr'><strong><em>δτι</em></strong></span> <span class='ocrx_word' id='word_1_167' title='bbox 550 2778 669 2869; x_wconf 74' lang='grc' dir='ltr'><strong><em>ἤμελλε</em></strong></span> <span class='ocrx_word' id='word_1_168' title='bbox 690 2778 747 2845; x_wconf 88' lang='grc' dir='ltr'><strong><em>τόν</em></strong></span> <span class='ocrx_word' id='word_1_169' title='bbox 771 2774 941 2847; x_wconf 86' lang='grc' dir='ltr'><strong><em>άθάνατον</em></strong></span> <span class='ocrx_word' id='word_1_170' title='bbox 963 2788 1168 2865; x_wconf 78' lang='grc' dir='ltr'><strong><em>μαργαρίτην</em></strong></span> 
     </span>
     <span class='ocr_line' id='line_1_22' title="bbox 149 2876 1171 2965; baseline 0.003 -23"><span class='ocrx_word' id='word_1_171' title='bbox 149 2883 269 2944; x_wconf 88' lang='grc' dir='ltr'><strong><em>τίκτειν</em></strong></span> <span class='ocrx_word' id='word_1_172' title='bbox 292 2877 325 2942; x_wconf 79' lang='grc' dir='ltr'><strong><em>ἐν</em></strong></span> <span class='ocrx_word' id='word_1_173' title='bbox 346 2880 385 2962; x_wconf 81' lang='grc' dir='ltr'><strong><em>τῇ</em></strong></span> <span class='ocrx_word' id='word_1_174' title='bbox 408 2878 575 2965; x_wconf 81' lang='grc' dir='ltr'><strong><em>θαλάσσῃ,</em></strong></span> <span class='ocrx_word' id='word_1_175' title='bbox 608 2882 777 2944; x_wconf 83' lang='grc' dir='ltr'><strong><em>τουτέστιν</em></strong></span> <span class='ocrx_word' id='word_1_176' title='bbox 808 2877 841 2944; x_wconf 85' lang='grc' dir='ltr'><strong><em>έν</em></strong></span> <span class='ocrx_word' id='word_1_177' title='bbox 863 2880 910 2961; x_wconf 79' lang='grc' dir='ltr'><strong><em>τῷ</em></strong></span> <span class='ocrx_word' id='word_1_178' title='bbox 932 2876 1055 2962; x_wconf 80' lang='grc' dir='ltr'><strong><em>κόσμῳ.</em></strong></span> <span class='ocrx_word' id='word_1_179' title='bbox 1101 2878 1171 2945; x_wconf 85' lang='grc' dir='ltr'><strong><em>θά-</em></strong></span> 
     </span>
     <span class='ocr_line' id='line_1_23' title="bbox 150 2963 1168 3063; baseline 0.002 -25"><span class='ocrx_word' id='word_1_180' title='bbox 150 2974 275 3039; x_wconf 90' lang='grc' dir='ltr'><strong><em>λασσαν</em></strong></span> <span class='ocrx_word' id='word_1_181' title='bbox 299 2973 334 3038; x_wconf 82' lang='grc' dir='ltr'><strong><em>δὲ</em></strong></span> <span class='ocrx_word' id='word_1_182' title='bbox 357 2973 425 3057; x_wconf 76' lang='grc' dir='ltr'><strong><em>ἐρεῖ</em></strong></span> <span class='ocrx_word' id='word_1_183' title='bbox 446 2974 502 3040; x_wconf 88' lang='grc' dir='ltr'><strong><em>τὸν</em></strong></span> <span class='ocrx_word' id='word_1_184' title='bbox 525 2972 659 3041; x_wconf 74' lang='grc' dir='ltr'><strong><em>ἅπαντα</em></strong></span> <span class='ocrx_word' id='word_1_185' title='bbox 681 2973 812 3058; x_wconf 90' lang='grc' dir='ltr'><strong><em>κόσμον,</em></strong></span> <span class='ocrx_word' id='word_1_186' title='bbox 837 2963 864 3058; x_wconf 78' lang='grc' dir='ltr'><em>ᾧ</em></span> <span class='ocrx_word' id='word_1_187' title='bbox 888 2971 904 3063; x_wconf 75' lang='grc' dir='ltr'><strong><em>η</em></strong></span> <span class='ocrx_word' id='word_1_188' title='bbox 920 2981 1096 3058; x_wconf 84' lang='grc' dir='ltr'><strong><em>παρθένος</em></strong></span> <span class='ocrx_word' id='word_1_189' title='bbox 1110 3001 1168 3060; x_wconf 91' lang='grc' dir='ltr'><strong><em>γα-</em></strong></span> 
     </span>
     <span class='ocr_line' id='line_1_24' title="bbox 150 3069 1166 3160; baseline 0.001 -23"><span class='ocrx_word' id='word_1_190' title='bbox 150 3071 248 3160; x_wconf 77' lang='grc' dir='ltr'><strong><em>λήνην</em></strong></span> <span class='ocrx_word' id='word_1_191' title='bbox 271 3069 468 3158; x_wconf 75' lang='grc' dir='ltr'><strong><em>ἐδωρήσατο,</em></strong></span> <span class='ocrx_word' id='word_1_192' title='bbox 492 3073 549 3139; x_wconf 88' lang='grc' dir='ltr'><strong><em>τὸν</em></strong></span> <span class='ocrx_word' id='word_1_193' title='bbox 565 3075 680 3157; x_wconf 91' lang='grc' dir='ltr'><strong><em>λιμένα</em></strong></span> <span class='ocrx_word' id='word_1_194' title='bbox 694 3075 833 3138; x_wconf 82' lang='grc' dir='ltr'><strong><em>τεκοῦσα</em></strong></span> <span class='ocrx_word' id='word_1_195' title='bbox 845 3072 1001 3154; x_wconf 80' lang='grc' dir='ltr'><strong><em>Χριστόν.</em></strong></span> <span class='ocrx_word' id='word_1_196' title='bbox 1032 3097 1166 3157; x_wconf 87' lang='grc' dir='ltr'><strong><em>τοιγαρ-</em></strong></span> 
     </span>
     <span class='ocr_line' id='line_1_25' title="bbox 151 3168 1166 3259; baseline 0 -24"><span class='ocrx_word' id='word_1_197' title='bbox 151 3172 209 3235; x_wconf 82' lang='grc' dir='ltr'><strong><em>οῦν</em></strong></span> <span class='ocrx_word' id='word_1_198' title='bbox 238 3168 339 3235; x_wconf 88' lang='grc' dir='ltr'><strong><em>πάλιν</em></strong></span> <span class='ocrx_word' id='word_1_199' title='bbox 368 3172 425 3256; x_wconf 76' lang='grc' dir='ltr'><strong><em>τῆς</em></strong></span> <span class='ocrx_word' id='word_1_200' title='bbox 454 3174 573 3259; x_wconf 72' lang='grc' dir='ltr'><strong><em>σεμνῆς</em></strong></span> <span class='ocrx_word' id='word_1_201' title='bbox 600 3170 696 3256; x_wconf 89' lang='grc' dir='ltr'><strong><em>κόρης</em></strong></span> <span class='ocrx_word' id='word_1_202' title='bbox 719 3175 856 3252; x_wconf 81' lang='grc' dir='ltr'><strong><em>Μαρίας</em></strong></span> <span class='ocrx_word' id='word_1_203' title='bbox 884 3169 1097 3255; x_wconf 82' lang='grc' dir='ltr'><strong><em>ἑρμηνεύεται</em></strong></span> <span class='ocrx_word' id='word_1_204' title='bbox 1128 3169 1166 3237; x_wconf 86' lang='grc' dir='ltr'><strong><em>τύ</em></strong></span> 
     </span>
     <span class='ocr_line' id='line_1_26' title="bbox 111 3263 1165 3357; baseline 0.001 -24"><span class='ocrx_word' id='word_1_205' title='bbox 111 3289 141 3341; x_wconf 73' lang='lat'><strong><em>23</em></strong></span> <span class='ocrx_word' id='word_1_206' title='bbox 149 3265 310 3352; x_wconf 84' lang='grc' dir='ltr'><strong><em>μακάριον</em></strong></span> <span class='ocrx_word' id='word_1_207' title='bbox 333 3263 437 3350; x_wconf 78' lang='grc' dir='ltr'><strong><em>ὄνομα</em></strong></span> <span class='ocrx_word' id='word_1_208' title='bbox 460 3269 676 3354; x_wconf 80' lang='grc' dir='ltr'><strong><em>φιυτιζομένη,</em></strong></span> <span class='ocrx_word' id='word_1_209' title='bbox 701 3264 771 3357; x_wconf 67' lang='grc' dir='ltr'><strong><em>ἥτις</em></strong></span> <span class='ocrx_word' id='word_1_210' title='bbox 793 3267 967 3354; x_wconf 71' lang='grc' dir='ltr'><strong><em>ἐφωτίσθη</em></strong></span> <span class='ocrx_word' id='word_1_211' title='bbox 991 3266 1086 3350; x_wconf 84' lang='grc' dir='ltr'><strong><em>παρὰ</em></strong></span> <span class='ocrx_word' id='word_1_212' title='bbox 1109 3270 1165 3334; x_wconf 80' lang='grc' dir='ltr'><strong><em>τού</em></strong></span> 
     </span>
     <span class='ocr_line' id='line_1_27' title="bbox 150 3363 1167 3452; baseline 0.002 -21"><span class='ocrx_word' id='word_1_213' title='bbox 150 3365 222 3431; x_wconf 79' lang='grc' dir='ltr'><strong><em>υἱοῦ</em></strong></span> <span class='ocrx_word' id='word_1_214' title='bbox 245 3367 303 3429; x_wconf 80' lang='grc' dir='ltr'><strong><em>τοῦ</em></strong></span> <span class='ocrx_word' id='word_1_215' title='bbox 325 3368 418 3442; x_wconf 84' lang='grc' dir='ltr'><strong><em>θεοῦ,</em></strong></span> <span class='ocrx_word' id='word_1_216' title='bbox 453 3364 508 3430; x_wconf 84' lang='grc' dir='ltr'><strong><em>καὶ</em></strong></span> <span class='ocrx_word' id='word_1_217' title='bbox 530 3364 673 3452; x_wconf 83' lang='grc' dir='ltr'><strong><em>ίφιύτισε</em></strong></span> <span class='ocrx_word' id='word_1_218' title='bbox 694 3364 770 3443; x_wconf 84' lang='grc' dir='ltr'><strong><em>τούς</em></strong></span> <span class='ocrx_word' id='word_1_219' title='bbox 793 3363 1034 3441; x_wconf 85' lang='grc' dir='ltr'><strong><em>πιστεύσαντας</em></strong></span> <span class='ocrx_word' id='word_1_220' title='bbox 1057 3365 1107 3443; x_wconf 84' lang='grc' dir='ltr'><strong><em>είς</em></strong></span> <span class='ocrx_word' id='word_1_221' title='bbox 1126 3364 1167 3433; x_wconf 80' lang='grc' dir='ltr'><strong><em>τύ</em></strong></span> 
     </span>
     <span class='ocr_line' id='line_1_28' title="bbox 150 3458 1166 3549; baseline 0.002 -22"><span class='ocrx_word' id='word_1_222' title='bbox 150 3469 278 3545; x_wconf 86' lang='grc' dir='ltr'><strong><em>πέρατα</em></strong></span> <span class='ocrx_word' id='word_1_223' title='bbox 300 3464 358 3548; x_wconf 73' lang='grc' dir='ltr'><strong><em>τῆς</em></strong></span> <span class='ocrx_word' id='word_1_224' title='bbox 382 3466 441 3548; x_wconf 74' lang='grc' dir='ltr'><strong><em>γῆς</em></strong></span> <span class='ocrx_word' id='word_1_225' title='bbox 462 3489 500 3549; x_wconf 87' lang='grc' dir='ltr'><strong><em>τη</em></strong></span> <span class='ocrx_word' id='word_1_226' title='bbox 517 3462 636 3547; x_wconf 91' lang='grc' dir='ltr'><strong><em>τριάδι.</em></strong></span> <span class='ocrx_word' id='word_1_227' title='bbox 674 3461 808 3544; x_wconf 89' lang='grc' dir='ltr'><strong><em>τριάδος</em></strong></span> <span class='ocrx_word' id='word_1_228' title='bbox 822 3460 882 3546; x_wconf 91' lang='grc' dir='ltr'><strong><em>γάρ</em></strong></span> <span class='ocrx_word' id='word_1_229' title='bbox 899 3461 1007 3547; x_wconf 85' lang='grc' dir='ltr'><strong><em>νύμφη</em></strong></span> <span class='ocrx_word' id='word_1_230' title='bbox 1027 3458 1166 3545; x_wconf 79' lang='grc' dir='ltr'><strong><em>ύπάρχει</em></strong></span> 
     </span>
     <span class='ocr_line' id='line_1_29' title="bbox 149 3555 1167 3647; baseline 0.001 -22"><span class='ocrx_word' id='word_1_231' title='bbox 149 3555 168 3647; x_wconf 78' lang='grc' dir='ltr'>ἡ</span> <span class='ocrx_word' id='word_1_232' title='bbox 193 3555 270 3644; x_wconf 77' lang='grc' dir='ltr'><strong><em>ἁγία</em></strong></span> <span class='ocrx_word' id='word_1_233' title='bbox 291 3558 450 3637; x_wconf 83' lang='grc' dir='ltr'><strong><em>θεοτόκος</em></strong></span> <span class='ocrx_word' id='word_1_234' title='bbox 472 3559 549 3646; x_wconf 91' lang='grc' dir='ltr'><strong><em>κόρη</em></strong></span> <span class='ocrx_word' id='word_1_235' title='bbox 565 3566 694 3643; x_wconf 82' lang='grc' dir='ltr'><strong><em>Μαρία,</em></strong></span> <span class='ocrx_word' id='word_1_236' title='bbox 718 3557 756 3624; x_wconf 84' lang='grc' dir='ltr'><strong><em>τὸ</em></strong></span> <span class='ocrx_word' id='word_1_237' title='bbox 779 3559 988 3644; x_wconf 89' lang='grc' dir='ltr'><strong><em>πανάρρητον</em></strong></span> <span class='ocrx_word' id='word_1_238' title='bbox 1003 3562 1062 3642; x_wconf 78' lang='grc' dir='ltr'><strong><em>τῆς</em></strong></span> <span class='ocrx_word' id='word_1_239' title='bbox 1077 3560 1167 3626; x_wconf 72' lang='lat' dir='ltr'><strong><em>olm·</em></strong></span> 
     </span>
     <span class='ocr_line' id='line_1_30' title="bbox 150 3656 1168 3745; baseline 0.002 -24"><span class='ocrx_word' id='word_1_240' title='bbox 150 3662 266 3738; x_wconf 89' lang='grc' dir='ltr'><strong><em>νομίας</em></strong></span> <span class='ocrx_word' id='word_1_241' title='bbox 287 3656 463 3744; x_wconf 81' lang='grc' dir='ltr'><strong><em>κειμηλιον,</em></strong></span> <span class='ocrx_word' id='word_1_242' title='bbox 488 3659 573 3742; x_wconf 91' lang='grc' dir='ltr'><strong><em>πρὸς</em></strong></span> <span class='ocrx_word' id='word_1_243' title='bbox 594 3656 632 3745; x_wconf 68' lang='grc' dir='ltr'><strong><em>ἣν</em></strong></span> <span class='ocrx_word' id='word_1_244' title='bbox 656 3656 832 3745; x_wconf 73' lang='grc' dir='ltr'><strong><em>ύΓαβριηλ</em></strong></span> <span class='ocrx_word' id='word_1_245' title='bbox 855 3667 967 3740; x_wconf 82' lang='grc' dir='ltr'><strong><em>“χαῖρε</em></strong></span> <span class='ocrx_word' id='word_1_246' title='bbox 989 3682 1168 3739; x_wconf 87' lang='grc' dir='ltr'><strong><em>κεχαριτω-</em></strong></span> 
     </span>
     <span class='ocr_line' id='line_1_31' title="bbox 111 3749 1169 3842; baseline 0.003 -23"><span class='ocrx_word' id='word_1_247' title='bbox 111 3759 238 3839; x_wconf 62' lang='grc' dir='ltr'><strong><em>εομένη,</em></strong></span> <span class='ocrx_word' id='word_1_248' title='bbox 263 3749 281 3818; x_wconf 87' lang='grc' dir='ltr'><strong><em>δ</em></strong></span> <span class='ocrx_word' id='word_1_249' title='bbox 303 3754 413 3838; x_wconf 88' lang='grc' dir='ltr'><strong><em>κύριος</em></strong></span> <span class='ocrx_word' id='word_1_250' title='bbox 434 3754 517 3837; x_wconf 84' lang='grc' dir='ltr'><strong><em>μετὰ</em></strong></span> <span class='ocrx_word' id='word_1_251' title='bbox 540 3758 629 3821; x_wconf 84' lang='grc' dir='ltr'><strong><em>σού.”</em></strong></span> <span class='ocrx_word' id='word_1_252' title='bbox 677 3750 862 3840; x_wconf 78' lang='grc' dir='ltr'><strong><em>ὑπέμνησεν</em></strong></span> <span class='ocrx_word' id='word_1_253' title='bbox 885 3749 903 3819; x_wconf 89' lang='grc' dir='ltr'><strong><em>ό</em></strong></span> <span class='ocrx_word' id='word_1_254' title='bbox 925 3760 956 3819; x_wconf 90' lang='grc' dir='ltr'>Γ</span> <span class='ocrx_word' id='word_1_255' title='bbox 954 3754 1083 3842; x_wconf 71' lang='grc' dir='ltr'><strong><em>αμριίγλ,</em></strong></span> <span class='ocrx_word' id='word_1_256' title='bbox 1115 3756 1169 3821; x_wconf 77' lang='grc' dir='ltr'><strong><em>καὶ</em></strong></span> 
     </span>
     <span class='ocr_line' id='line_1_32' title="bbox 151 3843 1170 3938; baseline 0.004 -22"><span class='ocrx_word' id='word_1_257' title='bbox 151 3846 169 3916; x_wconf 87' lang='grc' dir='ltr'>ὁ</span> <span class='ocrx_word' id='word_1_258' title='bbox 198 3843 308 3935; x_wconf 71' lang='grc' dir='ltr'><strong><em>πατήρ</em></strong></span> <span class='ocrx_word' id='word_1_259' title='bbox 342 3846 526 3936; x_wconf 75' lang='grc' dir='ltr'><strong><em>οὐρανόθεν</em></strong></span> <span class='ocrx_word' id='word_1_260' title='bbox 560 3847 735 3938; x_wconf 75' lang='grc' dir='ltr'><strong><em>ἀρραβῶνα</em></strong></span> <span class='ocrx_word' id='word_1_261' title='bbox 766 3850 805 3917; x_wconf 88' lang='grc' dir='ltr'><strong><em>τὸ</em></strong></span> <span class='ocrx_word' id='word_1_262' title='bbox 837 3854 968 3934; x_wconf 86' lang='grc' dir='ltr'><strong><em>πνεῦμα</em></strong></span> <span class='ocrx_word' id='word_1_263' title='bbox 1000 3850 1040 3916; x_wconf 86' lang='grc' dir='ltr'><strong><em>τὸ</em></strong></span> <span class='ocrx_word' id='word_1_264' title='bbox 1073 3848 1170 3937; x_wconf 80' lang='grc' dir='ltr'><strong><em>ἅγιον</em></strong></span> 
     </span>
     <span class='ocr_line' id='line_1_33' title="bbox 151 3942 1171 4038; baseline 0.002 -23"><span class='ocrx_word' id='word_1_265' title='bbox 151 3942 353 4027; x_wconf 82' lang='grc' dir='ltr'><strong><em>άπέστειλεν,</em></strong></span> <span class='ocrx_word' id='word_1_266' title='bbox 389 3945 565 4033; x_wconf 74' lang='grc' dir='ltr'><strong><em>υλρμάσατο</em></strong></span> <span class='ocrx_word' id='word_1_267' title='bbox 586 3949 644 4038; x_wconf 77' lang='grc' dir='ltr'><strong><em>τὴν</em></strong></span> <span class='ocrx_word' id='word_1_268' title='bbox 667 3955 837 4032; x_wconf 86' lang='grc' dir='ltr'><strong><em>παρθένον</em></strong></span> <span class='ocrx_word' id='word_1_269' title='bbox 861 3948 908 4027; x_wconf 76' lang='grc' dir='ltr'><strong><em>εἰς</em></strong></span> <span class='ocrx_word' id='word_1_270' title='bbox 928 3948 986 4014; x_wconf 87' lang='grc' dir='ltr'><strong><em>τὸν</em></strong></span> <span class='ocrx_word' id='word_1_271' title='bbox 1007 3951 1171 4036; x_wconf 76' lang='grc' dir='ltr'><strong><em>μονογενῆ</em></strong></span> 
     </span>
     <span class='ocr_line' id='line_1_34' title="bbox 151 4039 1171 4135; baseline 0.003 -23"><span class='ocrx_word' id='word_1_272' title='bbox 151 4043 223 4114; x_wconf 81' lang='grc' dir='ltr'><strong><em>νλόν</em></strong></span> <span class='ocrx_word' id='word_1_273' title='bbox 246 4039 399 4131; x_wconf 84' lang='grc' dir='ltr'><strong><em>ούράνιον</em></strong></span> <span class='ocrx_word' id='word_1_274' title='bbox 422 4047 564 4134; x_wconf 89' lang='grc' dir='ltr'><strong><em>νύμφην,</em></strong></span> <span class='ocrx_word' id='word_1_275' title='bbox 594 4046 631 4134; x_wconf 72' lang='grc' dir='ltr'><strong><em>ἢν</em></strong></span> <span class='ocrx_word' id='word_1_276' title='bbox 654 4042 672 4111; x_wconf 86' lang='grc' dir='ltr'>ὁ</span> <span class='ocrx_word' id='word_1_277' title='bbox 695 4045 804 4135; x_wconf 68' lang='grc' dir='ltr'><strong><em>πατήρ</em></strong></span> <span class='ocrx_word' id='word_1_278' title='bbox 832 4039 1017 4135; x_wconf 79' lang='grc' dir='ltr'><strong><em>ἠγάπησεν,</em></strong></span> <span class='ocrx_word' id='word_1_279' title='bbox 1048 4040 1067 4111; x_wconf 88' lang='grc' dir='ltr'><strong><em>δ</em></strong></span> <span class='ocrx_word' id='word_1_280' title='bbox 1098 4045 1171 4127; x_wconf 69' lang='grc' dir='ltr'><strong><em>υἱός</em></strong></span> 
     </span>
    </p>
   </div>
   <div class='ocr_carea' id='block_1_3' title="bbox 0 0 1310 4822">
    <p class='ocr_par' dir='ltr' id='par_1_3' title="bbox 0 0 1310 4822">
     <span class='ocr_line' id='line_1_35' title="bbox 0 0 1310 4822; baseline 0 0"><span class='ocrx_word' id='word_1_281' title='bbox 0 0 1310 4822; x_wconf 95' lang='lat' dir='ltr'><strong><em> </em></strong></span> 
     </span>
    </p>
   </div>
  </div>
 </body>
</html>
