2586 4822
155 772 197 836 02
511 783 557 835 1²1.
594 786 675 833 οοτι
693 784 815 833 mm.

155 940 286 1022 νικητοῦ
320 936 464 1018 δυνάμει.
509 942 595 1012 τίνες
623 935 654 1000 οἱ
683 933 900 1018 ντροόγοντες,·
938 934 1115 1018 προφῆται
1143 956 1168 999 αι

157 1036 287 1101 δίκαιοί.
325 1043 411 1113 τίνες
427 1035 458 1100 ολ
471 1029 749 1150 ἀκολουθοῦντες·
784 1027 978 1109 ἀπόστολοι,
1002 1033 1059 1097 καὶ
1079 1024 1168 1147 ἡμελη

156 1135 188 1199 οἱ
211 1134 245 1213 ἐξ
267 1133 375 1199 ἐθνῶν
396 1131 480 1216 μετὰ
501 1131 625 1197 τούτων
648 1129 892 1207 πιστεύσαντες
928 1123 947 1213 ἡ
972 1129 1006 1194 δὲ
1030 1125 1168 1207 πόλις
1156 1155 1168 1215 ι

155 1229 223 1298 ἀνω
243 1227 464 1349 Ἰερουσαλήμ·
502 1229 540 1294 τὸ
570 1228 645 1295 όὲ“
634 1227 720 1311 ιερόν
755 1258 771 1315 η
762 1223 954 1310 ’βασιλεία
982 1229 1049 1293 τῶν
1073 1220 1168 1311 ούρα-

131 1332 229 1446 5νῶν,
263 1317 345 1407 ἐξ
326 1354 362 1414 ης
384 1326 532 1412 λριστὸς
550 1321 725 1403 ’ίονόαίους
754 1320 798 1403 ῶς
817 1319 980 1441 ἀναξίους
1009 1322 1166 1409 ἐξήγαγεν

155 1423 241 1491 οότω
263 1424 305 1490 τὰ
326 1428 383 1512 τῆς
406 1424 520 1511 ἑορτῆς
542 1447 601 1488 σου
624 1423 760 1534 νόησον
794 1419 881 1489 σότω
904 1421 942 1487 τὸ
965 1424 1024 1486 τοῦ
1049 1422 1168 1489 όεσπό·

154 1547 212 1588 τοο
234 1521 414 1609 ιιιστηριον
438 1520 591 1599 φύλαξον.
630 1521 764 1599 πάντως
787 1521 822 1586 δὲ
844 1523 898 1585 καὶ
920 1519 962 1585 τὰ
982 1522 1042 1607 τῆς
1058 1519 1168 1606 ἑορτῆς

155 1643 215 1685 σον
239 1627 311 1663 ***
333 1617 602 1703 σανόράμωμενι
604 1618 673 1684 ιετίι
696 1613 838 1702 ἀγγέλων
859 1616 1057 1701 χορεύοντες,
1088 1618 1168 1700 μετέ

153 1721 211 1783 τοῦ
225 1715 321 1799 όχλοο
334 1716 545 1800 κροτούντων,
569 1715 652 1799 μετὰ
668 1719 724 1781 τοῦ
738 1715 853 1781 πώλου
867 1718 1070 1797 σκιρτῶντες,
1088 1740 1168 1798 Ιιιετι

116 1835 145 1885 10
152 1822 300 1899 μητέρων
316 1813 551 1897 θαυμάζοντες,
575 1809 642 1896 μετ’
661 1809 857 1878 ἀποστόλων
873 1812 1094 1899 κηρύττοντος,
1118 1839 1168 1881 κα

153 1916 290 1998 Χριστῷ
312 1908 521 1990 ὑπαντῶντες
549 1911 606 1996 τὴν
626 1907 832 1997 Ἰερουσαλὴμ
866 1910 1084 1995 ίπιγίαίνοντι,
1120 1910 1168 1979 a!

154 2014 292 2087 νοόντες,
317 2004 532 2095 εὐλογοῦντες,
566 2006 697 2075 ῶσαννό
725 2010 881 2092 λέγοντες,
915 2002 1131 2094 είλογημίνος

154 2106 273 2185 ίλθιὲιν,
311 2109 364 2172 καὶ
386 2107 525 2172 πάλιν’
512 2107 682 2189 ερχόμενος
711 2107 744 2172 ἐν
768 2101 836 2189 όνιη
838 2132 906 2171 ιατι
928 2113 1039 2223 κορίρι
1062 2117 1168 2225 κρῖνε

153 2204 210 2270 τὸν
239 2228 360 2285 κόσμον
389 2198 497 2270 αὐτοῦ.
551 2199 638 2288 αότῶ
668 2202 686 2288 ἡ
717 2204 796 2283 όόξα
829 2208 875 2290 τῶ
909 2203 1012 2288 πατρὶ
1041 2208 1095 2271 καλ
1122 2230 1168 2271 τι

117 2323 144 2372 15
154 2326 316 2386 πνειματι
339 2302 386 2379 εἰς
407 2301 484 2379 τοίς
507 2301 637 2379 αἰῶνας.
677 2297 771 2390 ἀμην.

635 2880 698 2939 vn.

218 3008 517 3080 ΕΠΙΦΑΝΙΟΥ
541 3009 860 3083 ΕΠΙΣΚΟΠΟΥ
885 3008 1111 3084 ΠΟΛΕΩΣ

389 3141 655 3226 Κωνσταντίας
682 3151 745 3238 τῆς
772 3138 939 3240 Κύπρου.

526 3529 611 3613 Περί
634 3536 787 3608 πίστεως.
1158 3544 1168 3603 Ι

234 3667 398 3744 Πίστις’
384 3672 463 3733 εστί.
508 3672 622 3743 τείσεις
644 3663 719 3732 δὲ
701 3694 720 3754 η
745 3665 791 3743 είς
815 3665 895 3733 θεὸν
917 3672 1055 3752 πρᾶγμα
1078 3663 1157 3755 ἀψη-

109 3761 306 3878 20λάφητον,
331 3759 570 3849 ἀκατάληπτον,
591 3757 793 3877 ἀθειόρητον,
812 3759 935 3830 ἀπολοτ
922 3766 1158 3853 τιραγμόνητον,

150 3853 372 3946 ἀκαστσρητὴς
404 3863 516 3946 σιωπῖγ
544 3861 728 3945 τιμώμενον
761 3860 816 3927 καί
847 3888 890 3948 νω
916 3863 1163 3978 προσκυνούμε-

151 3980 221 4034 νον,
259 3956 338 4038 ε’όρα
362 3961 480 4044 ψυχης,
509 3959 665 4040 θεμέλιον
689 3959 834 4046 ζωης,’
817 3958 890 4043 ρίζα
914 3961 1017 4041 ζῶσα,
1047 3960 1166 4045 κλάδος

148 4047 345 4138 ἀμάραντος,
376 4053 501 4139 καρπὸς
529 4049 727 4135 ἀθανασίας,
762 4056 983 4141 ἐλπιζομένων
1012 4059 1168 4145 πραγμά-
