2586 4822
146 742 210 807 2¹32
555 754 759 805 σοισκιιιοτ

148 901 287 991 άδάμας,
311 902 370 993 τη“ν
390 904 505 988 χροιάν
526 900 673 990 άερίζων.
711 904 826 972 ἐπάνω
856 906 891 971 δὲ
919 907 985 970 τῶν
1014 900 1113 986 ὤμων
1134 926 1153 971 ο

148 1005 353 1091 δηλωθέντες
381 1001 507 1069 δώδεκα
536 1004 640 1069 λίθοι.
676 1002 748 1087 τρίς
776 1004 828 1082 δὲ,
859 998 904 1081 ὥς
935 1004 1079 1088 είρηται,
1106 1004 1154 1068 τοί

148 1101 298 1169 ἐνιαυτοῦ
321 1101 477 1187 ἐδηλοῦτο
499 1103 545 1186 τῷ
568 1103 637 1187 λαῷ
659 1100 716 1167 διά
737 1104 795 1166 τοῦ
812 1100 966 1167 πετάλου.
1002 1101 1055 1165 καί
1080 1098 1110 1166 ελ
1131 1098 1154 1167 ἐι

148 1194 293 1285 άμαρτίηι
316 1193 499 1284 εόρέθησαν
527 1198 583 1264 καὶ
609 1197 654 1285 μὴ
683 1197 813 1277 ἐντοῖς
840 1198 998 1276 ἐντολαῖς,
1029 1195 1069 1275 ἃς
1097 1195 1154 1267 §do

124 1294 246 1363 5διόκει
269 1290 287 1360 ό
310 1294 400 1375 θεὸς,
424 1295 589 1380 ἐτρέπετο,
614 1298 725 1381 φασίν,
751 1292 768 1381 ἡ
790 1295 886 1381 χροιά
907 1298 966 1361 τοῦ
988 1297 1090 1360 λίθου
1111 1320 1154 1363 κα

148 1394 273 1477 ἐγένετο
300 1394 411 1476 με’λας,
441 1396 494 1458 καί
523 1393 558 1459 ἐκ
586 1390 703 1460 τούτου
733 1393 906 1478 ἐγίνωσκον
937 1388 988 1458 ότι
1017 1392 1154 1461 θάνατοι

149 1492 361 1571 ἐξαπέστειλε
375 1489 494 1573 κάρτος.
524 1486 618 1577 ἡνίκα
633 1493 668 1557 δὲ
684 1491 717 1557 ἐν
732 1497 908 1574 μαχαίραις
930 1485 1048 1569 αὖτοὺς
1064 1491 1154 1575 ἐπεμ·

149 1614 221 1667 πεν,
246 1588 370 1672 ἐγένετο
393 1587 573 1671 αἱμάτινος,
599 1584 643 1666 ὡς
665 1587 698 1653 ἐν
721 1592 767 1674 τῷ
787 1584 922 1673 Ἱερεμίᾳ
944 1591 1044 1675 φησίν
1071 1588 1154 1671 “ἐξα

150 1685 328 1752 πόστειλον
350 1685 407 1751 τὸν
430 1684 510 1752 λαόν
538 1682 647 1765 αὐτοῦ,
678 1689 731 1751 καὶ
761 1686 986 1765 ἐξελθέτωσαν
1016 1683 1093 1754 ὅσοι
1121 1686 1154 1764 τίς

111 1783 308 1862 1οθάνατον,
338 1782 385 1861 είς
406 1783 570 1850 θάνατον·
606 1781 680 1851 ὅσοι
709 1785 755 1862 είς
775 1783 948 1867 μάχαιραν,
979 1783 1025 1861 εές
1046 1783 1154 1867 μάχαι·

150 1903 226 1966 ραν·
248 1883 301 1946 καὶ
318 1878 393 1946 ὅσοι
416 1881 462 1958 εἷς
485 1881 590 1965 λιμὸν,
615 1881 661 1961 είς
684 1882 794 1966 λιμόν·
818 1883 871 1947 καί
889 1878 963 1946 ὅσοι
986 1880 1033 1959 είς
1048 1881 1153 1964 αέχμα

150 1982 289 2056 λωσίαν,
329 1979 375 2057 εἷς
407 1978 659 2061 αέχμαλωσίαν.”
701 1981 729 2045 εἰ
758 1981 793 2045 δέ
823 1979 944 2063 ἐγίνετο
979 1974 1058 2044 ιόσεί
1086 1976 1154 2062 χειά

151 2075 311 2159 λαμπρός,
343 2075 513 2160 ἐγίνωσκεν
543 2071 662 2153 όλαός
685 2072 736 2142 ὅτι
759 2072 905 2159 οὐδαμοῦ
929 2071 1083 2160 ἁμαρτία,
1114 2102 1154 2143 να

150 2173 224 2239 τότε
247 2170 410 2255 ἕόρταζον,
446 2169 491 2251 ὡς
519 2174 604 2257 λέγει
633 2169 846 2262 όπροηητης
870 2172 1030 2256 ’ἐόρταζη
1052 2168 1154 2241 ’ίοόδα

114 2270 209 2348 Ιιτάς
232 2269 348 2353 ἑορτάς
370 2294 439 2349 σου,
464 2266 592 2349 άντόδος
612 2272 671 2350 τὰς
687 2267 781 2354 εέχάς
796 2293 871 2336 σου·
896 2271 1042 2354 περιεῖλε
1057 2270 1154 2355 κε’·ριο

148 2368 192 2434 τά
215 2364 399 2452 ἀδικήματα
421 2391 490 2434 σου.
528 2369 708 2455 λελότρωκέ
721 2393 760 2437 σε
775 2369 808 2435 ἐκ
822 2367 930 2453 χειρός
950 2369 1079 2451 ἐχθρῶν
1096 2393 1154 2437 σου

148 2464 340 2551 βασιλεύσει
362 2464 472 2549 κάρτος
493 2466 526 2532 ἐν
548 2473 639 2553 μέσῳ
661 2471 731 2533 σοῦ.
770 2462 828 2534 οἰκ
850 2463 919 2553 όψη
935 2465 1016 2532 κακὰ
1033 2460 1153 2534 σι’·κέτι.

151 2561 204 2629 διὸ
227 2565 281 2629 καὶ
304 2561 361 2629 ἐπὶ
380 2569 545 2648 Ζαχαρίου
569 2568 626 2630 τοῦ
650 2564 777 2650 πατρός
796 2559 943 2631 Ἰωάννου
967 2563 1000 2630 ἐν
1023 2567 1062 2650 τῇ
1087 2565 1154 2653 ἐφη

149 2668 248 2748 μερίᾳ
270 2656 382 2741 αι’·τοῦ,
412 2662 514 2747 ἐντῷ
538 2661 658 2744 πάσχα,
689 2662 841 2747 λαμπρὸς
869 2662 991 2746 ἐγίνετο
1016 2657 1032 2726 ό
1057 2664 1154 2742 λίθος

111 2759 224 2830 νοτότε
246 2759 307 2843 γάρ
331 2753 429 2846 ἀρχὴν
452 2760 547 2844 ἔλαβε
569 2764 626 2826 τοῦ
651 2760 826 2845 ἱερατεύειν
842 2757 899 2825 τόν
915 2759 1074 2825 ἐνιαυτόν.
1112 2786 1154 2827 κα

150 2859 196 2941 τῷ
226 2856 357 2922 ἐπιόντι
385 2858 493 2940 ἐτερος
521 2854 724 2943 ἀνελάμβανε
759 2857 815 2922 τόν
844 2858 987 2944 ποδήρη,
1030 2853 1085 2925 ὅτε
1113 2884 1154 2925 κα

150 2952 370 3038 βραδύνοντος
391 2957 448 3019 τοῦ
470 2963 636 3039 Ζαχαρίου
669 2956 716 3034 είς
743 2955 785 3022 τά
813 2952 891 3041 άγια
919 2958 984 3021 τῶν
1008 2953 1110 3040 άγίων
1134 2955 1154 3023 ἐ

151 3046 276 3137 άγωνίηι
306 3039 345 3137 ἦν
374 3045 391 3114 ό
421 3050 499 3130 λαὸς
527 3053 657 3139 μήποτε
685 3053 776 3119 ἐσται
801 3049 818 3117 ό
842 3054 940 3131 λίθος
962 3047 1076 3131 αιἰτσῖς
1099 3052 1154 3122 ἐλε

150 3146 231 3232 γμός
253 3142 424 3231 άμαρτίας.
459 3152 511 3215 καί
536 3149 730 3229 ἐξελθόντος
752 3144 863 3228 αότοό,
886 3153 940 3215 καὶ
962 3149 1092 3234 γνόντες
1115 3147 1155 3216 ότ

111 3265 140 3316 25
149 3243 291 3331 μεγάλης
321 3243 418 3331 δόξης
445 3240 610 3313 ὀπτασίαν
640 3247 796 3331 ἑώρακεν,
836 3246 995 3330 ἐχάρησαν
1024 3247 1154 3334 σφόδρα

146 3335 295 3428 Ἰωάννης
315 3341 376 3427 γὰρ
398 3332 436 3429 ἦν
457 3346 585 3427 μέλλων
606 3349 788 3429 γεννᾶσθαι
811 3340 828 3409 ὁ
852 3343 985 3429 άγγελος
1007 3348 1067 3410 τοῦ
1083 3352 1154 3432 Χρι

151 3442 240 3506 στοῦ.
278 3438 332 3506 διὸ
354 3443 408 3507 καί
430 3441 666 3526 δεδοξασμένον
688 3442 727 3508 τὸ
750 3444 894 3509 πέταλον
917 3441 1031 3529 ἐφάνη.

231 3531 366 3621 Ἐπειδὴ
389 3539 425 3605 δὲ
446 3539 529 3605 κατὰ
550 3538 609 3618 τὰς
631 3541 757 3607 δώδεκα
779 3539 887 3627 φυλάς
907 3542 966 3605 τοῦ
985 3533 1114 3626 Ἰσραὴλ
1136 3564 1154 3607 ο

150 3635 277 3702 δώδεκα
311 3636 407 3701 λίθοι
440 3626 533 3703 οὗτοι
565 3637 842 3723 προσετάχθησαν
877 3637 1154 3723 ἐγκαταλεχθῆναι

110 3730 195 3811 οοιός
219 3727 303 3798 ελναι
325 3732 382 3799 ἕνα
403 3735 502 3800 λίθον
524 3734 609 3818 πρὸς
623 3742 703 3818 μίαν
719 3734 823 3822 φυλὴν
838 3730 1052 3822 ἡρμοσμένον,
1078 3734 1153 3803 ἐλου

151 3830 283 3914 σόμεθα
305 3829 388 3896 κατὰ
409 3830 467 3918 τέγν
489 3838 652 3914 προτέραν
681 3832 843 3917 διαίρεσιν
872 3830 929 3898 ἐπὶ
950 3829 1008 3917 την
1031 3825 1154 3899 άκολοσ

150 3933 231 3994 θίαν
254 3930 320 3992 τῶν
343 3933 560 4013 γεγενημένων
584 3929 662 3995 υίιῦν
676 3933 734 3995 τοῦ
746 3925 868 4015 Ἰακώβ.
899 3926 985 3995 οὕτω
999 3926 1062 4015 γάρ
1077 3928 1154 3997 ἐστι,

150 4020 310 4110 ἁρμόδιον
333 4023 521 4092 συντάττειν
544 4021 671 4105 αότοὺς.
