2586 4822
126 702 188 767 296
209 652 215 663 ⁶
577 711 692 765 rmaru

127 872 205 943 Quod
226 871 260 931 ad
282 870 346 928 Gan.
362 872 457 944 apost.
470 869 513 929 ‚26
535 867 658 929 &hamo
679 877 708 924 et
723 868 842 927 Zonaras
863 875 1034 940 agnoscunt.
1064 866 1145 925 eno·

68 954 74 969 ⁰
127 959 169 1014 nia
197 956 277 1013 rerba
307 965 385 1012 sunt:
413 956 476 1013 τῶν
502 949 544 1020 είς
569 951 682 1029 κλῆρον
705 944 926 1027 προελθόντων
948 945 1083 1028 ἀγάμων
1102 969 1145 1008 ιε·

127 1036 253 1116 indepte
263 1034 469 1114 βουλομένους
484 1039 592 1114 γαμεῖν
605 1029 802 1117 ἀναγνώσιος
816 1032 867 1093 καὶ
882 1031 1016 1108 ψάλτας
1029 1030 1144 1110 μόνους.

126 1127 167 1184 td
188 1144 257 1200 quae
272 1126 394 1183 Balsamo
416 1124 487 1181 istud
505 1124 640 1188 observat,
663 1132 727 1181 ante
742 1123 942 1180 ordinationem
959 1122 1144 1196 Presbytero,

124 1211 259 1269 Diaconos
282 1220 309 1268 et
330 1208 537 1284 Hypodinconos
560 1208 688 1281 copulare
711 1208 832 1281 nuptias,
863 1217 948 1281 atque
970 1208 1010 1264 ita
1035 1206 1144 1265 ordinari

14 1336 19 1367 3
125 1296 264 1370 potuisse:
288 1305 352 1369 post
372 1294 568 1350 ordinationem
590 1294 657 1350 solis
679 1293 732 1350 troc
758 1291 918 1350 Lectoriirus
941 1302 970 1349 et
986 1292 1142 1349 Cantoriirur

125 1380 269 1437 indultum.
299 1379 379 1436 Addit
393 1380 519 1442 Zonaras,
542 1387 606 1434 ante
627 1378 824 1435 ordinationem
846 1377 1016 1451 interrogari
1034 1376 1141 1451 erate

126 1474 215 1528 teres,
239 1465 371 1520 Diaconos
394 1473 421 1519 et
443 1463 667 1536 Hypodiaeouos,
689 1480 723 1518 an
745 1465 918 1519 continenter
941 1472 971 1519 et
995 1472 1074 1520 caste
1093 1460 1140 1520 rd-

125 1549 183 1606 lent
203 1549 300 1605 rivere.
344 1547 422 1617 Quod
444 1549 467 1604 si
489 1548 654 1620 ricgarerint,
678 1548 797 1620 permitti
819 1556 936 1603 utente
959 1548 1142 1604 consecratio·

125 1650 186 1691 uem
209 1651 307 1690 uxores
330 1633 438 1690 ducant.
479 1633 550 1689 Sane
572 1633 598 1688 in
614 1636 755 1705 ancyrano
778 1631 843 1688 Can.
856 1635 890 1689 to
914 1634 951 1689 de
969 1632 1098 1689 diaconis
1111 1632 1140 1688 ita

124 1719 257 1775 sancitum
280 1718 388 1792 legitur,
411 1728 440 1774 ut
463 1718 509 1791 qui
531 1718 589 1791 ipso
613 1717 789 1773 ordinationis
810 1733 875 1773 suae
896 1725 1030 1790 tempore
1053 1726 1142 1775 corta·

123 1804 187 1861 stati
209 1803 272 1866 sint,
297 1820 326 1859 se
349 1804 450 1878 nuptiis
472 1819 566 1859 carere
586 1792 641 1858 non
664 1819 754 1876 posse,
778 1801 894 1874 ideoque
913 1811 980 1875 post
996 1803 1142 1859 ordinatio·

123 1901 187 1945 nem
208 1905 307 1944 uxores
329 1888 462 1951 duxerint,
487 1888 520 1944 de
542 1897 615 1943 statu
636 1904 687 1943 suo
710 1902 765 1943 nou
787 1887 992 1950 dimoveantur,
1017 1887 1092 1960 quod
1111 1885 1140 1943 ab

123 1970 256 2046 Episcopo
279 1973 306 2028 id
328 1973 379 2029 illis
401 1989 560 2029 concessum
584 1972 680 2028 tuerit.
709 1973 799 2029 τοῦτο
822 1964 901 2026 δὲ’
877 1966 910 2026 st'
926 1988 1010 2040 τινες
1030 1965 1142 2069 σιωπή·

122 2074 230 2123 σαντες
258 2052 307 2111 καὶ
337 2049 617 2158 καταδεξάμενον
603 2075 634 2111 εν
662 2058 700 2132 τῇ
717 2053 889 2135 χειροτονία
911 2045 1078 2128 μένειν
1040 2073 1141 2126 ουτως,

120 2134 200 2214 perd
221 2142 319 2197 ταῦτα
339 2127 442 2215 ἦλθον
461 2136 508 2197 ἐπὶ
529 2133 637 2215 γάμον,
659 2139 837 2197 αενιαυσθαι
860 2133 978 2208 αυτοῦς
993 2143 1052 2216 τῆς
1065 2138 1140 2200 Διο-

121 2222 233 2291 κονίας.
262 2226 325 2281 Ηου
346 2242 421 2289 ocro,
444 2225 539 2324 inquit,
563 2225 590 2280 si
611 2225 660 2297 qui
678 2227 754 2297 [orte
775 2226 913 2281 tacuerint
937 2227 1014 2283 etin
1029 2228 1141 2284 ordine·

121 2310 196 2365 tione
216 2316 381 2383 permonere
404 2312 517 2383 inipso
541 2311 735 2379 (continentiae
757 2310 871 2381 scilicet)
892 2318 974 2367 staro
994 2328 1142 2368 coname-

120 2395 192 2472 rint,
221 2411 284 2450 cum
310 2397 409 2452 deinde
435 2396 550 2467 nuptias
571 2396 700 2460 inierint,
731 2395 934 2452 uDioconotn
955 2399 1142 2468 sepeliam.

120 2479 180 2548 Ouo
209 2496 240 2535 ea
264 2479 372 2537 Conone
399 2480 463 2536 iliud
492 2481 577 2536 evinci
605 2489 711 2552 potest.
741 2479 904 2537 Clericorum
927 2481 1083 2548 maiorum,
1111 2480 1142 2539 at

3 2585 8 2594 ’
121 2564 252 2622 diaconos
280 2565 375 2622 saltem
405 2582 507 2638 usque,
536 2565 768 2622 consecrationem
797 2565 974 2638 implicitum,
985 2562 1039 2623 'ut
1060 2567 1141 2632 aiunt,

119 2659 211 2706 notum
234 2650 285 2705 iam
309 2660 364 2706 turn
389 2648 516 2706 habuisse
538 2647 734 2706 continentiae.
759 2649 824 2707 Nam
846 2666 908 2705 cnm
927 2667 989 2707 eam
1004 2652 1142 2709 conditio-

119 2751 182 2791 nem
203 2735 323 2808 apponit,
346 2727 378 2792 ai
393 2752 470 2802 τινες
490 2751 698 2809 σαυπησαντις
718 2729 769 2788 καί
791 2729 1075 2807 καταδεξάμενοι’
1061 2756 1092 2794 nv
1105 2736 1140 2814 τῇ

112 2813 287 2900 χειροτονία
307 2810 463 2892 μένειν
428 2836 535 2888 ουτως,
559 2819 654 2892 procui
676 2817 758 2876 dubio
780 2819 924 2892 significat,
949 2837 1014 2877 cnm
1031 2821 1139 2878 ordina·

119 2904 192 2961 none
214 2904 270 2977 ipse
294 2904 454 2977 implicatam
470 2922 530 2960 csse
547 2904 653 2962 tacitam
669 2904 843 2960 castimoniae
857 2903 959 2977 legem,
982 2923 1058 2978 quae
1073 2924 1140 2963 noa-

117 2989 169 3045 nisi
196 2998 327 3063 concepta
356 2989 511 3045 nominatim
534 2989 732 3045 contestatione
755 2987 865 3045 devitari
888 3000 994 3062 posset.
1044 2991 1139 3048 cun-

117 3073 190 3130 modi
212 3083 240 3130 et
261 3074 289 3130 in
310 3074 474 3148 Episcopatu
496 3074 670 3146 suscipiendo
692 3073 777 3130 fuisse
797 3091 830 3130 ei
851 3073 958 3146 synesii
981 3077 1137 3133 causam

116 3156 218 3231 liquet,
247 3158 293 3229 qui
322 3157 407 3231 Epist.
427 3161 483 3216 105
513 3176 574 3216 cum
604 3175 619 3215 a
649 3155 881 3215 Ptolemaensilrus
897 3217 899 3221 ,
914 3159 943 3215 in
974 3159 1136 3234 Episcopum

115 3250 284 3314 posceretur,
306 3243 462 3314 praedicere
484 3262 514 3300 se
536 3260 567 3300 ac
583 3243 676 3299 testari
690 3243 763 3299 istud
778 3251 922 3308 asseverat,
946 3244 1025 3301 nolle
1041 3262 1057 3301 a
1071 3262 1138 3303 con-

116 3326 179 3400 iuge
207 3326 335 3400 separari.
379 3327 433 3384 Sed
461 3328 495 3385 de
515 3328 655 3402 Episcopis
684 3326 797 3385 ridicule
824 3328 974 3386 nGraucis
998 3330 1138 3388 hodiernis

115 3411 255 3485 excipitur,
278 3411 377 3487 quibus
399 3413 464 3469 solis
486 3413 587 3487 nuptiis
609 3411 783 3469 interdicunt.
815 3412 869 3473 Nee
890 3413 985 3471 minus
1000 3415 1091 3490 inepte
1106 3415 1136 3475 2·
1189 3421 1191 3425 ’

115 3495 226 3554 Consilii
249 3497 374 3572 carthag.
399 3497 489 3556 Canon
512 3499 557 3555 ille
581 3497 768 3570 scorpion:
793 3497 907 3554 Ptocnr't
927 3497 1087 3574 Episcopus
1106 3506 1135 3555 et

113 3580 294 3652 Presoyteros
316 3590 342 3657 et
356 3582 508 3648 Diaconos,
529 3585 682 3639 accendent
700 3583 823 3654 proprie
844 3583 891 3647 tat.
908 3582 1015 3657 priora)
1030 3591 1134 3642 muts

113 3660 198 3721 etiarn
228 3669 264 3723 od
293 3668 430 3725 nnoridus
458 3669 599 3724 continere
621 3676 673 3724 etc.
713 3667 819 3740 inquo
844 3667 953 3745 Canpne
978 3669 1134 3744 iampridem

113 3749 210 3805 eruditi
234 3750 280 3806 riri
307 3752 469 3811 Graecorum
492 3762 573 3825 atque
589 3752 793 3809 Haereticorum
816 3751 949 3809 inscitiam
970 3755 1134 3818 refutarurn.

112 3842 139 3890 et
161 3833 327 3891 Balsamonis
354 3838 501 3910 imprimis,
530 3839 576 3909 qni
605 3837 637 3894 ad
662 3838 761 3893 Cani
785 3837 887 3910 Synodi
911 3837 1042 3913 earum.
1064 3855 1134 3914 quac

111 3918 228 3976 secunda
250 3918 331 3992 vulgo
353 3931 495 3985 censetur,
519 3938 605 3994 nugas
626 3939 715 3977 meras
737 3920 844 3979 ed'utiit.
884 3923 969 3998 atqrn
993 3923 1134 3982 Quorum

111 4004 207 4064 dett
231 4003 355 4078 carthag.
378 4005 450 4063 illius
472 4005 588 4079 Synodi,
611 4008 657 4081 qui
680 4005 713 4062 ab
735 4005 885 4080 Episcopis,
909 4004 1085 4084 Pmsoytern
1106 4018 1136 4066 et
