2586 4822
149 808 191 871 22
353 818 388 870 11.
422 820 486 868 m
504 820 580 867 τιιιυ
597 816 720 867 τευτευ
739 817 810 866 του
826 817 964 899 moy.

149 974 205 1038 καὶ
227 971 295 1056 λαιῷ
318 972 502 1052 πανστρατὶ
525 972 564 1055 τῆ·
588 962 688 1035 αὐτοῦ
712 962 865 1055 ἀστραπῇ
893 967 953 1045 τὰς
976 960 1167 1045 ἀθανάτους

151 1069 274 1146 ἐκείνας
295 1071 361 1133 τῶν
385 1067 560 1154 φαλάγγων
585 1061 688 1149 ἀχειρλ
708 1068 876 1150 χειροῦται
904 1065 1027 1144 τάξεις,
1060 1063 1168 1147 θύρας
1190 1144 1196 1157 .

150 1161 297 1250 ἀθόρους
325 1163 407 1249 ἀρας
436 1164 469 1231 ἐκ
491 1171 593 1247 μέσου
622 1166 676 1230 καὶ
704 1162 812 1241 πύλας
841 1158 978 1241 ἀξόλους
1006 1164 1053 1247 τῷ
1083 1162 1166 1247 ξύλῳ

149 1265 208 1330 τού
232 1266 372 1347 σταυροῦ
385 1262 533 1346 Χριστὸς
555 1257 573 1349 ἡ
597 1259 685 1344 θύρα
700 1260 914 1338 κατακλάσας,
938 1257 1031 1346 ἥλοις
1045 1285 1083 1325 τε
1096 1269 1168 1337 τοῖς

125 1360 280 1437 δένθέοις
308 1358 448 1442 μοχλούς
477 1359 631 1436 αἰωνίους
664 1364 847 1441 συντρίψας
879 1360 932 1423 καὶ
964 1357 1166 1434 συνθλάσας,

149 1462 203 1524 καὶ
226 1460 360 1541 δεσμοῖς
381 1462 582 1540 χειρενθέοις
604 1453 663 1533 τάς
686 1450 824 1534 ἀλύτους
847 1451 979 1533 ἁλύσεις
1003 1451 1047 1533 ῶς
1069 1453 1167 1540 κηρόν

150 1555 317 1634 διαλύσας,
340 1556 394 1620 καὶ
416 1554 512 1640 λόγχῃ
535 1556 573 1639 τῇ
591 1553 786 1639 θεοπλεύρῷ
809 1555 944 1636 καρδίαν
967 1557 1026 1618 τού
1048 1551 1169 1635 τυράν-

149 1675 207 1719 νου
229 1652 287 1738 τὴν
310 1650 452 1734 ἀσαρκον
478 1652 664 1738 διατρήσας.
711 1650 776 1717 ἐκεῖ
799 1657 974 1734 συνέτριψε
1002 1650 1043 1715 τά
1066 1648 1192 1736 νράτηί)

150 1753 215 1815 τῶν
237 1749 350 1829 τόξων,
382 1745 437 1815 ότε
457 1751 504 1833 τῷ
528 1751 659 1833 σταυρῷ
681 1747 817 1826 τοξότας
838 1755 1030 1833 χειροθέους
1053 1744 1169 1832 νευράς

115 1849 296 1916 ιοδιέτεινε.
343 1846 395 1912 διὸ
424 1846 479 1913 έὰν
507 1840 583 1929 μεθ’
608 1843 744 1932 ἡσυχίας
767 1841 996 1934 ἀκολουθήσῃς
1018 1848 1166 1930 Χριστῷ,

151 1950 208 2010 νόν
238 1941 317 2028 ἀψει
346 1948 413 2010 πού
441 1946 500 2028 μέν
528 1944 585 2009 τόν
612 1943 769 2029 τύραννον
799 1946 908 2031 ἔδησε,
949 1947 1016 2010 πού
1047 1946 1084 2009 δὲ
1110 1943 1168 2032 τὴν

151 2041 269 2108 τούτου
303 2042 446 2129 κεφαλὴν
480 2036 654 2129 ἀνήρτησε,
693 2044 767 2120 πῶς
802 2043 837 2108 δέ
869 2041 907 2106 τό
943 2041 1168 2130 δεσμωτήριον

153 2136 353 2223 ἀνέσκαψεν,
388 2142 454 2205 ποῦ
479 2140 514 2204 δὲ
542 2138 619 2215 τούς
652 2138 822 2221 δεσμώτας
850 2139 997 2226 ἐξήγαγε,
1031 2142 1106 2217 πῶς
1134 2140 1168 2204 δὲ

151 2236 208 2301 τόν
232 2234 310 2322 ὄφιν
333 2235 494 2322 έπάτησε,
522 2234 577 2301 καὶ
599 2239 665 2302 ποῦ
688 2236 745 2301 τύν
769 2236 869 2320 κάρον
893 2237 1065 2321 ἐκρέμασε,
1095 2239 1168 2314 πῶς

114 2336 188 2402 ίῡδὲ
215 2333 272 2399 τὸν
292 2328 398 2417 Ἀδᾲμ
427 2328 651 2427 ἠλευθέρωσε,
689 2336 743 2399 καὶ
777 2338 850 2413 πῶς
885 2335 942 2420 τὴν
970 2333 1060 2400 Εύαν
1095 2331 1169 2400 ἀνέ-

151 2455 258 2517 στησε,
282 2434 334 2496 καὶ
358 2434 432 2509 πῶς
453 2430 492 2496 τό
513 2431 707 2514 μεσότοιχον
731 2433 833 2511 ἔλυσε,
858 2436 911 2498 καλ
935 2432 1088 2510 πῶςτὸν
1110 2456 1168 2498 πι-

149 2529 225 2614 κρὸν
248 2530 438 2596 κατεδίκασε
460 2529 629 2613 δράκοντα,
653 2535 706 2595 καί
730 2533 804 2607 πῶς
825 2528 867 2594 τὰ
889 2525 1032 2616 ἀήττητοι
1052 2531 1168 2616 ἔστησε

149 2627 305 2711 τρόπαια,
330 2630 396 2693 πού
420 2628 453 2692 δὲ
477 2626 534 2691 τόν
557 2626 705 2693 θάνατον
726 2626 928 2705 ἐθανάτωσε,
952 2631 1004 2693 καί
1022 2631 1096 2706 πῶς
1111 2628 1200 2715 τηυξ

151 2725 285 2812 φθοράν
307 2730 508 2812 κατέφθειρε
530 2727 582 2790 καί
606 2729 663 2789 τόν
686 2722 870 2808 ἄνθρωπον
900 2725 946 2801 εἷς
968 2724 1006 2789 τὸ
1030 2720 1167 2810 ἀρχαῖον

110 2845 142 2895 20
151 2817 412 2909 ἀπεκατέστησεν
436 2817 573 2905 ἀξίωμα.
605 2818 622 2886 ό
636 2823 718 2904 χθὲς
735 2828 845 2888 τοίνυν
861 2823 1077 2906 οἰκονομικῶς
1091 2822 1168 2900 τούς

151 2921 309 3004 λεγεῶνας
337 2923 402 2985 τῶν
431 2914 572 3004 ἀγγέλιυν
602 2919 876 3003 παραιτούμενος,
909 2922 961 2985 καὶ
991 2921 1093 3004 λέγων
1122 2922 1168 3006 τῷ

150 3021 268 3101 Πέτρην
285 3011 338 3081 ὅτι
354 3016 516 3099 “δύναμαι
533 3015 607 3099 ἀρτι
622 3021 837 3105 παραστῆσαι
851 3019 987 3095 πλείοις
1005 3012 1025 3104 ἢ
1042 3018 1169 3085 δώδεκα

151 3114 310 3198 λεγεῶνας
340 3108 518 3199 ἀγγέλων,”
556 3113 696 3202 σημερον
725 3118 929 3198 θεοπρεπῶς
951 3111 1034 3198 όμού
1058 3120 1167 3183 τεκαὶ

151 3212 338 3294 πολεμικῶς
359 3212 412 3276 καὶ
436 3212 640 3289 δεσποτικῶς
662 3213 789 3279 κάτεισι
810 3213 898 3279 κάτω
913 3210 1100 3279 τοῦἍιδου
1115 3216 1166 3279 καί

112 3309 316 3387 τεθανάτου,
350 3312 404 3375 καλ
432 3308 589 3393 τύραννον
624 3310 680 3375 διά
708 3311 858 3377 θανάτου
886 3310 945 3388 τὰς
975 3305 1168 3390 ἀθανάτους

149 3410 215 3472 τῶν
239 3402 422 3490 ἀσωμάτων
451 3407 702 3491 στρατευμάτων
731 3412 786 3474 καί
812 3408 985 3492 ταγμάτων
1015 3402 1166 3493 ἀοράτων

151 3500 189 3568 ού
213 3503 337 3570 δώδεκά
358 3530 450 3581 τινας
472 3505 639 3588 λεγεῶνας,
670 3502 753 3571 ἀλλὰ
774 3512 893 3590 μυρίας
920 3506 1084 3589 μυριάδας
1113 3502 1200 3572 καλΙ

149 3602 256 3685 χιλίας
265 3601 415 3684 χιλιάδας
429 3602 509 3683 ἔχων
522 3596 674 3686 ἀγγέλιυν,
684 3597 897 3687 ἀρχαγγέλων,
906 3603 1075 3682 ἐξουσιῶν,
1084 3602 1168 3688 θρό-

150 3725 215 3765 νων
241 3694 404 3783 ἀθρόνων,
434 3699 660 3784 ἕξαπτερύγων
688 3694 889 3785 ἀπτερύγων,
920 3700 1166 3784 πολυομμάτων

112 3791 339 3880 εοάομμάτων,
363 3791 523 3881 ούρανίων
546 3797 728 3881 ταγμάτων,
753 3794 810 3864 άτε
833 3797 872 3883 δη
896 3795 954 3864 ἀτε
976 3794 1022 3876 ῶς
1045 3798 1165 3866 οίκείον

151 3892 315 3975 δεσπότην
337 3897 390 3960 καὶ
409 3895 548 3978 βασιλέα
563 3895 832 3979 προπεμπούσας
846 3897 899 3961 καὶ
916 3897 1166 3983 δορυφορούσας

150 3994 202 4057 καὶ
216 3988 533 4074 τιμιύσαςΧριστόν·
558 3986 595 4057 ού
612 3991 816 4074 συμμάχους·
839 3991 963 4078 ἀπαγε·
987 4000 1091 4072 ποίας
1105 3993 1164 4077 γάρ

150 4090 201 4151 καὶ
220 4095 404 4172 συμμαχίας
424 4083 442 4152 ὃ
458 4089 710 4173 παντοδύναμος
726 4091 895 4158 ἐπιδέεται
903 4091 1052 4177 Χριστός
1059 4121 1070 4173 ,·
1094 4084 1160 4159 ἀλλ’
