2586 4822
144 793 186 855 32
286 802 336 854 111.
370 804 434 852 αττ
451 805 526 852 τετυ
543 802 610 851 τον
627 802 784 851 Χντῑτου
803 800 1020 850 mmmm.

144 954 245 1040 ταύτῃ
268 959 453 1018 κατέπαυσε
481 951 537 1037 τήν
560 953 686 1035 πλάνην
716 956 772 1036 τῆς
795 946 956 1034 ἀσεβείας.
1002 949 1035 1016 έν
1058 948 1156 1034 ταύτῃ

145 1058 331 1117 κατέπαυσε
362 1050 400 1114 τὸ
422 1049 539 1133 κράτος
567 1053 625 1115 τοῦ
654 1048 811 1133 τυράννου
840 1049 894 1113 καὶ
923 1052 979 1113 τοῦ
1012 1049 1092 1112 λαοῦ
1120 1046 1183 1113 τὸΒ

146 1155 285 1233 κέντρον.
325 1147 357 1215 έν
379 1146 479 1233 ταίτη
503 1154 706 1213 κατέπαυσεν
729 1142 844 1228 ὁμικάς
868 1153 989 1223 θυσίας
1011 1148 1064 1210 καί
1089 1167 1154 1210 νεο-

146 1254 271 1331 μηνίας.
310 1246 343 1312 έν
364 1244 463 1330 ταύτῃ
487 1245 617 1323 καινοὺς
640 1242 783 1326 ἐπήξατο
805 1247 845 1329 τῇ
866 1250 970 1309 κτίσει
986 1238 1085 1325 ὅρους
1106 1240 1159 1306 καὶ

120 1343 275 1427 ὀνάμους.
313 1343 346 1409 έν
369 1341 468 1426 ταύτῃ
491 1348 677 1407 κατέπαυσε
698 1340 736 1405 τὸ
759 1341 871 1423 πάσχα
899 1344 957 1405 τοῦ
981 1340 1157 1421 νόμοσκαὶ

143 1437 316 1507 Ἰουδαίων.
351 1439 384 1504 έν
407 1438 506 1525 ταῦτη
530 1438 701 1524 ἐπλήρωσε
723 1439 832 1504 πάντα
853 1438 909 1503 τὸν
924 1436 1040 1515 τύπον,
1066 1435 1159 1502 σκιάν

146 1543 198 1604 καὶ
216 1545 430 1624 προφητείαν.
463 1538 501 1601 τὸ
525 1535 636 1619 πάσχα
660 1533 758 1622 ἡμῶν,
782 1537 819 1600 τὸ
843 1536 954 1617 πάσχα
976 1535 1014 1599 τὸ
1037 1530 1159 1620 ἀληθι-

148 1637 203 1703 νὸν
226 1635 326 1721 έτῦθη
351 1634 505 1716 Χριστὸς,
530 1638 581 1698 καί
607 1635 701 1712 εἴτις
724 1635 756 1700 έν
768 1638 905 1718 Χριστῷ
928 1632 1020 1716 καινὴ
1044 1640 1157 1709 κτίσις,

149 1736 250 1811 εἴτις
272 1733 304 1799 έν
327 1735 462 1817 Χριστῷ
486 1734 577 1817 κοινὴ·
601 1739 723 1809 πίστις,
747 1735 853 1797 καινοὶ
878 1731 981 1812 νόμοι,
1006 1730 1119 1807 καινὸς
1141 1723 1158 1794 δ

111 1836 205 1903 Ιθτοῦ
229 1834 311 1899 θεοῦ
334 1829 427 1908 λαός·
460 1829 587 1907 καινὸς,
618 1825 685 1895 ἀλλ’
712 1824 747 1894 οῦ
773 1829 917 1906 παλαιὸς
936 1826 1078 1913 Ἰσραὴλ,
1108 1828 1159 1892 καλ

148 1929 259 1995 καινὸν
283 1927 409 2008 πάσχα·
442 1926 534 2012 καινὴ
559 1931 610 1993 καλ
634 1928 835 2012 πνευματικὴ
859 1924 1037 2012 περιτομή·
1067 1923 1157 1990 καινί

149 2030 201 2092 καὶ
226 2022 425 2106 ἀναίμακτος
447 2032 565 2090 θυσία
599 2024 691 2112 καινὴ
707 2028 759 2090 καὶ
776 2032 855 2090 θεία
873 2023 1024 2109 διαθήκη.
1056 2023 1162 2107 ἐγκαι-

118 2144 121 2151 ’
150 2124 282 2202 νίζεσθε
304 2122 453 2208 σήμερον,
477 2126 529 2186 καί
554 2126 683 2204 πνεῦμα
706 2118 802 2201 εῦθὲς
819 2123 1019 2208 έχκαινίοατε
1041 2121 1074 2187 έν
1089 2130 1162 2198 ταῖς

149 2221 298 2303 καρδίαις
321 2216 421 2301 ὑμῶν,
453 2215 547 2297 ὅπως
569 2221 709 2303 δέξησθε
730 2219 772 2285 τὰ
793 2224 850 2307 τῆς
874 2221 987 2306 ἑορτῆς
1008 2223 1067 2307 τῆς
1089 2226 1162 2295 νίας

113 2322 201 2389 ιῑτκαὶ
225 2312 386 2402 ἀληθινῆς
408 2316 579 2401 μυστήρια,
603 2322 655 2382 καί
679 2318 864 2404 τρυηησητε
880 2319 1020 2405 σημερον
1037 2316 1197 2402 τρυφηνῖ

149 2416 207 2501 τὴν
229 2413 332 2492 ὅντως
354 2411 516 2498 οῦράνιον,
540 2418 592 2480 καὶ
617 2410 786 2496 ἀπέλθητε
808 2421 1034 2503 φωτισθέντες
1056 2412 1098 2479 τά
1119 2412 1159 2500 μὴ

150 2512 378 2595 παλαιούμενα
400 2516 458 2577 τοῦ
481 2518 554 2577 νέου
583 2513 695 2594 πάσχα
723 2510 793 2579 ἀντὶ
824 2515 967 2578 παλαιοῦ
997 2510 1163 2599 μυστήρια

150 2606 327 2677 ἀντίτυπα·
358 2608 450 2688 ὅπως
474 2610 631 2695 συνησητε
654 2608 732 2676 ὅσον
754 2612 792 2675 τὸ
807 2617 906 2692 μέσον
929 2608 982 2674 καὶ
999 2609 1162 2693 διάφορον

149 2713 214 2773 τιῦν
234 2705 396 2774 Ἰουδαίων
419 2709 504 2791 πρὸς
525 2707 566 2773 τὰ
590 2704 736 2793 ἡμέτερα,
760 2709 815 2772 καὶ
837 2714 886 2785 τίς
908 2706 1076 2791 σι”χκρισις
1098 2710 1161 2771 τῶν

109 2807 263 2882 ηοτίπων
287 2806 371 2889 πρὸς
392 2808 449 2891 τὴν
473 2802 641 2892 ἀληθειαν.
677 2801 856 2889 ἀρξώμεθα
877 2805 919 2870 τὰ
941 2807 998 2889 τῆς
1013 2805 1161 2886 Χριστοῦ

152 2903 263 2984 πάσχα
286 2898 496 2981 ἀναστάσεως
517 2908 570 2970 καὶ
593 2910 739 2986 θεωρίας
761 2904 794 2969 ἐκ
816 2907 880 2968 ττῦν
904 2902 1066 2967 ἐντεῦθεν.

232 2994 469 3067 Ἀπεστέλλετό
493 3027 575 3068 ποτε
598 3000 683 3084 πρὸς
705 3007 867 3087 σωτηρίαν
891 3002 970 3065 λαοῦ
992 2994 1063 3064 ἀπὸ
1079 3001 1162 3065 θεοῦ

153 3096 187 3175 έξ
210 3094 305 3178 ὄρους
329 3093 455 3183 ῦτίιηλοῦ
485 3095 503 3162 ῦ
534 3106 716 3184 νομοθέτης
739 3101 887 3183 Μωυσῆς
916 3097 1001 3180 πρὸς
1023 3097 1081 3162 τὸν
1105 3098 1197 3164 τοῦΙ

153 3192 253 3275 νόμον
276 3194 398 3260 τίπον·
432 3191 600 3282 ἀπεστάλη
623 3199 675 3261 καὶ
700 3193 842 3278 δκῦριος
858 3192 875 3258 ὁ
893 3200 1086 3281 νομοθέτης,
1111 3195 1162 3259 καλ

112 3291 233 3370 τυθεὸς
256 3287 324 3357 ἀπὸ
347 3299 438 3371 θεοῦ,
472 3298 523 3359 καί
549 3293 624 3376 ὄρος
652 3290 708 3360 ἀπ’
735 3292 830 3375 ὅρους
862 3288 1020 3376 οὐρανίων
1053 3288 1163 3374 ὀρέων,

154 3390 200 3466 είς
228 3397 390 3475 σωτηρίαν
418 3395 476 3456 τοῦ
510 3388 665 3479 ἡμετέρου
700 3394 795 3467 λαοῦ,
832 3390 870 3455 τὸ
903 3394 959 3476 τῆς
993 3386 1162 3475 ἀληθείας.

153 3482 236 3553 ἀλλά
258 3492 407 3572 Μωυσῆς
436 3489 469 3554 ίκ
493 3492 617 3573 Φαραώ
645 3493 698 3554 καὶ
722 3489 918 3572 Αἰγυπτίων
946 3487 1164 3570 έλοτριῦσατσ,

153 3585 299 3666 Χριστὸς
322 3588 357 3652 δὲ
371 3586 405 3652 έκ
421 3588 577 3670 διαβόλου
593 3587 647 3652 καὶ
663 3586 827 3669 δαιμόνων
847 3585 1053 3668 έλυτρωσατσ
1068 3580 1162 3672 ἡμᾶς.

154 3677 237 3748 ἀλλὰ
259 3684 440 3770 πεφόνευκε
462 3689 611 3771 Μωυσῆς
632 3684 740 3766 χώσας
768 3684 801 3749 έν
830 3687 868 3768 τῇ
892 3681 988 3768 ἀμμιμ
1010 3683 1069 3747 τὸν
1093 3677 1165 3748 ἀδι-

112 3784 272 3852 νοκοῦντα
292 3782 349 3848 τὸν
369 3779 541 3848 Ἰουδαῖον·
573 3782 782 3849 τεθανάτωκε
803 3784 856 3846 καὶ
880 3779 1027 3865 Χριστὸς
1051 3781 1165 3863 διάβο-

155 3880 220 3957 λον,
244 3887 475 3964 παραπέμψας
491 3875 590 3946 αὐτὸν
605 3883 643 3967 τῇ
660 3875 802 3965 ἀβῦσσῳ.
836 3877 1001 3966 είρήνευσε
1015 3881 1168 3965 Μιιιυσῆς

153 3975 230 4053 τοῦς
253 3976 310 4039 δῦο
334 3971 496 4062 ἀδελφοῦ-ς
519 3975 618 4043 αὐτοῦ
640 3983 850 4059 μαχομένους,
885 3976 1050 4063 είρηνευσε
1071 3960 1166 4041 iaz&

153 4074 301 4154 Χριστὸς
322 4074 399 4153 τοὺς
421 4075 479 4140 δύο
501 4075 600 4154 λαοῦς
614 4070 723 4153 αὐτοῦ,
748 4074 872 4151 ἑνώσας
887 4078 928 4139 τὰ
944 4070 1082 4157 οὐράνια
1097 4083 1170 4152 τοῖς
