2586 4822
292 820 327 873 τ’.
362 820 559 871 κατεπίττου
576 822 638 871 ατε
656 822 732 870 σου
748 818 954 871 θεοτοκου.
1091 808 1132 871 49

151 964 272 1055 δόκησε,
290 970 330 1037 τὸ
344 966 440 1057 ἄχιον
454 974 585 1055 πνεῦμα
599 971 822 1058 έπεπόθησεν.
852 966 931 1057 αύτη
946 968 1007 1057 γάρ
1022 968 1130 1058 νύμφη

150 1065 190 1129 καὶ
208 1068 337 1149 παστὰς,
371 1072 424 1136 καὶ
454 1068 489 1136 έκ
515 1069 634 1157 ταύτης
663 1066 681 1135 ό
710 1076 850 1158 νυμφίος
877 1068 1133 1153 ἐκπορευόμενος

150 1164 269 1246 Χριστός
288 1165 328 1233 τό
350 1166 555 1251 παρθενικὸν
577 1168 707 1251 ἔνδυμα,
736 1166 818 1233 κατά
839 1168 897 1254 τὴν
918 1170 977 1232 τοῦ
999 1166 1132 1255 προφη·

150 1282 192 1324 του
209 1265 313 1347 Δαβὶδ
332 1265 497 1351 μελῳδίαν
527 1265 580 1331 “h
610 1269 657 1351 τῷ
684 1261 764 1353 ἡλίῳ
793 1266 891 1332 ἔθετο
918 1264 956 1330 τό
979 1263 1132 1352 σκήνωμα

150 1354 235 1440 αύτού,
256 1366 309 1428 καί
331 1358 430 1442 αι’-τὸς
452 1358 497 1442 ιός
519 1373 660 1449 νυμφίος
682 1362 936 1446 ἐκπορευόμενος
954 1361 987 1428 έκ
1002 1364 1156 1429 παστοῦ5

131 1448 253 1524 λσύτσό.”
289 1449 315 1525 τό
339 1469 481 1546 νυμφίου
504 1460 616 1538 πόθος
639 1456 767 1545 ἁγνείας
789 1461 929 1549 πολλῆς·
965 1459 1023 1548 την
1045 1459 1132 1526 ίδίαν

149 1552 240 1643 δούλην
262 1558 390 1644 νύμφην
419 1557 475 1623 καὶ
494 1564 618 1643 μητέρα
641 1554 790 1643 ὁρμᾶται.
835 1552 1020 1643 όΓαβριηλ
1049 1556 1133 1642 πρό·

149 1650 215 1733 ξενος
234 1658 291 1742 της
312 1660 485 1737 παρθένου
505 1655 639 1740 ἐγένετο,
663 1649 802 1738 ούρανοῦ
818 1653 872 1721 καὶ
885 1658 943 1743 γῆς
958 1653 1133 1721 συνάπτων

147 1746 174 1811 τό
190 1759 351 1836 θυμίαμα·
389 1750 427 1840 ἣν
450 1755 621 1838 προφῆται
643 1756 759 1837 σαφῶς
782 1748 976 1836 ὑπέγραψαν
998 1754 1056 1818 τού
1074 1752 1133 1837 χά-

146 1868 193 1923 μου
215 1850 271 1935 τὴν
294 1850 386 1929 τάξιν
414 1850 615 1936 κηρύξαντες,
649 1852 722 1926 πῶς
745 1845 761 1937 ἦ
786 1854 955 1932 παρθένος
983 1844 1174 1934 σύράνιοςίο

148 1938 306 2028 τόρίσκεται
329 1947 448 2033 νύμφη,
473 1942 555 2028 όμού
576 1973 611 2013 τε
634 1950 686 2012 καί
708 1947 821 2035 μητηρ,
847 1942 921 2035 ητύι
942 1947 1008 2033 πρὸ
1028 1947 1133 2032 γάμου

146 2038 214 2125 λύρα
234 2047 383 2129 λαβοῦσα
404 2045 443 2110 τὸ
466 2040 559 2128 άγιον
581 2048 725 2130 πνεῦμα,
755 2054 877 2127 προῖκα
900 2046 936 2111 δὲ
957 2044 1014 2110 τὸν
1036 2039 1134 2129 ούρα-

147 2136 186 2203 νόν
205 2138 284 2225 όμού
307 2145 415 2209 τεκαὶ
440 2141 652 2224 παράδεισον.
697 2142 800 2229 έζητει
822 2132 879 2209 σύν
902 2143 984 2209 ίδείν
1005 2137 1024 2232 ἦ
1048 2167 1134 2226 παρ-

147 2238 224 2318 δίνας
245 2238 283 2305 όν
306 2238 428 2306 ἐπόθει
449 2243 502 2306 καὶ
527 2240 623 2324 ἄλεγε,
647 2243 714 2305 πού
737 2236 755 2305 ὁ
779 2246 919 2328 νυμφίος
940 2229 978 2304 ού
999 2238 1038 2305 τό
1058 2238 1132 2306 κάλ-

147 2329 187 2413 λος
205 2341 324 2419 ποθεῖς
358 2341 424 2403 πού
448 2337 485 2402 τὸ
507 2337 625 2416 κάλλος
646 2338 684 2403 τὸ
706 2341 764 2403 τού
781 2332 872 2426 ἡλίου
889 2337 1175 2422 λαμπρότερον,·15

147 2435 196 2498 πού
214 2438 271 2525 τῆς
293 2434 403 2522 πάσης
432 2432 613 2521 εύμορφίας
638 2431 657 2523 ἡ
688 2430 902 2520 άνεκλάλητσς
931 2435 1028 2514 δόξας
1069 2436 1135 2500 ποῦ

148 2526 175 2591 τὸ
191 2530 346 2617 ἄσβεστον
369 2535 450 2618 φῶς,
481 2531 681 2598 ὃποθοᾶσα
709 2533 810 2618 ζητῶ,·
844 2535 910 2597 ποῦ
940 2529 957 2599 ό
986 2529 1137 2620 ἥλιοςός

116 2616 240 2696 Βόκτῖνα
262 2632 368 2714 ζητεῖς
403 2633 469 2695 ποῦ
491 2633 557 2695 τῶν
581 2633 750 2714 Χερουβὶμ
773 2625 789 2714 ἦ
812 2629 955 2713 κιθάρα,·
982 2632 1049 2695 πού
1070 2631 1135 2694 τῶν

149 2723 276 2812 Σεραφὶμ
298 2727 337 2792 τό
360 2724 536 2813 άκοίμητον
559 2725 649 2810 άμμα
673 2727 835 2809 Χριστός,·
868 2730 935 2792 πού
956 2730 1022 2793 τῶν
1045 2721 1137 2811 άγχέ-

149 2818 196 2887 λων
216 2822 232 2912 ἡ
255 2826 486 2912 προσκύνησις,
511 2852 548 2914 ην
572 2825 590 2889 ό
608 2824 750 2911 Γαβριὴλ
772 2824 927 2912 έμηνυσεχ
960 2827 1027 2889 πού
1044 2818 1177 2907 όμό-κο

149 2940 189 2996 νος
209 2926 260 2988 τοῦ
282 2923 385 3005 μόνου
407 2923 582 3011 μονογενὴς
609 2922 679 3000 υἱὸς
700 2925 759 2987 τοῦ
781 2920 915 3006 πατρὸς,
951 2920 987 2987 ὃν
1010 2917 1027 3011 ἡ
1051 2946 1138 3005 παρ·

149 3018 227 3097 δέους
242 3021 403 3086 ποθοῦσα
424 3024 478 3086 καὶ
494 3024 639 3107 φιλοῦσα
655 3015 737 3101 όμσῦ
753 3046 789 3086 τε
802 3018 857 3086 καὶ
871 3019 1012 3106 ζητοῦσα
1027 3014 1138 3086 άσπά-

147 3110 234 3197 ζεται,·
277 3118 362 3201 πρὸς
391 3116 428 3204 ἣν
458 3113 475 3182 ό
506 3118 649 3206 Γαβριὴλ
686 3127 797 3201 *έχαίρε
829 3122 1081 3203 κεχαριτωμένη,
1120 3111 1138 3179 ό
1211 3122 1217 3129 ’

145 3208 237 3295 κύριος
257 3218 342 3298 μετὰ
356 3218 449 3281 οσύ·”
474 3224 567 3299 χαῖρε
589 3221 835 3299 κεχαριτωμένη,
858 3210 877 3300 ἡ
898 3213 992 3298 χάρις
1015 3210 1032 3302 η
1056 3208 1138 3280 άπέ-

142 3333 246 3391 ραντος
266 3316 324 3400 τῆς
346 3310 440 3397 ἁγίας
462 3318 644 3396 παρθένου.
683 3324 776 3397 χαῖρε
796 3318 1031 3398 κεχαριτωμένη
1055 3312 1178 3381 πολ-25

141 3406 198 3473 λῶν
218 3407 340 3494 ἀρετῶν
370 3416 687 3496 κατακεκοσμημένη,
718 3411 1026 3497 λαμπαδηφορσύσα
1053 3434 1139 3494 παρ-

139 3510 211 3573 θένε
228 3508 266 3573 τό
289 3506 450 3592 ἄσβεστον
472 3510 530 3573 τοῦ
553 3503 646 3594 ἡλίου
668 3506 896 3593 λαμπρότερον
919 3509 1000 3593 φῶς.
1046 3518 1140 3591 χαῖρε

135 3612 365 3692 κεχαριτωμένη
387 3607 446 3670 τοῦ
469 3607 586 3690 νοητοῦ
608 3602 781 3690 ἀγκίστρου
803 3604 841 3670 τὸ
864 3606 986 3689 δέλεαρ.
1029 3604 1063 3671 έν
1086 3607 1138 3670 σοί

104 3701 193 3787 κμάρ
214 3700 385 3787 ἄγκιστρον
409 3697 427 3787 ἡ
450 3702 579 3789 θεότης.
616 3711 710 3789 χαῖρε
731 3708 977 3790 κεχαριτωμένη,
1002 3698 1019 3791 ἡ
1043 3701 1140 3785 νοερὰ

129 3803 190 3888 τῆς
210 3799 304 3887 δόξης
326 3799 480 3885 κιβωτός,
508 3812 602 3884 χαῖρε
628 3806 881 3885 κεχαριτωμένη,
912 3795 931 3887 ἡ
955 3800 1098 3883 στάμνος
1120 3794 1180 3885 ητα

125 3901 240 3983 χρυσῆ,
262 3898 300 3963 τό
324 3894 477 3982 ούρόνισν
499 3898 617 3980 ἔχουσα
637 3897 753 3982 μάννα.
785 3907 878 3983 χαῖρε
892 3901 1137 3983 κεχαριτωμένη,

125 3993 146 4086 ἦ
172 3998 230 4079 την
250 3997 401 4081 γλυκεῖαν
422 3998 480 4082 τῆς
502 3990 639 4063 άεννάου
668 3998 773 4083 πηγῆς
793 3994 870 4074 τούς
892 3996 1062 4081 διψῶντας
1084 3991 1140 4077 δμ-

125 4091 295 4179 πλήσασα.

182 4192 324 4246 Epiphanius.
344 4194 376 4244 lv,
387 4198 406 4237 2.
972 4196 989 4246 4
