2586 4822
490 848 780 899 sainsorensioues.
1082 835 1146 897 403

122 999 282 1058 tradidisse.
323 1000 397 1058 llanc
419 1002 499 1076 Legis
524 1005 705 1077 corruptelam
728 1006 819 1078 potius
843 1021 923 1078 quam
945 1006 1149 1078 interpretatio·

122 1102 190 1142 nem
219 1085 355 1159 appellant
386 1100 430 1146 no
454 1083 543 1147 taso
568 1102 653 1150 nvn
681 1090 769 1161 tepeo
798 1105 870 1162 puae
899 1107 947 1145 ore
974 1092 1080 1146 tradita
1102 1092 1147 1156 sit,

124 1172 250 1245 tantique
274 1172 373 1227 iaciunt
397 1183 426 1229 ut
449 1172 500 1246 ipsi
523 1173 675 1229 Deiverbo
698 1175 902 1247 praeferendam
925 1185 1064 1231 censeant.

213 1259 272 1314 227
295 1274 320 1311 a.
365 1250 580 1332 νομοθετήσας
610 1251 669 1335 γὰρ
702 1252 718 1317 ὃ
752 1251 863 1333 νόμος]
902 1263 1017 1333 August.
1051 1271 1145 1317 conlra

123 1342 218 1396 Adam.
243 1343 304 1399 c..8

213 1429 272 1485 228
288 1444 312 1481 a
344 1418 386 1494 ὡς
400 1417 461 1484 aino
451 1421 637 1502 θαλάττης
651 1420 806 1502 ἀνελθών]
831 1425 1012 1507 Καρχαριάς
1027 1430 1143 1503 Hesycb

118 1521 168 1567 est
196 1502 366 1579 θαλάττιος
394 1504 484 1570 κύων.
529 1514 628 1569 Canem
657 1531 721 1570 vero
750 1515 881 1570 isiarinum
905 1516 1008 1587 viperas
1032 1532 1143 1571 euocare

120 1596 218 1660 sibilis,
242 1606 288 1653 aut
311 1615 371 1652 cum
395 1599 426 1652 iis
450 1615 630 1654 consuescere
656 1616 794 1671 nunquam
816 1599 878 1672 legi.
909 1600 979 1656 Sane
1002 1618 1144 1656 iniuraeuas
1156 1596 1183 1646 ἵῑ

119 1697 136 1736 a
161 1681 334 1754 serpentibus
357 1684 389 1738 ad
412 1685 512 1740 coilum
536 1685 639 1739 evocari
662 1684 740 1739 sibilo
764 1684 856 1740 scribit
880 1684 947 1740 Plio.
966 1687 1014 1748 32,
1033 1687 1060 1743 2.
1103 1684 1155 1740 Ob.

118 1768 153 1821 id
174 1768 257 1822 sibilo
281 1784 299 1822 a
311 1769 512 1839 piscatoribus,
534 1777 670 1840 tanquam
694 1771 877 1841 serpentibus,
900 1773 1014 1824 euocari
1029 1780 1054 1825 et
1070 1772 1143 1842 capi.

120 1847 309 1927 Καρχαρίαν
325 1853 396 1909 aliud
413 1871 569 1926 essequam
586 1871 678 1909 canem
696 1855 748 1909 boc
763 1854 871 1926 quidem
887 1855 947 1909 loco
964 1872 1075 1911 necesse
1092 1864 1142 1910 est.

319 2073 361 2128 llll
386 2072 551 2129 lldEllESlb'
575 2074 675 2130 xxxiv
697 2073 947 2130 llnncbstultlfll.

211 2194 270 2249 232
287 2192 313 2248 b.
345 2186 382 2248 τὰ
405 2187 463 2268 γὰρ
483 2184 662 2260 Ἀναξιλάου
685 2189 820 2268 παίγνια]
847 2195 982 2261 Quaenam
1006 2194 1143 2249 istaludi-

117 2295 166 2334 cra
190 2279 243 2332 sinl
266 2277 379 2350 sparsim
404 2278 502 2333 indicat
526 2279 637 2340 Plinius,
661 2288 691 2333 ut
715 2282 763 2342 35,
778 2280 926 2342 l5.‚Lusc't
942 2288 966 2335 et
982 2278 1141 2334 Anaxilaus

117 2380 152 2418 eo
182 2363 228 2424 lde
257 2363 387 2435 sulphure
416 2363 546 2435 loquitur)
570 2365 746 2418 cundensio
769 2366 965 2428 catirenaco,
991 2381 1141 2436 praecoque

116 2450 246 2503 subiecta
269 2448 459 2518 circunsereus
483 2450 690 2503 exardescentis
706 2465 873 2521 repercussu
884 2450 1024 2520 pallorem
1040 2451 1139 2512 diram,

118 2535 194 2588 velut
217 2534 418 2603 defunctorum,
442 2534 603 2603 effundente
625 2534 770 2588 conaica'is.
801 2534 915 2606 Scripsit
937 2534 999 2596 iste,
1023 2534 1074 2589 nisi
1091 2534 1141 2590 ial-

117 2618 170 2681 lor,
194 2618 227 2672 de
250 2618 353 2673 arcanis
376 2617 536 2691 quibusdam
560 2628 671 2672 naturae
694 2634 724 2672 ac
748 2618 821 2672 miris
835 2616 975 2690 operibus,
999 2626 1029 2673 ut
1045 2636 1075 2672 en
1092 2636 1141 2674 co·

116 2704 180 2758 dem
204 2702 290 2758 Plinio
312 2703 375 2757 licet
398 2702 526 2796 colligere
555 2706 600 2767 19,
615 2707 638 2758 l.
663 2704 712 2765 28,
727 2706 771 2759 ll.
797 2705 905 2767 3310.
937 2702 1005 2770 Quin
1029 2710 1056 2757 et
1078 2720 1141 2758 sae·

117 2789 180 2861 pius
202 2787 273 2843 libro
297 2788 382 2860 primo
407 2788 432 2842 in
455 2789 607 2843 nullorum
631 2787 750 2843 indiculo
773 2788 880 2843 citatur

207 2875 308 2930 ease.
338 2864 469 2947 ποτήρια
491 2865 563 2925 οἱνιιι
592 2865 773 2945 κεκραμένα]
812 2873 934 2928 lotorem
963 2872 1065 2927 lrenaei
1094 2872 1140 2927 ln-

119 2967 267 3030 tciprctem
296 2966 406 3013 secutus
435 2929 622 3033 εὐχαριστεῖν
650 2958 749 3030 gratias
778 2975 872 3031 agere,
902 2974 956 3012 non
979 2957 1139 3012 consecrabe

117 3044 212 3099 Latine
235 3042 347 3098 reddidi.
380 3042 537 3114 Quanquam
560 3042 633 3098 ille
627 3060 685 3114 ipse
704 3043 840 3115 lnterpres
864 3059 958 3115 parum
981 3043 1137 3097 commode:

118 3129 175 3182 Pro
198 3129 288 3183 calice
309 3129 382 3182 enim
403 3129 469 3182 vino
490 3129 577 3182 mictu
598 3130 705 3200 fingens
727 3144 757 3182 ae
778 3128 888 3198 gratias
910 3143 1004 3197 agere.
1040 3126 1139 3183 Nostro

115 3223 209 3268 autem
233 3230 314 3268 sensu
340 3221 400 3285 post
424 3207 594 3286 κεκραμένα
615 3213 775 3285 apponenda
798 3212 934 3268 distinctio
957 3221 1008 3267 est.
1046 3211 1139 3284 Neque

116 3315 182 3353 vero
206 3298 272 3354 llillii
296 3298 363 3353 ratio
387 3298 475 3352 minus
497 3297 596 3370 placet,
620 3302 666 3370 qui
689 3289 877 3372 εὐχαριστεῖν
891 3296 1067 3370 consecrandi
1083 3297 1140 3370 sig-

116 3383 301 3439 nificationem
332 3380 432 3438 habore
455 3383 507 3439 hoc
530 3382 589 3438 loco
612 3391 697 3455 putat.
743 3382 807 3437 Nam
831 3391 858 3437 et
880 3398 910 3437 ea
933 3382 1044 3437 notione
1067 3382 1138 3453 apud

116 3469 251 3524 lustinum
275 3468 301 3522 in
317 3467 421 3540 Apol?
439 3468 555 3523 sumitur
571 3468 669 3540 insigni
685 3467 730 3523 illo
745 3468 772 3522 in
789 3467 859 3530 loco,
883 3466 931 3541 qni
946 3466 1070 3522 llaeresis
1086 3467 1139 3521 lio-

112 3554 227 3608 dicrnae
250 3552 371 3625 iugulum
394 3554 478 3626 petit,
511 3543 796 3627 Εοχαριστήσαντος
817 3545 851 3607 di
873 3552 926 3607 τοῦ
948 3551 1141 3651 προεστῶτος

113 3634 166 3692 καὶ
191 3629 463 3714 επεοιρημήσαντος
484 3631 598 3703 παντὸς
621 3639 676 3693 τοῦ
698 3635 790 3705 λαοῦ,
813 3629 841 3691 oi
864 3628 1042 3709 καλοομενοι
1066 3628 1137 3709 παρ’

110 3716 191 3798 ἡμῖν
211 3716 360 3779 Διάκονοι
388 3712 563 3779 διδόασιν
550 3716 669 3820 εκάοτῳ
692 3724 753 3780 τῶν
774 3713 934 3797 παρόντιον
954 3719 1140 3793 μεταλαβεῖν

111 3802 177 3864 απὸ
208 3809 265 3863 τοῦ
293 3798 616 3908 εὐχαριστηθίντος’
597 3826 710 3881 αρτοιι,
740 3803 789 3862 καὶ
813 3824 911 3873 οινου,
940 3800 991 3861 καλ
1013 3796 1138 3873 ὕδατος,

111 3888 164 3948 καὶ
196 3894 263 3959 τοῖς
283 3894 432 3964 παροῦσιν
454 3885 654 3969 αποφέροοσι.
698 3890 747 3947 καὶ
769 3884 788 3965 ἡ
811 3882 914 3989 τροφὴ
937 3881 1013 3965 αοτὴ
1036 3888 1138 3945 καλει-

111 3997 164 4035 ται
188 3969 260 4075 παρ’
283 3969 357 4051 ἡμῖν
381 3968 577 4051 Εὐχαριστία
608 3977 640 4033 Et
662 3977 742 4051 paulo
766 3985 842 4049 post:
870 3968 916 4033 Οὐ
938 3970 997 4051 γὰρ
1016 3967 1138 4041 uicum·

111 4052 210 4120 νὸν”
189 4078 308 4162 αρτον,
324 4053 395 4118 οὐδε
417 4054 518 4119 κοινὸν
539 4054 624 4134 πόμα
647 4065 746 4118 ταῦτα
768 4051 981 4134 λαμβάνομεν,
1012 4050 1109 4115 ιλλλΗ
1101 4077 1137 4114 ον

112 4142 232 4225 τρόπον
261 4138 313 4203 dra
341 4140 432 4224 λόγου
458 4142 539 4204 Θεοῦ
564 4143 803 4224 σαρκοποιηθεις
822 4138 940 4220 Ἰησοῦς
960 4135 1137 4222 Χριστόςὸ
