2586 4822
216 1651 398 1749 LIBRI
424 1652 513 1749 DE
540 1654 638 1750 XII
665 1653 926 1752 GEMMIS

388 1818 540 1886 vanam
562 1819 759 1898 unuuouu.

468 2026 679 2037 .....-——

267 2190 452 2253 annuntiato
475 2196 529 2252 xiv
551 2195 717 2253 uuuttrtct
740 2197 869 2254 MAXibiO

411 2280 555 2338 uulnerat
578 2281 736 2338 AUGUSTO

216 2365 345 2423 miuus
368 2366 573 2424 FRANGiSCUS
596 2367 774 2424 reuolutus
798 2368 828 2424 u.
847 2368 876 2424 Ι).
893 2368 924 2425 u.

152 2501 226 2571 Quod
247 2501 317 2568 felix,
340 2504 457 2560 faustum
480 2502 701 2576 fortunatumque
723 2503 767 2570 sit,
791 2521 825 2560 eu
847 2505 945 2560 iteruin
967 2504 1000 2560 ad
1017 2514 1082 2561 tuos

88 2583 148 2652 pedes
168 2587 323 2660 provolvor,
350 2587 505 2644 beatissime
528 2587 616 2649 Pater,
638 2588 760 2644 libellum
782 2604 872 2643 meum
895 2589 996 2643 numini
1020 2606 1080 2643 nra-

86 2666 206 2745 iestatique
229 2681 290 2728 tuae
313 2673 496 2730 dedicaturus.
527 2672 654 2728 Continet
669 2673 712 2728 bie
728 2673 799 2729 iiaud
814 2672 953 2746 inelegans
969 2672 996 2729 S.
1013 2672 1080 2747 Epi-

82 2753 162 2824 pbanii,
185 2756 326 2813 Salaminis
347 2757 375 2813 in
398 2757 485 2832 Cypro
508 2756 638 2830 episcopi,
660 2757 702 2812 De
719 2752 840 2813 Gemmii
862 2759 1005 2813 duodecim
1020 2758 1080 2815 ua·

80 2840 177 2897 donaba
191 2839 327 2898 Aaronioi
349 2841 519 2915 opusculum,
543 2842 616 2917 qtiod
639 2859 693 2898 uou
716 2842 804 2898 solum
827 2860 885 2899 mea
908 2860 990 2916 opera
1005 2859 1080 2900 nuno

75 2926 177 2996 primum
201 2926 298 2991 editur,
322 2927 370 2983 sed
392 2928 471 2983 etiam
485 2926 553 2984 meis
569 2927 843 2984 animadversionibus
859 2928 986 3001 varioque
1001 2945 1079 2984 com-

72 3012 194 3068 mentario
216 3011 376 3069 illustratur.
407 3012 492 3068 Porro
508 3013 559 3068 etsi
575 3011 686 3068 verebar
701 3029 735 3069 ne
750 3021 853 3069 temere
869 3012 926 3068 iieri
943 3014 1081 3070 videretur
1097 3056 1103 3066 .

10 3118 13 3133 =
69 3095 96 3151 ad
117 3106 145 3152 te
167 3113 230 3152 cum
252 3098 305 3153 hoe
326 3097 488 3154 munusculo
511 3097 654 3161 accedere,
679 3108 768 3154 tamen
791 3097 932 3154 clementia
955 3098 998 3154 illa
1022 3109 1077 3163 tua,

67 3199 113 3255 pua
135 3180 364 3239 Exercitationes
392 3184 426 3238 de
448 3182 573 3238 Romano
597 3180 630 3238 D.
645 3182 723 3238 Petri
743 3184 845 3238 itinere
867 3191 892 3238 et
915 3185 1081 3259 epiecopatat

61 3266 200 3340 excepisti,
223 3275 324 3342 tuaque
346 3262 390 3324 iiia
412 3266 490 3343 plane
513 3266 656 3341 singularis
677 3266 840 3333 humanitas,
864 3283 917 3343 qua

352 3366 415 3416 bieae
434 3381 488 3415 cese
506 3366 596 3431 aliquid
613 3374 697 3433 putere
716 3381 789 3428 nugae

56 3454 170 3509 minime
199 3471 228 3508 es
249 3453 425 3527 dedignatus,
455 3455 593 3510 timentem
616 3471 659 3510 me
682 3454 781 3519 erexit,
810 3471 861 3511 nee
882 3472 960 3528 passa
983 3463 1025 3511 est
1048 3463 1081 3511 ut

55 3539 130 3594 bane
154 3539 333 3594 venerationis
354 3548 383 3595 et
405 3537 592 3596 observantiae
613 3555 689 3595 meae
711 3538 935 3613 significationem
950 3539 999 3596 tibi
1014 3540 1080 3596 dure

52 3624 316 3698 praetermitterem.
346 3622 489 3679 Praeterea
512 3640 543 3681 er
566 3640 600 3680 eo
621 3624 702 3680 etiam
724 3624 870 3681 animosior
891 3625 924 3681 ad
946 3634 974 3681 te
989 3625 1078 3689 venio,

54 3707 133 3781 quod
164 3707 330 3773 existimem,
357 3705 477 3764 libellum
500 3707 549 3764 tibi
571 3725 614 3764 rae
635 3709 761 3773 sistere,¹
778 3709 842 3765 lieet
864 3724 896 3765 er
917 3711 950 3765 iis
972 3725 1041 3783 quiae
1062 3723 1079 3763 a

52 3808 101 3849 me
125 3793 226 3866 scripta
249 3792 340 3856 babet,
365 3792 488 3849 fortassis
509 3792 581 3849 nulia
605 3794 709 3849 ratione
731 3793 982 3859 commendandum,
1007 3793 1080 3848 haud

54 3888 135 3934 certe
157 3877 296 3951 infinum
319 3884 358 3942 te,
380 3877 453 3950 quod
474 3878 637 3934 nncdsaiau
657 3894 745 3950 aeque
765 3894 797 3935 ao
818 3879 965 3936 doctissimi
983 3877 1081 3934 Eccie-

54 3963 114 4018 siae
129 3961 220 4021 Patris
239 3978 311 4036 opus
326 3961 459 4027 exhibeat,
483 3973 511 4020 et
525 3962 591 4018 iilud
606 3980 620 4019 a
635 3952 772 4019 uteribus
786 3963 975 4038 scriptoribus,
998 3977 1081 4035 prae·-

53 4048 139 4122 cipue
167 4062 231 4104 vena
253 4046 418 4121 Hieronymo
446 4063 501 4104 non
524 4047 627 4122 ordgari
648 4047 881 4105 commendatione
902 4047 1080 4106 celebratum.

54 4131 130 4201 Quid
152 4142 243 4191 auten
265 4131 339 4206 quod
362 4148 394 4190 ex
418 4131 541 4191 tatone
561 4131 726 4190 bibliotheca
748 4142 856 4191 eratum
876 4130 937 4189 esti
966 4131 1085 4186 beorum
