2586 4822
10 39 1216 298 a

332 847 372 899 DE
390 847 540 898 nensunts
558 847 595 898 El*
613 848 810 901 renutrimus.
1038 837 1077 898 57

61 1005 172 1060 ineunte
196 1003 269 1059 illius
291 1004 406 1077 lmperio
429 1003 533 1067 accidit,
558 1011 588 1058 ut
610 1012 685 1060 reete
707 1003 827 1078 Scaliger
849 1006 875 1060 in
896 1007 1078 1065 Animadvers.

61 1089 91 1144 ad
112 1105 137 1144 a.
156 1089 240 1146 2124
265 1088 399 1152 observat,
423 1090 529 1161 quando
552 1087 711 1144 seditionem
735 1089 914 1155 concitarunt,
940 1108 1009 1165 quae
1031 1110 1081 1168 per

61 1173 184 1229 llartinm
200 1173 356 1229 Turbonem
380 1190 505 1247 repressa
528 1173 640 1229 ridetur.
671 1174 811 1230 Posterior
833 1185 932 1240 motus,
955 1176 1079 1250 idemque

60 1259 217 1314 diuturnior
243 1266 270 1315 et
293 1258 451 1314 horribilior
472 1258 497 1313 iu
526 1261 561 1315 16
586 1258 693 1314 Adriani
716 1260 856 1315 consertor
877 1261 904 1315 in
926 1260 1079 1318 Eusebiano

61 1344 206 1401 Chronico.
239 1344 320 1399 Cuius
343 1343 442 1399 author
466 1341 613 1407 Cueheltas,
640 1344 695 1398 sive
718 1344 902 1401 llareoclrebas
925 1345 994 1402 latro
1017 1347 1080 1420 qui-

60 1428 118 1484 dam
141 1428 240 1484 extitit.
285 1428 413 1484 Caussam
435 1427 499 1484 belli
522 1429 680 1501 Spartianus
704 1430 787 1485 luisse
809 1430 883 1494 dicit,
906 1431 980 1502 quod
1000 1441 1079 1487 ceto·

59 1515 164 1569 lentur
185 1515 318 1568 mutitare
338 1515 484 1584 genitalia,
508 1513 658 1586 xiphilinus
681 1531 696 1569 e
719 1514 812 1578 bione,
835 1514 908 1586 quod
931 1532 991 1572 eum
1015 1517 1130 1577 llio-all

57 1598 224 1671 rosolymam
246 1598 439 1661 instaurasset,
463 1597 626 1668 Aeliamque
649 1600 830 1662 nominasset,
858 1600 925 1654 lovis
950 1601 1080 1673 templum

59 1685 83 1739 in
107 1682 207 1740 eodem
228 1682 289 1739 loeo
312 1682 441 1747 condidit,
466 1682 512 1738 ubi
528 1683 667 1756 Templum
691 1684 754 1740 olim
777 1693 899 1740 steterat.
928 1685 1002 1742 Unde
1017 1703 1082 1759 gra·

58 1770 127 1824 riter
149 1768 280 1825 commoti
303 1767 393 1823 ludaei
416 1776 492 1824 atrox
515 1767 616 1824 bellum
640 1770 799 1833 excitarunt,
823 1770 900 1833 duce,
923 1771 963 1826 nti
979 1772 1080 1827 dietum

60 1863 109 1917 est,
135 1851 324 1910 llareoeheba:
348 1853 422 1926 quod
445 1853 564 1908 lustinus
588 1853 614 1908 in
635 1854 749 1927 Apolog.
774 1862 898 1910 testatur.
929 1855 996 1911 lluie
1018 1874 1080 1912 rere

59 1941 139 1996 linem
169 1939 328 2011 impositum
356 1936 451 1994 scribit
479 1937 612 1993 Eusebius
641 1955 712 1994 anna
735 1938 842 1994 Adriani
870 1941 922 2017 18,
952 1941 1024 2012 quotl
1053 1949 1082 1998 et

60 2025 127 2080 libro
151 2029 169 2081 A
200 2023 268 2079 llist.
292 2026 387 2097 eap.6
417 2040 448 2078 en
471 2023 597 2079 Aristone
619 2023 726 2079 Pellaeo
756 2033 856 2079 narrat.
900 2026 982 2097 Atqui
1009 2043 1080 2082 anno

62 2110 103 2165 illo
131 2112 167 2167 te
186 2110 311 2182 imperat.
328 2108 436 2164 Adriani
458 2098 595 2180 dxptu‘our
618 2101 672 2163 111
693 2102 827 2180 πόλεμον
848 2109 938 2165 Aristo
961 2112 1080 2183 seripse-

63 2206 107 2250 rat.
139 2195 205 2249 ldeo
228 2191 280 2248 snb
295 2193 403 2249 Adriani
425 2192 506 2248 linem
529 2193 642 2248 desiisse
664 2202 742 2267 putat
757 2193 885 2268 Scaliger,
910 2213 998 2267 neque
1016 2196 1080 2251 dnm

65 2283 97 2338 te
120 2297 194 2336 enno
219 2279 357 2334 terminari
379 2278 511 2352 potuisse.
548 2278 601 2334 Sed
624 2278 706 2335 sutilis
730 2287 772 2335 est
794 2296 824 2335 ae
845 2279 978 2335 levissima
1001 2281 1079 2336 ratio.

64 2365 122 2420 lam
145 2363 212 2420 belli
233 2363 273 2418 vis
296 2363 323 2418 in
346 2363 470 2420 ultimum
493 2380 593 2419 annum
610 2363 765 2419 incumbere
782 2364 879 2437 potuit,
903 2382 964 2420 euru
980 2365 1081 2421 bethe-

66 2467 114 2505 rem
136 2449 248 2506 obsedit
262 2447 403 2512 Adrianus,
428 2465 480 2521 qua
503 2449 529 2503 in
552 2455 715 2521 potestatem
731 2448 849 2511 redacta,
872 2450 969 2504 occisis
985 2450 1080 2505 laetie-

67 2536 100 2589 nis
121 2535 249 2596 ducibus,
274 2531 374 2588 bellurn
397 2543 439 2589 est
462 2550 542 2589 omne
558 2534 728 2589 restinctum.
758 2532 816 2588 llixi
831 2533 1081 2607 Hierosolymorum

68 2607 282 2676 instaurationem
313 2617 505 2674 nonnullorum
535 2635 566 2673 ex
589 2619 723 2674 sententia
746 2617 852 2672 ludaiea
874 2618 926 2673 ista
948 2619 1080 2675 seditione

10 2746 26 2771 :-
68 2706 240 2776 posteriorem
264 2704 362 2765 luisse‚
388 2703 499 2758 Dionem
523 2719 585 2757 vero
608 2711 686 2758 antea
710 2703 856 2775 contigisse
878 2702 1006 2759 scribere.
1052 2704 1080 2759 Si

10 2776 12 2797 ²
69 2800 120 2846 arte
142 2790 260 2845 iudaeus
282 2804 454 2861 compressos
477 2805 508 2843 ae
530 2786 688 2860 proiligatos
710 2787 814 2852 accidit,
838 2789 949 2863 hoeflest
964 2787 1015 2844 sub
1030 2806 1081 2845 an-

10 2872 12 2885 '
69 2891 122 2931 rnen
146 2875 256 2931 Adriani
282 2875 330 2937 16,
353 2889 415 2928 curu
439 2872 474 2928 sit
496 2889 583 2929 antuus
607 2873 706 2928 Christi
732 2874 790 2930 132
813 2873 854 2929 vel
882 2876 948 2937 133,
972 2873 1005 2928 ab
1029 2874 1082 2930 Ur-

69 2957 100 3014 bis
121 2960 238 3021 excidio.
263 2959 334 3032 quod
357 2973 429 3012 anno
448 2957 603 3030 Vespasiani
625 2957 745 3014 secundo
768 2958 890 3030 contigit,
916 2958 1014 3014 Christi
1031 2949 1080 3023 eti,

68 3046 121 3101 anni
143 3053 211 3100 sunt
233 3044 317 3099 ferme
341 3045 390 3101 63.
437 3042 548 3098 lluobns
572 3059 651 3106 vero,
683 3041 800 3098 tribusve
823 3042 915 3116 plures
938 3053 1034 3106 erunt,
1058 3044 1081 3100 si

68 3129 135 3185 inito
164 3129 237 3185 bello
268 3127 362 3184 urbem
384 3126 516 3183 Adrianus
539 3127 670 3183 excitarit.
715 3127 846 3196 Orroeirca
870 3145 923 3183 non
946 3129 1011 3184 satis
1034 3145 1082 3184 ex-

68 3225 134 3271 actus
157 3223 202 3271 est
218 3212 360 3287 llpiphanii
382 3228 522 3275 nanterus,
546 3213 592 3285 qui
609 3215 647 3268 47
671 3228 757 3268 annos
779 3211 812 3268 ab
836 3211 881 3268 illo
905 3212 1082 3268 1111111111-

68 3299 128 3372 igit.
157 3301 318 3373 Quanquam
342 3314 396 3352 non
416 3297 571 3370 Vespasiani
587 3299 614 3360 2,
638 3296 686 3352 sed
702 3297 763 3361 Viti,
788 3306 967 3371 expugnatam
983 3296 1082 3354 Urhern

39 3442 46 3456 ⁸
69 3386 203 3449 existimat,
229 3401 243 3438 a
267 3400 321 3456 qno
344 3382 376 3437 ad
401 3392 506 3456 tempus
530 3382 604 3447 illud,
628 3393 683 3455 quo
707 3381 819 3438 eandem
842 3382 932 3437 denuo
949 3383 1081 3439 Adrianus

68 3471 158 3535 erexit,
187 3469 232 3524 vel
263 3468 296 3523 ad
323 3467 413 3523 loenrn
444 3469 530 3540 ipsum
561 3467 696 3539 pervenit,
726 3467 799 3540 quod
821 3467 954 3523 decimum
977 3476 1081 3524 sertum

67 3557 163 3630 aliquot
192 3553 272 3609 annis
300 3553 461 3608 antecedere
491 3553 593 3625 potuit,
624 3552 685 3607 aursi
711 3551 772 3625 plus
796 3552 884 3607 minna
908 3556 945 3610 47
971 3552 1082 3626 reperiri

66 3650 185 3710 possunt.

150 3728 210 3783 tte
227 3722 254 3778 b.
279 3713 318 3795 ἣν
332 3714 519 3797 κατέστρεψε
535 3715 638 3792 Τίτος]
662 3720 784 3777 Valsum:
802 3738 862 3777 nam
879 3722 904 3777 id
920 3721 1081 3795 Vespasiano

64 3810 211 3884 inperante
232 3806 357 3880 contigit.

143 3890 196 3950 aral
225 3877 296 3969 εὗρε
323 3884 379 3965 τὴν
406 3884 494 3947 πόλιν
521 3889 636 3962 πᾶσαν]
680 3889 806 3965 Plerique
829 3901 950 3948 veterum
973 3891 1083 3946 Patrem

10 3962 12 3969 ¹
64 3979 245 4054 hierosolyma
269 3983 373 4049 negant
393 3975 514 4031 funditus
537 3975 627 4040 a'lito
651 3973 788 4042 subversa,
811 3979 858 4034 sed
874 3975 988 4032 mediam
1003 3972 1081 4031 Urbis

65 4077 163 4136 partem
194 4062 302 4122 excidio
331 4061 499 4133 superfuisse
521 4059 629 4124 dieunt,
658 4077 738 4134 quam
762 4070 856 4134 postea
879 4061 937 4116 solo
960 4058 1083 4134 aequavit

63 4153 198 4209 1111111111.
245 4149 314 4205 ldee
344 4143 386 4201 bis
415 4160 534 4201 eversam
562 4144 633 4200 illam
655 4155 790 4203 asserunt.
834 4147 872 4202 lte
895 4142 1026 4202 Eusebius
1048 4145 1082 4202 tle
