2586 4822
318 1646 477 1721 turn
516 1650 551 1721 s,
593 1602 915 1721 urrunnun

540 1839 697 1878 tuerere

397 1968 427 2018 R.
446 1971 474 2019 P.
494 1968 572 2019 DAN.
591 1968 837 2020 PAPEBROOHIO.

177 2117 237 2163 (Acts
251 2122 376 2160 sanctornm
390 2120 498 2167 Bollsnd..
513 2122 564 2162 lletl
578 2125 624 2162 tom
634 2121 674 2167 111,
689 2121 724 2161 dle
736 2121 765 2165 tt.
781 2133 801 2170 p.
813 2120 845 2161 36.
874 2120 978 2166 Venetus,
995 2121 1062 2171 1738.)

520 2310 721 2321 -a—————-

543 2498 650 2555 nuent
672 2499 692 2555 l.

125 2603 206 2671 Cuius
228 2619 306 2690 opud
323 2615 448 2674 &oecos
471 2626 496 2672 et
511 2617 639 2673 Latinos.
667 2616 729 2672 Vita
750 2618 801 2672 sud
824 2617 951 2673 mentito
974 2620 1126 2690 discipulo-

427 2704 490 2758 ruin
511 2703 621 2757 nomine
644 2703 804 2775 compilato.

199 2859 223 2911 l.
268 2855 380 2911 Salamis
403 2854 481 2928 Cypri
511 2856 584 2924 (nem
613 2854 662 2910 elin
684 2855 765 2911 liuius
787 2855 903 2911 nominis
925 2864 968 2911 est
990 2854 1126 2911 insuluet

128 2931 179 2992 uls
203 2941 273 2996 cirea
294 2940 421 3008 Atticum)
445 2940 601 2995 Constantia
623 2939 764 2995 dicebatur
785 2939 939 3013 Hieronymi
962 2949 1064 3003 aetolo,
1095 2949 1125 2996 ut

129 3015 156 3072 eit
172 3021 223 3096 ipse
245 3026 273 3081 in
296 3025 440 3098 epitaphio
455 3025 565 3081 Paulae
587 3024 667 3097 ep'nt.
685 3025 734 3082 27.
764 3024 842 3080 Nune
863 3034 1009 3099 utrumque
1026 3024 1124 3080 n'omeu

128 3098 196 3173 tuin,
218 3118 246 3166 et
268 3110 397 3166 duntaxat
419 3109 577 3183 oppidulum
599 3110 654 3165 lere
677 3108 796 3165 dirutum
818 3119 953 3183 superest,
976 3108 1049 3183 quod
1072 3109 1125 3165 Ve-

130 3190 195 3249 ltrem
209 3195 397 3268 l'umegustem
420 3204 517 3251 vocant
538 3195 651 3259 incolae,
675 3203 819 3267 postquam
834 3211 867 3251 ex
883 3195 942 3250 eius
957 3195 1041 3250 ruinis
1056 3211 1125 3250 notu

128 3280 232 3343 urent,
259 3296 330 3354 quse
352 3281 441 3336 edlruo
463 3280 536 3353 regin
556 3288 609 3365 pst,
632 3296 718 3352 regno
740 3278 804 3335 lieet
825 3279 959 3335 exstineto
979 3278 1031 3335 sub
1053 3279 1124 3335 l'ur-

129 3369 199 3419 ttmn
222 3365 373 3438 tyrannide.
403 3365 502 3421 Eadem
525 3364 683 3437 metropolis
706 3364 809 3420 insulae
832 3364 916 3420 totius
938 3364 997 3429 luit,
1020 3373 1048 3420 et
1063 3380 1126 3420 see-

128 3443 173 3502 nto
194 3449 292 3505 Christi
321 3459 417 3522 qiinrto
446 3450 603 3523 episcopum
632 3447 727 3504 habuit
749 3450 797 3505 “S.
821 3448 1014 3522 Epiphanium‚
1043 3466 1124 3521 quem

128 3540 168 3586 non
186 3533 273 3590 solum
296 3535 365 3590 vitoe
386 3536 555 3591 conversatio
578 3535 709 3590 illustrem
732 3533 767 3589 oli
790 3534 903 3590 virtutes
925 3533 1055 3599 reddidit,
1078 3552 1126 3589 rc-

125 3626 171 3672 rtun
191 3620 271 3674 etiam
295 3619 437 3683 miracula,
466 3636 536 3692 quae
558 3619 645 3683 Deus,
669 3619 772 3675 honore
795 3619 869 3674 illum
891 3618 998 3674 nlfieere
1021 3618 1124 3681 voleus,

124 3696 169 3771 ipso
191 3704 278 3760 adhuc
299 3705 447 3778 superstite
469 3712 495 3760 et
518 3713 581 3778 post
602 3702 706 3759 obitum
728 3703 788 3759 eins
810 3703 901 3760 edidit.
931 3703 1037 3760 llortuo
1053 3703 1125 3758 enim

121 3780 165 3855 llo.
187 3787 214 3844 id
235 3789 309 3862 quod
332 3789 428 3845 viventi
450 3806 505 3846 non
527 3789 687 3862 contigeret,
709 3790 743 3845 ed
765 3789 919 3862 sepulerum
940 3788 997 3844 eins
1013 3789 1125 3844 doemo-

119 3886 158 3928 Μ
184 3873 332 3930 etiamnum
359 3875 461 3948 luguri,
491 3883 518 3930 et
539 3873 627 3929 morbi
648 3872 757 3948 quidum
779 3874 868 3930 cururi
889 3873 1041 3929 dicuntur''.
1084 3873 1125 3928 tn

116 3953 154 4015 til.
170 3958 202 4015 tt
225 3960 301 4015 Hos.
322 3961 435 4025 coelen,
457 3975 516 4032 cup.
534 3960 571 4017 27
596 3958 718 4015 Hermies
740 3958 923 4022 Soromenus,
956 3958 1016 4031 ipso
1047 3956 1124 4013 euius

112 4043 239 4118 principio
261 4044 307 4101 ille
328 4043 396 4101 obiit
418 4044 527 4101 saeculo
548 4044 645 4117 quinto
667 4042 779 4099 florens.
823 4043 890 4099 lline
912 4042 1026 4107 leolum,
1053 4041 1125 4097 sieut

110 4130 228 4204 synodus
251 4129 367 4187 llieeeue
381 4130 414 4195 ll,
437 4129 546 4187 saeculo
559 4128 657 4186 Christi
678 4137 773 4186 ootero
795 4127 939 4192 celebrate,
962 4135 1014 4183 eet.
1032 4128 1049 4184 6
1072 4125 1128 4181 do·
