2586 4822
480 838 771 891 comminatorius.
857 902 861 917 1
1077 822 1138 887 ιιι

112 1012 132 1053 a
155 994 214 1053 Kal.
229 995 286 1052 lan.
301 994 364 1052 anni
378 994 473 1052 Iuliani
495 995 635 1069 sequentis
650 993 796 1052 Neomenia
811 993 893 1051 lusan
907 996 972 1069 Apr.
989 994 1018 1060 2,
1040 992 1090 1051 lor.
1108 998 1137 1052 4.

112 1080 184 1138 Erat
203 1096 291 1137 annus
313 1079 426 1155 simplex
449 1078 610 1137 ordinarius.
649 1080 736 1154 lgitur
755 1078 879 1143 lebetis,
908 1078 1008 1136 siveX
1036 1079 1138 1136 mensis

112 1166 178 1223 iniit
199 1164 262 1222 llec.
278 1165 364 1221 lllllll.
402 1165 478 1222 Unde
499 1165 614 1221 Ianuarii
636 1164 657 1219 V
679 1163 784 1220 'lebetli
806 1164 864 1220 dics
886 1171 944 1221 erat
965 1162 1037 1229 lllll,
1060 1173 1137 1220 sexto

111 1268 182 1309 vcro
204 1250 319 1307 Ianuarii
333 1249 398 1307 lllll.
428 1250 458 1306 ln
480 1266 535 1323 quo
556 1249 639 1314 vides,
661 1249 688 1305 id
711 1248 785 1323 quod
804 1248 952 1305 methodus
973 1257 1067 1305 nostra
1090 1265 1137 1305 re-

112 1336 261 1411 promittit,
283 1334 395 1391 biduum
418 1337 474 1393 lero
496 1336 548 1390 iam
570 1334 732 1408 anticipasse
742 1333 916 1390 Neomenium
939 1334 1051 1397 civilem,
1075 1350 1137 1390 cum

112 1421 170 1478 iam
200 1420 307 1476 dimidia
329 1419 461 1478 Periodus
490 1419 648 1475 effluxisset.
691 1418 758 1474 llam
780 1435 795 1474 a
815 1418 893 1475 xxvt
917 1419 980 1475 uec.
1004 1420 1038 1476 ad
1059 1418 1137 1475 xxtv
1194 1477 1197 1483 .

113 1505 286 1563 retrocessit.
331 1505 419 1574 Quare
442 1504 485 1561 rel
507 1504 551 1561 lric
573 1520 644 1561 unus
666 1502 743 1560 locus
766 1503 885 1560 ostendit
907 1520 958 1560 nos
978 1502 1041 1560 Per.
1063 1503 1136 1560 illam

112 1590 151 1647 ad
172 1589 271 1663 Epiph.
293 1590 413 1647 rationes
435 1581 651 1663 εὐστοχώτατοι
672 1588 828 1663 digessisse.
865 1588 930 1647 Vide
951 1588 1020 1645 inira
1042 1589 1137 1647 inilia

112 1674 236 1732 lliatriba
257 1674 291 1730 de
313 1675 442 1731 Passione
464 1673 580 1730 llomiui.

203 1753 281 1815 κατὰ
288 1750 474 1834 Ἀθηναίους
484 1755 780 1836 Μαιμακτηριῶνος]
796 1759 949 1815 Ianuarium
957 1758 1137 1816 Athenienses

112 1842 368 1902 Haemacteriouem
390 1852 531 1901 vocarunt.
561 1843 640 1913 Quod
662 1861 696 1900 ne
719 1845 779 1916 quis
801 1860 894 1900 errore
915 1843 1017 1900 librarii
1038 1843 1137 1900 lactum

112 1938 207 2005 putet,
230 1930 378 1985 affirmatur
400 1946 433 1986 ex
455 1945 505 1993 eo,
528 1928 602 2003 quod
624 1930 705 2003 paulo
727 1937 791 2003 post
811 1928 942 1986 Novemb.
964 1927 1138 2002 lletagitnio-

112 2032 181 2072 nem
208 2014 334 2088 appellat.
377 2014 427 2071 list
448 2023 539 2071 eutem
559 2013 605 2070 hic
626 2013 703 2071 locus
725 2014 758 2069 ad
782 2014 962 2079 tructanni,
985 2012 1137 2070 cuiusmodi

113 2116 166 2175 per
188 2098 233 2155 illa
255 2108 378 2173 tempora
400 2099 467 2163 luit,
495 2116 527 2156 ac
547 2099 683 2156 mensium
706 2098 913 2173 dispositionem
934 2098 1138 2172 intelligendum

113 2183 306 2241 observatione
328 2183 510 2257 dignissimus.
550 2183 671 2240 Primum
693 2184 765 2241 enim
787 2184 909 2241 Solarem
931 2200 1031 2240 annum
1052 2182 1138 2239 luisse

113 2268 197 2327 docet
218 2285 370 2325 consensus
391 2268 622 2326 lleemaeterionis
644 2287 706 2326 cum
734 2270 868 2327 ianuario.
912 2268 966 2326 Sed
993 2267 1137 2325 videndum

114 2354 253 2431 quodnam
277 2354 338 2410 anni
361 2363 442 2427 caput
463 2354 554 2410 luerit.
591 2354 698 2411 Primus
719 2356 871 2411 Atticorum
892 2354 1027 2411 mensium
1049 2352 1138 2409 lleea-

113 2437 262 2496 tombaeon
285 2439 343 2505 luit,
365 2455 468 2512 aquo,
491 2439 515 2495 si
537 2438 624 2496 Gazae
646 2439 796 2505 oredimus,
819 2448 933 2512 quartus
955 2447 999 2497 est
1019 2438 1138 2495 llaema-

114 2524 237 2589 cterion,
267 2523 405 2619 Scaligero
434 2540 498 2580 vero
520 2525 642 2619 quimus.
688 2524 779 2581 Utrius
801 2525 891 2581 verior
912 2524 1005 2598 opinio
1026 2523 1137 2579 sithoc

113 2609 176 2666 loco
199 2588 413 2682 disquirendum.
459 2607 547 2665 lluo'
540 2626 568 2665 ru
590 2609 761 2667 ordinatione
783 2608 917 2665 meusium
939 2607 1026 2665 Gerae
1049 2615 1138 2666 emata

114 2694 231 2766 corrigit
252 2693 382 2767 Scaliger.
412 2692 534 2749 Alterum
556 2693 630 2767 quod
652 2692 790 2751 llaemact.
815 2697 833 2752 4
857 2692 918 2751 loco
940 2690 1073 2766 posuerit,
1096 2691 1138 2747 ei·

113 2795 168 2853 que
198 2778 411 2852 Pyanepsionem
440 2777 602 2835 subiecerit.
636 2778 768 2842 alterum,
797 2778 871 2852 quod
898 2776 1137 2835 Antheutcrionem

111 2872 178 2939 post
206 2862 421 2937 Pyanepsionem
450 2862 638 2929 collocaverit,
667 2863 786 2919 instante
815 2863 867 2918 iam
893 2862 992 2919 hieme.
1037 2861 1138 2919 Contra

113 2964 185 3023 quae
214 2948 335 3022 Scaliger
356 2948 593 3005 Anthesterionam
622 2964 736 3005 vernum
764 2964 886 3005 mensem
914 2965 975 3005 esse
1003 2954 1032 3002 et
1057 2939 1138 3021 μετὰ

107 3034 249 3108 χειμῶνα
271 3033 381 3098 statuit,
404 3033 477 3089 unde
498 3041 561 3108 post
583 3029 772 3108 supplicium
795 3031 951 3099 constituit,
973 3030 1138 3089 llaemucte-

110 3118 220 3177 monem
241 3135 306 3175 vero
328 3118 517 3193 praecipitanti
539 3117 591 3174 iam
606 3126 738 3175 autumno
761 3117 870 3185 tribuit,
894 3117 1018 3193 quintum
1042 3115 1138 3173 ordine

111 3212 141 3262 et
162 3203 383 3278 aPyanepsione
403 3204 565 3278 proximum.
595 3204 742 3278 Utriusque
765 3202 927 3271 sententire,
948 3211 981 3261 ut
1001 3200 1138 3260 electore

110 3288 218 3347 Mlius
240 3288 415 3363 percipiatur,
438 3289 610 3347 laterculum
632 3288 808 3347 subiecimus.
863 3342 869 3351 ,
