2586 4822
153 812 196 877 80
417 824 464 879 un
497 828 538 879 ao
555 828 692 881 roruaerr
709 828 804 881 nerse
820 824 901 880 nrm

153 979 390 1043 manifestissime
411 980 442 1042 in
466 981 613 1043 volumine
633 980 871 1061 explanationum
903 980 990 1062 primi
1013 979 1123 1043 Psalmi
1144 988 1172 1043 et

153 1078 185 1139 in
207 1076 272 1139 aliia
293 1077 392 1141 multis
413 1076 508 1141 loeis?
556 1081 613 1141 hut
634 1079 701 1159 quis
721 1078 820 1141 audiat
847 1078 877 1140 in
906 1079 993 1141 tertio
1015 1078 1101 1141 coelo
1121 1078 1172 1141 do-

155 1182 273 1237 nantem
296 1174 382 1238 nobis
405 1175 562 1255 origenem
584 1176 767 1258 paradisum,
796 1185 827 1238 et
852 1176 950 1252 illum,
983 1196 1072 1257 quem
1101 1176 1172 1239 anri-

153 1286 240 1354 ptura
261 1283 480 1348 commemorat,
508 1275 545 1336 de
567 1284 644 1337 terra
666 1274 702 1335 ad
724 1274 859 1336 eoelestia
882 1275 1121 1349 translat-entem,
1142 1282 1172 1338 et

127 1386 257 1437 domnos
285 1370 421 1447 arbores,
455 1391 530 1451 quae
558 1372 729 1435 scribuntur
756 1372 787 1433 in
811 1372 918 1434 Genesi
947 1370 989 1433 sie
1017 1370 1172 1452 allegoriae

152 1467 378 1548 intelligentem,
411 1469 489 1548 quod
518 1470 629 1532 seilicet
656 1469 779 1531 arbores
805 1469 954 1548 angelicae
981 1469 1172 1533 fortitudines

153 1565 229 1639 sint,
263 1584 329 1626 eum
358 1566 416 1627 hoo
442 1566 548 1628 veritas
576 1586 637 1628 non
665 1565 808 1646 recipiat?
858 1567 959 1647 Neque
987 1566 1068 1629 enim
1100 1566 1172 1629 dixit

152 1663 296 1744 scriptura
325 1663 437 1737 divina,
467 1665 603 1745 deposuit
624 1666 698 1727 deus
719 1665 810 1725 Adam
832 1673 863 1726 et
883 1664 973 1726 Evam
996 1664 1028 1726 in
1051 1674 1172 1741 terram,

152 1761 203 1822 aed
232 1760 337 1823 “eiecit
357 1780 409 1824 eos
438 1763 475 1823 de
508 1763 658 1841 paradiso,
689 1770 718 1823 et
739 1762 869 1824 habitare
898 1762 964 1824 lecit
992 1781 1044 1823 eos
1067 1772 1171 1825 eontra

114 1856 348 1939 toperadisum.”
395 1859 460 1920 Non
489 1860 545 1935 ait,
582 1859 638 1922 sub
667 1860 812 1940 paradiso.
871 1860 930 1921 “Et
963 1859 1065 1941 posuit
1095 1878 1172 1922 ronn-

152 1957 274 2036 phaeam
303 1958 466 2019 flammeam
495 1968 524 2019 et
552 1957 711 2019 Cherubim
740 1958 888 2019 custodire
914 1957 1072 2019 introitum
1101 1956 1172 2037 ligni

152 2052 252 2115 ritae.”
302 2054 368 2115 Non
396 2054 483 2128 dixit,
520 2074 684 2117 ascensum.
744 2055 804 2116 “Et
830 2056 936 2117 tlnvius
964 2055 1172 2134 egrediebatur

152 2170 185 2211 ea
209 2148 328 2212 Edern.”
383 2151 448 2212 Non
477 2152 563 2225 dixit,
593 2152 745 2214 deseendit
772 2172 807 2214 ex
836 2153 938 2214 Edem.
988 2154 1071 2215 “lste
1100 2152 1172 2216 diri·

153 2248 232 2309 ditur
252 2248 283 2310 in
305 2258 432 2328 quatuor
460 2249 612 2329 principia,
636 2268 744 2311 nomen
773 2251 824 2312 uni
847 2250 974 2323 Phison,
1008 2259 1037 2312 et
1060 2269 1170 2313 nornen

114 2346 274 2407 lleecundi
304 2345 414 2408 Geon.'’
467 2346 529 2425 lige
559 2348 615 2408 ridi
646 2367 736 2428 equas
766 2348 864 2423 (leon,
887 2367 993 2428 aquas,
1023 2368 1099 2428 quas
1126 2347 1172 2409 bia

152 2444 267 2505 munais
300 2445 391 2507 oeulis
423 2445 532 2525 aspexi.
587 2446 646 2508 lste
679 2454 725 2507 est
753 2446 851 2521 Geon,
891 2465 977 2526 quem
1006 2446 1170 2509 llieremias

152 2541 349 2616 demonstrat,
386 2542 487 2604 dioens
516 2544 605 2622 “qtrid
635 2543 718 2605 robis
745 2554 775 2605 et
803 2544 864 2605 riae
892 2545 1028 2624 Aegypti,
1066 2554 1100 2606 ut
1127 2542 1171 2605 bi-

152 2637 227 2703 batis
255 2659 360 2720 aquam
389 2641 471 2701 Genu
506 2638 690 2702 turbidam?”
744 2641 807 2701 llibi
837 2649 866 2703 et
898 2642 936 2702 de
971 2642 1027 2705 hoa
1065 2658 1170 2723 magno

151 2738 272 2800 llumine
293 2738 444 2818 Euphrate
464 2756 556 2818 aquas
577 2738 756 2817 simpliciter,
786 2757 859 2818 quas
880 2758 969 2799 manu
998 2750 1085 2819 potes
1107 2750 1171 2801 tan·

112 2838 230 2913 augere,
253 2854 304 2897 ore
326 2836 455 2909 sorbere,
479 2854 539 2897 non
555 2854 645 2915 aquas
662 2836 837 2915 spirituales.
867 2836 921 2898 Ubi
936 2846 1035 2898 autem
1050 2837 1171 2899 llumina

152 2942 238 3005 eunt,
271 2952 346 3013 quae
374 2943 403 2993 et
426 2933 561 2993 videntur
590 2944 619 2995 et
640 2933 797 3008 bibuntur,
830 2933 870 2995 ibi
900 2952 1089 3014 consequens
1116 2942 1171 3007 eat,

152 3030 230 3109 quod
253 3038 283 3090 et
304 3032 377 3092 fieus
399 3038 429 3091 et
449 3030 503 3090 alia
525 3030 612 3109 ligna,
635 3032 670 3091 de
692 3030 799 3110 quibus
820 3031 891 3092 dicit
912 3032 995 3104 deus,
1018 3030 1172 3094 “exomni

151 3126 241 3206 ligno,
270 3128 347 3207 quod
376 3128 472 3189 estin
496 3129 640 3208 paradiso,
669 3127 831 3202 comedes,'’
863 3128 967 3190 similia
995 3129 1058 3191 sint
1086 3128 1172 3210 lignis

152 3236 182 3287 et
203 3225 266 3286 aliia
287 3225 452 3301 arboribus,
484 3226 560 3288 sieut
581 3226 701 3287 llumina
724 3226 829 3287 similia
852 3236 923 3287 sunt
943 3227 1118 3291 huminibus
1143 3234 1172 3289 et

28 3320 32 3331 '
113 3324 243 3402 unquis.
280 3323 311 3385 Si
333 3334 429 3385 autem
452 3343 526 3404 aqua
548 3343 622 3405 qliae
644 3322 774 3385 cernitur
796 3343 864 3385 rere
879 3343 952 3403 aqua
969 3334 1023 3399 est,
1050 3344 1171 3387 neman

152 3429 251 3483 estut
272 3431 302 3482 et
323 3424 396 3483 licus
417 3441 485 3484 vera
506 3423 553 3496 sit,
576 3432 605 3483 et
627 3421 681 3482 alia
696 3420 783 3501 ligna,
807 3422 941 3483 athelam
963 3440 1051 3485 verus
1073 3422 1170 3485 stati·

151 3519 334 3600 aprineipio
358 3520 507 3600 plasmatis
528 3520 559 3581 in
582 3537 716 3599 corpore,
745 3518 821 3581 sieut
849 3529 879 3581 et
900 3518 969 3594 Eva,
1003 3528 1033 3580 et
1055 3540 1119 3583 non
1138 3520 1170 3583 in

151 3617 365 3696 phantasmate,
388 3627 417 3679 et
438 3628 507 3698 post
521 3618 646 3691 ruinam,
669 3627 702 3678 ut
717 3616 778 3678 vult
790 3616 943 3696 Origenes,
965 3627 1091 3699 propter
1106 3636 1172 3700 peu.

151 3724 247 3775 catum
271 3724 370 3794 postea
393 3733 501 3796 eorpus
529 3715 682 3794 acceperit
738 3714 795 3775 Sed
825 3714 909 3788 dicit,
938 3714 1065 3794 legimns
1093 3712 1172 3795 qnod

111 3816 272 3873 tusanotus
288 3811 395 3874 Paulus
416 3822 518 3893 raptus
541 3814 579 3875 sit
594 3832 686 3893 nsque
710 3812 746 3873 ad
762 3811 882 3874 tertium
897 3812 1011 3874 eoelum
1034 3823 1172 3893 elusone

151 3909 183 3970 in
204 3909 380 3990 paradisum.
426 3910 609 3973 benedicis.
650 3910 776 3981 Quando
797 3910 882 3989 ponit
903 3910 1022 3972 tertium
1045 3911 1172 3986 coelom,

153 4014 182 4067 et
203 4016 304 4087 postea
332 4007 452 4084 eddidit,
486 4016 536 4070 “et
563 4009 593 4069 in
623 4006 818 4088 paradisum,”
851 4008 981 4069 ostendit
1008 4007 1079 4069 alibi
1107 4026 1172 4071 esea

152 4104 266 4167 eoelum
288 4116 318 4167 et
338 4105 406 4167 alibi
427 4106 606 4187 paradisum.
646 4105 714 4168 lllas
735 4124 804 4167 vero
826 4105 1000 4187 praestigiae
1020 4106 1090 4187 quia
1112 4124 1172 4171 non
