2586 4822
162 838 222 903 ihil
602 851 727 904 todotttt

158 1010 296 1085 ingenium
318 1026 349 1065 ea
371 1009 480 1084 quidem
502 1008 611 1066 minime
633 1008 781 1075 dedocent,
810 1018 839 1065 et
859 1010 886 1065 in
910 1026 944 1065 eo
966 1007 1036 1066 libro
1058 1008 1178 1084 Epipha-

76 1113 81 1123 ’
158 1095 232 1152 nium
254 1103 429 1169 persecutum
450 1111 511 1151 esse
533 1094 672 1168 mysticam
694 1092 840 1151 Rationalis
863 1103 890 1152 et
911 1094 1096 1167 pretiosomm
1120 1095 1177 1152 eiua

138 1180 140 1184 ’
157 1179 276 1254 lapidum
298 1178 521 1253 significationem
544 1177 684 1235 indubium
707 1187 758 1245 est,
782 1195 844 1235 cum
860 1179 918 1253 ipse
934 1179 961 1236 iu
976 1178 1094 1253 epistola
1108 1179 1177 1238 libro

157 1264 273 1339 praelixa
296 1264 349 1321 hoc
371 1280 480 1340 quoque
503 1264 529 1320 in
553 1280 586 1320 eo
608 1263 660 1320 sibi
682 1273 817 1338 proponat
838 1263 1069 1338 pertractandum.
1111 1264 1179 1322 (lan

158 1349 241 1406 tiores
264 1349 303 1406 rei
325 1349 383 1422 ipse
404 1348 474 1405 liber
495 1365 546 1405 nos
568 1349 656 1405 lacere
678 1357 781 1422 posset,
805 1348 853 1404 sed
874 1365 999 1405 mancum
1015 1348 1177 1408 invenimus.

158 1434 186 1491 Si
208 1432 316 1508 quaudo
338 1434 490 1491 inveniatur
510 1433 625 1506 integer,
653 1432 776 1490 fortassis
798 1442 828 1490 et
847 1450 917 1509 quae
940 1433 1121 1508 Hieronymus
1142 1435 1178 1492 de

157 1519 293 1593 mysteriis
315 1518 461 1575 Rationalis
484 1518 605 1593 scripsit,
629 1526 768 1576 mutuasse
790 1516 863 1575 illinc
885 1518 1061 1592 intelligetur.
1092 1519 1178 1577 Prae-

157 1613 234 1661 tereo
262 1621 277 1661 e
305 1603 416 1661 disemis
444 1604 510 1660 locis
539 1603 667 1660 collectas
690 1603 844 1677 Hieronymi
872 1603 1020 1661 sententias
1049 1605 1079 1661 in
1107 1605 1178 1664 hanc

157 1705 230 1754 rem.
258 1688 331 1763 quod
354 1689 405 1745 iam
427 1688 568 1762 collegerit
589 1688 771 1761 lipomannus
793 1689 821 1745 io
844 1706 894 1745 sna
916 1689 1016 1746 Calena
1037 1691 1078 1745 od
1097 1689 1178 1747 Eoo·

156 1775 222 1830 dost
243 1791 304 1848 pag.
321 1774 392 1832 287.
422 1773 476 1830 Sed
498 1775 565 1830 haec
587 1762 752 1830 omittemus.

241 1858 325 1916 Venio
354 1876 425 1915 nune
446 1860 480 1916 ad
502 1858 695 1932 Theophanem
718 1858 875 1916 Cerameum
898 1857 1063 1915 taurominii
1084 1859 1179 1916 archi-

157 1944 324 2017 episcopum,
348 1953 375 2001 et
390 1943 507 2017 hogerio
523 1944 544 1999 ll
562 1943 678 2000 Siciliam
702 1942 843 2000 obtinento
865 1943 1007 2007 illustrem,
1030 1952 1062 1999 ut
1077 1943 1179 2016 prohat

157 2028 278 2085 tludinus
300 2029 328 2084 iu
352 2027 501 2084 Commeat.
524 2036 587 2092 otc,
611 2037 677 2085 tom.
693 2029 714 2084 ll
738 2028 893 2086 cottias.
923 2027 1036 2102 Scripsit
1059 2028 1105 2085 liic
1121 2028 1180 2087 llo-

156 2113 242 2169 milias
269 2113 377 2186 plures.
406 2130 473 2186 quas
496 2112 597 2170 Graece
616 2114 654 2171 ‘et
676 2113 769 2170 latine
797 2112 881 2170 edidit
902 2112 1011 2170 Parisiis
1039 2116 1180 2174 amlhll

156 2197 315 2257 Tranciscus
338 2197 454 2254 Seorsus
468 2197 497 2255 S.
513 2198 544 2263 l.,
568 2205 595 2254 et
617 2199 665 2254 has
688 2198 759 2254 inter
781 2197 919 2272 trigesima
939 2215 970 2255 ea
993 2206 1046 2262 est,
1069 2197 1097 2255 iu
1115 2215 1181 2273 qua.

157 2281 203 2339 uhi
224 2281 259 2339 do
273 2281 446 2352 Samaritanis
468 2282 566 2356 agitur,
591 2300 622 2339 ex
637 2282 778 2357 llpiphauii
799 2283 871 2340 libro
893 2283 935 2338 lle
954 2284 1070 2356 gomoris
1091 2284 1184 2343 multa

111 2392 148 2433 xvi
158 2384 219 2425 esse
238 2368 381 2442 compilata
395 2367 528 2424 videntur.
560 2367 639 2424 Certe
653 2385 715 2424 cum
731 2367 772 2433 iis,
795 2385 865 2442 quae
881 2367 926 2425 ille
940 2376 1041 2433 narrat,
1065 2369 1183 2427 omnino

156 2453 322 2511 concordant
343 2450 414 2526 quae
435 2462 528 2510 narrat
542 2452 732 2526 Theophanes,
756 2453 779 2509 si
801 2453 926 2527 excipias,
950 2452 1023 2526 quod
1046 2453 1091 2511 hic
1113 2468 1179 2511 ora·

156 2548 246 2596 tomm
267 2554 344 2595 more
366 2537 507 2595 verbosior
527 2555 585 2594 rem
608 2538 732 2612 exprimit
754 2537 939 2613 ornatiorique
962 2538 1098 2596 oratione.

240 2624 292 2680 lam
315 2640 379 2680 vero
401 2622 547 2680 dummodo
571 2624 652 2689 haec,
682 2639 751 2696 quae
773 2622 806 2679 de
829 2622 996 2696 Theophane
1017 2622 1087 2688 dixi,
1111 2640 1175 2681 vana

155 2725 210 2766 noo
232 2709 283 2764 sim
305 2717 453 2782 auguratus
475 2708 640 2774 coniectura,
667 2708 847 2782 Theophanes
868 2708 953 2782 igitur
974 2707 1115 2766 recentior
1135 2717 1175 2767 u

154 2802 260 2856 auctor,
282 2810 364 2867 quem
386 2792 527 2867 Epiphauii
549 2792 618 2849 libro
640 2791 682 2848 De
695 2794 808 2864 genem
831 2809 910 2849 usum
926 2808 988 2849 esse
1002 2792 1074 2850 novi.
1105 2792 1176 2851 Puto

155 2887 245 2934 autem
268 2878 319 2932 iam
342 2886 400 2933 tum
422 2875 512 2933 rarum
534 2877 617 2933 luisse
640 2878 748 2943 lactum,
772 2894 857 2951 mam
879 2894 914 2934 ue
927 2876 1043 2934 Photius
1064 2877 1175 2954 quidem

156 2962 214 3018 eius
237 2961 398 3026 meminerit,
422 2970 450 3018 et
472 2961 571 3019 iamdiu
586 2962 695 3036 quidem
710 2962 747 3018 ita
763 2971 822 3019 erat
835 2963 956 3037 ignotus,
979 2971 1010 3018 ut
1025 2962 1176 3021 doctissimi

154 3045 241 3103 critici
268 3045 395 3119 lugerent
422 3055 452 3102 ut
484 3045 635 3120 perditum,
664 3047 721 3104 lere
743 3064 774 3104 ac
795 3046 895 3104 lilirum
917 3047 1007 3110 illum,
1037 3062 1122 3123 quem
1142 3047 1178 3106 da

155 3130 249 3188 cadem
271 3147 301 3186 re
323 3130 431 3204 scripsit
446 3129 592 3205 Septimius
608 3131 790 3189 Tertullianus
809 3132 957 3189 secundum
972 3130 1092 3189 iudicem
1107 3148 1178 3207 ops-

154 3232 215 3272 rom
244 3216 317 3280 eius.
347 3215 395 3273 ubi
417 3232 479 3271 eum
501 3217 659 3274 adnotatum
680 3214 816 3275 invenisse
837 3235 867 3274 se
890 3217 971 3274 tradit
993 3215 1177 3292 hierony-u

54 3308 61 3315 ’
154 3302 181 3356 in
202 3300 333 3374 Epistola
355 3302 394 3356 ud
415 3300 564 3358 Tohiolom
593 3302 719 3375 superius
745 3319 854 3377 quoque
875 3302 958 3367 laud,
986 3306 1057 3376 quic
1079 3303 1110 3360 iu
1131 3301 1177 3363 od.

154 3385 253 3442 Veron.
277 3393 329 3442 eto.
353 3395 396 3443 est
418 3387 467 3444 64.

624 3557 653 3629 §-
676 3555 706 3612 v.

154 3670 195 3729 lle
209 3672 337 3746 Epitome
355 3675 422 3731 tihri
437 3673 466 3731 S.
482 3673 639 3747 Epiphonh'
661 3674 698 3731 lle
713 3642 764 3731 llll¹
773 3675 886 3752 gemmis
908 3692 928 3733 o
944 3672 1070 3745 Gesnero
1087 3678 1175 3744 editu,

289 3773 291 3779 ·
320 3760 401 3815 etde
422 3761 484 3816 ulio
506 3761 542 3815 oh
565 3756 718 3816 Anastasio
738 3759 852 3818 Siocito
875 3769 1006 3818 coarcto.

237 3893 325 3950 lldidit
346 3911 412 3951 sane
435 3894 574 3953 Conmdus
592 3895 729 3952 Gesnerus
751 3897 778 3952 in
800 3895 962 3954 collectione
983 3895 1118 3955 librorum
1131 3895 1177 3955 Do

153 3980 228 4036 omani
254 3996 349 4035 rem
374 3980 514 4052 sensilium
540 3995 641 4050 genere
669 3982 822 4054 agentium,
858 3981 950 4057 Tiguri
977 3998 1049 4039 anno
1082 3983 1176 4046 1585.

153 4064 313 4137 opusculum
339 4064 474 4140 quoddam
495 4063 538 4118 ue
559 4067 672 4137 geminis
694 4065 756 4122 ΧΠ
775 4067 949 4133 llotiooiolis,
971 4076 1000 4124 et
1020 4065 1176 4145 Epiphanio

153 4147 293 4222 adtribuit.
328 4149 383 4209 Sed
403 4149 469 4208 hcet
489 4147 556 4207 illud
577 4159 605 4208 et
626 4161 723 4225 postea
743 4151 847 4227 pluries
868 4150 925 4230 aab,
942 4150 1041 4211 eodem
1062 4152 1176 4233 nomiae
