2586 4822
431 758 438 773 '
521 778 542 828 1
577 781 641 828 ινιτ
658 780 702 829 τι
721 781 812 831 nm.
1159 774 1179 833 7

160 914 185 991 αἱ
200 928 325 995 καινῶν
340 951 397 995 και
388 925 613 1012 παραδόξων
631 929 834 1014 πραγμάτων
851 957 907 998 και
896 932 1160 1016 θαυμάτων·
1120 957 1181 1023 της

132 1022 291 1110 Βὶαρτῆς·
306 1022 622 1110 παῖδεςΧρεστδν(
597 1051 642 1104 ως
656 1027 739 1093 θεὸν
751 1029 960 1113 θεολογοῦσι,
969 1034 1022 1096 καί
1035 1031 1066 1096 οἱ
1080 1032 1179 1115 ἱερεῖς

162 1115 258 1187 αῦτὸν
272 1122 518 1209 βλασφημοῦσι.
549 1123 774 1208 θηλάζοντες
766 1129 998 1210 προσκυνοῦσι,
1015 1154 1068 1193 και
1058 1129 1115 1193 οἱ
1128 1128 1178 1195 δι-

163 1217 343 1297 δάσκσντες
357 1215 550 1303 ἀσεβοῦσιν·
575 1221 606 1285 οἱ
622 1222 742 1299 παῖδες
758 1219 890 1288 ιῦσαννὰ
910 1226 1051 1337 λέγουσι,
1075 1224 1130 1290 καὶ
1145 1225 1178 1292 οἱ

159 1307 301 1399 Ἑβραῖοι
312 1317 541 1402 σταυρωθήτω
554 1316 744 1432 κράξουσιν
769 1321 871 1401 οἱμὲν
882 1345 966 1402 μετα
953 1319 1081 1404 βαίων
1094 1321 1202 1406 πρὸςσ

161 1413 338 1496 Χριστὸν”
320 1439 479 1498 ερχονται,
493 1416 573 1481 οἱδὶ
583 1415 843 1501 μετὰμαχαεριῦν
857 1416 942 1499 πρὸς
955 1412 1054 1483 αὐτὸν
1069 1419 1179 1500 ἔρχον-

156 1531 227 1576 ται·
252 1499 347 1576 οὗτοι
360 1511 547 1589 κλάδους
513 1537 703 1591 κοπτσυσιν,
722 1513 840 1580 ἐκεῖνοι
856 1513 951 1592 ξῦλον
967 1519 1109 1596 σταυροῦ
1126 1510 1180 1581 εῦ-

125 1631 241 1729 &m
243 1608 367 1687 ί·ζουοι
391 1608 640 1696 νήπιαΧριστηῦ
654 1615 796 1693 χιτῶνας
810 1607 1111 1694 ῦπυστρωννάουσι,
1124 1614 1179 1679 καὶ

125 1697 188 1769 οἱ
205 1705 308 1787 ἱερεῖς
321 1709 624 1789 χιτῶναςΧριστυῦ
642 1710 710 1789 διαρ
698 1709 790 1791 μερίζ
785 1714 882 1773 “·ουσι
907 1706 1010 1791 νήπια
1026 1710 1083 1775 ἐπὶ
1105 1708 1180 1775 παί-

138 1803 215 1866 λου
231 1802 382 1885 Χριστὸν
397 1797 533 1885 ῦψυῦσι,
558 1808 610 1869 καί
633 1811 823 1889 γέροντες,
798 1804 854 1869 ἔτὶ
871 1808 1013 1888 σταυροῦ
1029 1803 1218 1889 Χριστδνισ

109 1902 351 1981 ὒκρεμνοῦσιν
361 1920 367 1932 ·
376 1900 408 1964 οἱ
421 1901 540 1977 παῖδες
552 1900 629 1978 τοὺς
641 1901 750 1977 πόδας
759 1904 908 1985 Χριστοῦ
920 1902 1177 1987 προσεκύνησαν,

128 1995 278 2062 ἐκεῖνοι
294 1997 331 2062 δὲ
345 1996 422 2075 τοὺς
437 1996 546 2075 πόδας
558 2002 707 2080 Χριστοῦ
730 2008 801 2075 τοῖς
823 1994 915 2083 ἥλοις
939 1998 1177 2084 προσήλασαν·

125 2094 278 2172 παῖδας
307 2087 400 2159 αἶνον
428 2094 672 2179 προσάγουσιν,
709 2084 801 2159 οῦτοι
832 2092 945 2172 ὅξος
936 2101 1177 2180 προσφέρουσι.

124 2191 278 2268 παῖδες
299 2194 437 2275 Χριστῷ
459 2191 518 2308 τήν
540 2217 647 2277 τιμνν,
672 2181 765 2256 οῦτοι
788 2193 823 2257 δὲ
848 2218 906 2277 την
921 2191 1035 2275 χολήν
1059 2193 1180 2270 παῖδες

123 2291 239 2368 βαΐα
260 2294 417 2367 σείουσιν,
441 2276 536 2354 οῦτοι
559 2289 633 2354 δὲ(
616 2295 767 2374 ρομφαίη
790 2310 957 2354 νυττσυσι
987 2290 1106 2366 παῖδες
1122 2287 1178 2355 ἐπὶ
1191 2307 1218 2357 15

128 2386 271 2450 πῶλον
294 2380 482 2469 Χριστὸν
465 2389 640 2467 υμνοῦσιν,
675 2375 768 2449 οῦτοι
795 2386 852 2450 τὸν
881 2384 937 2450 ἐπὶ
967 2383 1082 2449 πώλου
1106 2409 1179 2450 πω-

131 2476 280 2547 λοῦσιν.
322 2482 404 2566 ἔγνω
426 2483 506 2565 βοῦς
528 2481 586 2546 τὸν
608 2482 809 2566 κτησάμενον
838 2476 938 2546 αῦτδν
968 2481 1025 2546 ἐπὶ
1054 2481 1179 2566 φάτνης

135 2584 372 2662 γεννηθέντα,
406 2574 502 2643 καὶὸ
527 2585 599 2657 νέος
626 2579 705 2655 λαὸς
731 2583 797 2643 τῶν
826 2578 935 2644 ἐθνῶν
964 2574 1109 2662 ὑπετάγη
1131 2579 1179 2663 τῷ

138 2682 257 2760 κυρίῳ
280 2672 398 2754 αῦτιῦν,
432 2675 534 2758 μόνον
558 2676 594 2740 δὲ
613 2669 738 2760 Ἰσραήλ
768 2671 826 2739 οῦκ
849 2675 929 2758 ἔγνω
953 2674 1100 2758 Χριστὸν
1122 2673 1179 2739 τὸν

143 2770 240 2836 θεὸν
269 2767 380 2838 αὐτοῦ.
428 2772 470 2838 τὰ
499 2774 583 2843 ποτὲ
612 2773 701 2857 φῦλα
730 2772 879 2859 θεάφιλα
906 2777 1030 2854 γέγονε,
1065 2773 1118 2836 καί
1147 2768 1219 2844 οἱα)

148 2859 277 2950 ἄνομοι
304 2868 476 2954 γεγόνασιν
506 2871 639 2952 ἔννομοι
673 2871 726 2933 καί
757 2869 790 2933 οἱ
819 2869 951 2950 ἔννομοι
980 2866 1178 2950 παράνομοι.

122 2959 253 3044 Mauo,
282 2966 361 3044 τοὺς
383 2965 559 3053 προφήτας
582 2960 639 3030 οῦκ
661 2959 818 3051 Ιήδὲσθης,
854 2965 952 3047 ἱερεῖς
975 2959 1178 3042 dammae,

154 3056 221 3138 τὰς
239 3063 369 3151 γραφὰς
392 3065 600 3145 διέστρεψας,
624 3060 681 3126 τδν
704 3061 805 3144 νόμον
821 3062 1008 3138 κατέλυσας,
1035 3062 1182 3137 δικαίους

159 3166 369 3243 κατέπρισας,
393 3162 524 3244 Μωσήν
547 3153 725 3243 ήθέτησας,
748 3159 826 3236 τοὺς
848 3157 939 3235 υἱοὺς
961 3157 1178 3244 κατίσφαξας,

163 3250 222 3316 τὸν
241 3257 316 3323 ναὸν
341 3257 492 3340 ε’μίανας,
519 3259 578 3327 τοῦ
599 3259 685 3322 θεοῦ
708 3257 936 3342 παρήκουσας,
961 3257 1099 3338 Χριστιῦ
1123 3246 1220 3326 οῦκνε
1245 3268 1255 3284 ·

169 3343 373 3460 ἐπίστευσας,
404 3353 464 3432 τὰς
486 3359 632 3438 θεοσημί
633 3377 672 3431 ας
701 3352 889 3437 ἐνύβρισας,
919 3376 998 3435 περι
990 3350 1181 3434 Λαζάρου

173 3434 356 3538 ἠπίστησας,
379 3461 452 3529 τοῖς
473 3445 671 3537 τυφλοῖς’
635 3475 693 3515 ουκ
716 3450 914 3526 ἐπίστευσας
936 3443 1057 3531 άναβλέ
1061 3459 1181 3530 φασιν·

177 3533 285 3614 εἶτα
253 3556 285 3614 τ
307 3550 386 3631 περὶ
408 3551 475 3614 τῶν
497 3552 562 3612 παί
549 3548 628 3612 ίδων
651 3546 777 3612 τούτων
794 3548 914 3630 λέγεις,
937 3551 971 3610 τί
986 3546 1063 3627 περί
1080 3540 1180 3625 ἱίμνσυ

180 3639 461 3730 ῖῶκθηλαζὸντων
490 3649 706 3726 νομοθετεῖς,
744 3651 809 3721 τίς,
840 3642 914 3709 ειπέ
941 3666 1016 3725 μοι,
1046 3638 1183 3715 τούτους

184 3727 322 3824 ἐφάτναις
351 3749 402 3820 τίς
425 3734 647 3821 ἐδίδαξεν,·”
625 3767 644 3826 η
667 3748 719 3818 τίς
742 3740 920 3826 ἔξήγειρεν,·
950 3745 1001 3815 τίς
1025 3736 1221 3821 ἔσδφισεςω

136 3836 223 3906 ἳὶἱῖῑς
239 3835 388 3926 ἐξαίφνης
410 3834 645 3923 ἇπειρσλόγσις
668 3839 788 3903 δέδωκε
803 3835 963 3921 λόγον,’
935 3861 962 3900 ει
978 3861 1021 3919 μη
1009 3828 1182 3916 Χριστὸς

185 3916 405 4014 0προαιιάνιος
427 3935 541 4020 λόγος,·
578 3936 634 4000 νῦν
663 3934 694 3999 οἱ
718 3940 796 4011 νέοι,
821 3929 979 4010 παῖδες(
965 3933 1047 4015 ομοῦ
1070 3953 1105 3994 τε
1127 3931 1181 3994 καί

185 4043 265 4105 νήπια
294 4036 377 4118 χειρί
410 4034 472 4121 μιᾷ
505 4030 609 4115 μαζὸν
641 4038 834 4114 κατέχοντα,
870 4032 923 4094 καὶ
958 4028 1052 4114 φωνή
1041 4019 1181 4110 γῦμνσν
