2586 4822
157 749 221 810 266
612 750 726 800 stratu

156 912 264 976 stantia,
287 906 487 966 similitudinem
510 904 702 978 agnoscebant.
747 904 869 971 Quorum
897 904 1021 978 signiferi
1043 922 1075 962 ao
1097 905 1176 962 duces

158 1006 235 1054 erant
258 995 369 1051 Basilius
392 993 563 1063 Ancyranus,
595 990 726 1061 Georgius
750 989 934 1051 laodicenus,
964 990 1091 1046 Silvanus
1114 991 1176 1046 Tar-

159 1083 255 1144 sensis,
280 1077 450 1152 Sophronius
467 1075 742 1148 Pompeiopolitanus,
766 1074 890 1129 Eleusius
906 1076 1069 1147 Cyzicenus,
1094 1076 1177 1131 llaec-

158 1167 256 1223 donius
280 1161 593 1233 constantinopolitanus
617 1169 652 1222 et,
682 1170 712 1214 ut
734 1160 860 1214 Socrates
883 1177 914 1215 ac
938 1161 1110 1217 sozomenus
1133 1180 1176 1216 ro-

160 1253 228 1312 lunt,
253 1251 332 1304 etiam
357 1247 470 1319 Cyrillus
496 1245 762 1317 llierosolymitanus.
793 1244 863 1299 llaec
885 1246 940 1300 dim
957 1247 1073 1301 Arianae
1092 1257 1176 1302 sectae

160 1337 247 1408 capita
277 1335 400 1395 fuerunt,
431 1348 546 1402 qixorum
576 1331 601 1384 in
625 1330 749 1401 dogmate
771 1330 831 1401 ipso
854 1329 989 1385 dissensio
1015 1332 1175 1387 versabatur.

161 1422 250 1475 Tertia
278 1417 374 1472 deinde
403 1433 456 1470 non
481 1427 532 1469 tam
556 1432 588 1470 ex
611 1415 710 1470 erroris
734 1416 859 1470 varietate
888 1432 969 1487 quam
1005 1433 1039 1471 ea
1066 1417 1130 1471 odiis
1150 1425 1174 1471 et

161 1503 356 1561 offensionibus
379 1509 470 1555 exorta
493 1501 572 1555 factio
595 1509 651 1562 est,
682 1500 873 1554 Acacianorum
897 1500 1034 1556 videlieet.
1078 1502 1173 1557 litenina

161 1589 272 1644 Aeacius
302 1585 480 1642 Caesariensis
510 1603 570 1640 cum
601 1584 707 1640 lleletio
738 1594 766 1640 et
794 1585 891 1640 Uranie
920 1585 1020 1658 Tyrio,
1051 1587 1173 1659 Eutyebio

161 1672 429 1743 Eleutlxeropolitano
453 1678 480 1724 ct
502 1671 559 1724 aliis
582 1668 741 1741 quibusdam
765 1687 827 1723 suas
848 1671 905 1743 ipse
920 1680 1016 1743 partes
1033 1672 1171 1730 consutus

161 1775 192 1813 ac
215 1757 441 1812 Semiarianorum
465 1754 578 1810 ducibus
601 1756 731 1810 acerrime
754 1755 901 1810 restititis
924 1755 1091 1812 seleuciensi
1106 1756 1172 1810 Con-

162 1843 231 1897 cilic.
278 1843 328 1909 Qui
352 1842 376 1895 in
401 1858 450 1902 co,
482 1849 511 1894 ut
533 1839 644 1912 opinor,
680 1839 713 1893 ab
737 1840 856 1894 Eudoxio
885 1841 1001 1914 aliisque
1026 1840 1171 1914 praefractis

109 1943 113 1950 ·
161 1927 279 1983 Attianis
309 1924 492 1997 discrepabat,
522 1925 593 1997 qxxod
618 1924 714 1979 Filium
743 1934 892 1979 creaturam
917 1942 996 1989 esse,
1028 1935 1076 1980 ant
1096 1926 1171 1979 Patris

162 2011 317 2067 dissimilem
346 2010 397 2065 etsi
427 2009 537 2080 perinde
566 2019 647 2081 atque
677 2009 712 2064 illi
737 2011 864 2072 sentiret,
894 2027 949 2064 non
983 2020 1077 2065 tamen
1100 2010 1172 2065 libere

162 2096 343 2166 audacterque
372 2093 555 2166 profiteretur.
601 2094 638 2149 lle
667 2095 708 2148 bis
737 2094 848 2150 consule
871 2095 1014 2150 Socratem
1044 2098 1072 2158 2,
1090 2100 1122 2152 31
1150 2104 1171 2149 et

162 2178 349 2252 sequentibus,
373 2178 536 2233 Tbeodoret.
555 2180 582 2241 2,
601 2181 650 2241 27,
674 2180 780 2234 Sozam.
798 2183 826 2242 4,
845 2181 879 2236 21
906 2196 937 2234 ac
961 2180 1104 2254 ‹leiuceps

250 2265 309 2319 τῶν
337 2258 403 2337 περὶ
426 2294 468 2303 -
491 2257 669 2334 Σιλουανόν]
716 2264 792 2319 llnnc
822 2265 908 2336 ipsum
932 2264 1073 2320 Silvanum
1102 2265 1172 2320 refert

162 2348 350 2404 'lbeodoretus
368 2351 396 2411 2,
411 2350 447 2404 27
472 2343 506 2404 τὸ
530 2341 695 2421 bitumineae
717 2367 805 2404 eoram
830 2350 996 2421 lintperatnre
1021 2351 1171 2406 defendisse.

163 2435 240 2504 Quod
263 2434 337 2489 valde
360 2434 451 2488 ntiror.
488 2433 553 2488 Nam
577 2435 603 2488 in
626 2433 791 2490 Seleuciensi
814 2434 999 2490 conciliabulo
1026 2438 1079 2492 boc
1100 2451 1172 2490 unam

162 2521 289 2576 adsersus
305 2520 450 2574 dcaeianos
474 2519 617 2591 pertendit,
643 2528 672 2573 ut
686 2521 852 2575 dixtiocbcna
876 2520 991 2575 formula
1010 2523 1173 2577 retineretur.

112 2606 199 2660 {flacit
222 2606 348 2660 Socrates
367 2607 393 2667 2,
413 2606 460 2660 32.
490 2605 559 2671 Quid
581 2613 670 2659 autem
694 2605 720 2658 in
743 2606 830 2659 animo
854 2605 980 2659 babuerit
1004 2606 1039 2671 is,
1063 2608 1107 2679 qiu
1127 2593 1175 2659 nal-

163 2707 229 2746 στον
257 2691 327 2762 apud
350 2689 550 2743 lbeodoretum
579 2705 628 2759 pro
658 2681 822 2760 ὁμοαύστον
851 2690 1041 2762 reponendum
1070 2692 1174 2752 censuit,

163 2776 261 2832 docere
280 2775 337 2846 ipse
358 2774 498 2828 debuerat.
536 2773 601 2828 Nam
624 2792 673 2829 vox
696 2774 739 2828 illa
763 2766 866 2841 οὔατος
888 2793 940 2830 nou
966 2786 1009 2831 est
1034 2778 1120 2831 nauci.

248 2851 275 2913 oi
300 2854 365 2934 napi
389 2852 547 2930 Eductam]
581 2859 712 2931 Corrupta
736 2860 793 2914 sine
816 2860 914 2922 dubio,
939 2878 1032 2934 neque
1056 2863 1118 2916 satis
1138 2861 1175 2912 in-

163 2953 239 3018 tegra
263 2945 312 2998 ista
336 2954 408 2998 saint.
446 2943 539 3017 Neque
563 2944 633 2998 euim
658 2945 792 2999 Eudoxias
815 2962 845 3000 ac
868 2945 1002 3015 Georgius
1028 2944 1176 3001 Alexandri-

163 3047 214 3086 uus
238 3047 251 3082 a
275 3029 377 3090 lfasibi,
410 3039 456 3084 aut
479 3029 707 3084 Semiarianorum
731 3029 851 3102 partibus
875 3039 993 3091 stetere,
1023 3031 1177 3102 quibuscum

163 3114 399 3169 veliementissbue
421 3114 632 3169 contendebant.
663 3115 716 3168 Nos
739 3131 807 3185 elixae
829 3114 928 3170 desunt
952 3115 978 3168 in
998 3115 1096 3171 Latino
1118 3132 1177 3185 sup-

162 3198 303 3271 plevimus
336 3198 434 3270 [Vertit
457 3199 589 3259 Petavius,
615 3199 806 3253 Constantium
826 3201 1030 3271 imperatorem
1050 3201 1177 3269 inteffipo.

164 3280 316 3337 Obtinuere
339 3291 432 3337 tomen
453 3287 625 3354 postmodum
647 3283 794 3339 Eudoxias
816 3293 841 3340 et
858 3285 998 3354 Georpius
1015 3285 1179 3342 Alexandri·

162 3384 216 3422 nus
237 3375 264 3421 et
285 3366 409 3420 Curuios
432 3368 640 3440 Atttiodtenusl

251 3455 310 3509 870
327 3470 351 3507 c.
383 3448 433 3506 uui
460 3446 602 3534 Οὐρανία»
627 3456 670 3532 τῷ
696 3450 812 3532 Τυρίῳ]
857 3455 935 3527 Apud
958 3453 1100 3512 Socratem
1121 3471 1179 3509 sae-

163 3538 225 3610 pius
251 3538 381 3594 Ursoliua
403 3555 452 3610 pro
479 3539 587 3595 Uannio
611 3557 752 3612 perperam
774 3539 937 3595 substitutus
962 3549 1015 3595 est.

252 3626 310 3679 eto
326 3623 352 3677 d.
384 3619 653 3696 κατασταθέντων]
682 3626 744 3697 Lep.
768 3634 798 3679 ut
820 3635 861 3679 est
884 3627 909 3679 in
933 3628 1069 3698 margine,
1090 3641 1179 3679 κατα-

164 3701 329 3771 σταθέντα.
370 3708 434 3763 Nam
459 3709 582 3780 deposito
606 3711 632 3764 iu
656 3711 821 3765 Seleueiensi
845 3710 965 3765 Concilio
994 3728 1008 3764 a
1034 3711 1129 3766 llasilio
1155 3718 1179 3761 et

163 3790 335 3845 Semiarianis
359 3792 488 3855 Eudoxio,
512 3792 642 3848 suffectus
663 3806 704 3850 est
719 3796 847 3858 Asianus,
872 3795 917 3868 qm
931 3795 965 3848 ab
982 3796 1121 3852 acacianis
1134 3810 1180 3865 per

163 3874 314 3930 lauricium
342 3886 369 3932 et
392 3879 506 3932 bennam
531 3881 556 3932 in
581 3880 687 3934 exilium
711 3881 814 3935 ciectus
838 3889 887 3935 est.
919 3880 1049 3936 Socrates
1074 3885 1100 3942 2,
1119 3882 1164 3937 32.

250 3962 307 4017 871
328 3960 353 4016 b.
385 3955 437 4017 διὰ
464 3956 521 4035 τὴν
547 3957 624 4036 πρὸς
648 3959 698 4022 τὸν
720 3959 875 4037 depellor
897 3959 1029 4039 iiiiipcw]
1075 3967 1180 4037 Expun-

161 4045 251 4116 geuda
278 4047 390 4115 omnino
416 4047 537 4119 negandi.
559 4051 699 4121 particula.
744 4050 809 4106 Nam
831 4051 979 4123 Eutychius
1009 4069 1062 4124 pio
1084 4069 1134 4106 suo
1156 4050 1180 4102 in
