2586 4822
164 736 225 801 tot
530 801 533 806 ,
618 748 733 800 renutu

161 912 197 967 At
224 908 251 964 in
273 905 394 980 Epistola
416 905 533 978 Philippi
554 903 731 961 Macedonum
760 904 848 977 regis,
876 919 947 978 quae
970 913 1014 961 est
1036 904 1110 979 apud
1130 904 1182 963 ue·

160 1003 242 1051 most.
266 986 334 1066 περὶ
355 982 520 1067 στεφάνου,
543 990 615 1046 Lous
638 1006 700 1046 cum
722 991 810 1046 Attico
833 989 976 1046 Botdrorn.
999 992 1182 1064 componitur.

161 1089 192 1136 ut
220 1078 288 1134 elius
316 1093 366 1150 per
393 1076 436 1132 itu
460 1084 583 1148 tempora
605 1075 739 1131 meusium
761 1074 833 1148 opud
856 1073 1016 1131 llacedonen
1040 1086 1181 1134 contextua

160 1164 245 1220 luisse
267 1161 397 1218 rideatur.
428 1160 466 1216 lle
489 1178 543 1235 quo
566 1160 640 1216 olins.
684 1159 762 1216 Nunc
783 1158 859 1224 illud,
882 1159 956 1232 quod
978 1159 1045 1225 dixi,
1068 1179 1101 1219 en
1124 1161 1182 1219 uia-

160 1256 309 1323 grammate
331 1254 454 1308 constat,
483 1245 670 1302 Macedonicos
692 1261 800 1301 menses
823 1261 877 1300 uuo
900 1245 957 1301 iere
979 1262 1079 1303 meuse
1101 1246 1183 1321 Syro·

161 1331 341 1392 macedonicis
370 1331 521 1389 anteriores
549 1348 620 1387 esse.
665 1329 731 1386 Nom
761 1329 909 1386 xanthicus
936 1331 1059 1405 exempli
1090 1346 1181 1390 musta

110 1417 409 1493 uoSyromacedonum
432 1424 475 1472 est
496 1415 594 1488 Aprilis
618 1415 753 1478 lulianus,
776 1414 965 1471 llacedonicus
988 1433 1056 1473 vero
1078 1416 1181 1475 tametsi

161 1520 224 1561 cum
245 1502 359 1558 lunaris
382 1510 424 1557 est
438 1500 523 1574 Aprili
544 1516 739 1573 nonnunquam
762 1498 935 1573 respondeat,
959 1502 1072 1574 saepius
1095 1512 1179 1559 umen

158 1589 188 1645 in
210 1587 334 1644 idertium
356 1587 478 1649 incurrit,
501 1586 685 1659 maioremque
708 1585 778 1642 illius
800 1593 904 1658 partem
927 1596 1056 1660 occupat
1088 1586 1180 1644 Caete-

159 1690 221 1730 rum
244 1671 316 1745 apud
337 1670 515 1744 Epiphanium
539 1671 640 1728 hocin
662 1670 724 1727 loco
745 1687 796 1743 pro
813 1661 996 1726 Ἀπελλαίου
1018 1664 1076 1741 ις’,
1098 1671 1177 1728 Scali-

160 1757 285 1833 gerii
314 1757 348 1813 de
370 1755 510 1812 Emendat.
534 1774 561 1829 p.
580 1754 680 1814 4823.
710 1756 822 1828 corrigit
838 1746 1020 1812 Ἀπελλαίου
1046 1751 1082 1824 ς’.
1121 1757 1174 1825 Qua

160 1845 266 1903 ratione
295 1841 438 1914 Apelleeus
467 1840 654 1898 Macedonicus
683 1839 841 1897 Novembris
863 1840 897 1895 lli
925 1843 1061 1914 coeperit.
1103 1839 1174 1911 duod

159 1945 290 1986 verumne
312 1927 347 1983 sit
368 1927 470 1982 nescio.

246 2003 325 2068 κατὰ
340 2003 526 2084 Ἀθηναίους
548 2007 811 2085 Μεταγειτνιῶνος
837 2000 968 2083 ἑβδόμη]
1016 2012 1130 2069 Constat
1148 2028 1175 2069 et

159 2099 202 2162 iis,
226 2114 295 2172 quae
318 2095 398 2168 paulo
421 2104 484 2150 unte
506 2095 641 2168 disputate
665 2105 738 2160 suut,
762 2095 1016 2153 Maemacterionem
1039 2096 1076 2154 ab
1097 2096 1174 2154 Hera·

159 2181 323 2239 tomhneoue
345 2195 406 2234 esse
428 2189 570 2254 quartum,
594 2178 667 2254 quod
691 2189 718 2236 et
740 2181 784 2237 liic
806 2180 882 2237 locus
905 2181 1047 2238 evidenter
1068 2183 1172 2239 demo*

158 2276 237 2324 strat.
268 2266 334 2321 Nem
350 2264 524 2337 lletegitnion
547 2264 685 2337 proximus
709 2275 750 2321 est
772 2264 805 2321 ob
822 2265 1070 2323 Hecatombaeoue.
1100 2269 1172 2341 igitur

158 2351 301 2426 Epiphanii
329 2349 438 2406 saeculo
468 2348 687 2406 Hecatombacou
716 2349 836 2407 October
867 2362 939 2415 emt,
971 2351 1170 2409 dlaemecteriot

157 2437 307 2495 Ianuarius.
337 2435 483 2491 Neomenia
498 2434 728 2491 llaemacterionis
751 2437 878 2508 congruit
899 2435 957 2492 Kal.
973 2437 1041 2509 ipsis
1058 2437 1167 2494 ianuarii.

158 2522 225 2581 Nam
248 2522 279 2579 Vl
302 2519 441 2578 lluemact.
465 2520 558 2576 eedem
582 2530 624 2577 est
646 2520 760 2576 ianuarii
782 2520 823 2574 l'l.
854 2521 936 2594 Atqui
957 2521 1108 2578 Neomenia
1124 2521 1167 2579 tte

158 2607 316 2683 tagituiouis
339 2623 393 2662 non
417 2606 542 2662 convenit
564 2604 622 2661 llal.
645 2604 710 2660 Nov.
746 2605 852 2679 Quippe
875 2606 930 2661 Vlll
952 2605 1020 2663 Nor.
1044 2608 1089 2667 Vll
1112 2607 1168 2664 dun·

158 2703 232 2751 taxat
259 2701 301 2750 cst
323 2690 538 2764 Aletagitniouis;
567 2691 619 2745 nisi
647 2689 775 2745 mendum
804 2691 888 2747 sitin
911 2690 1057 2765 Epiphanii
1079 2693 1167 2750 codion

157 2782 181 2836 A
202 2777 321 2836 secunda
344 2777 409 2832 Nou.
432 2775 465 2831 nd
488 2774 609 2831 ultimam
632 2774 694 2830 [loc.
719 2774 775 2830 dies
798 2785 863 2831 sunt
887 2777 935 2840 60,
962 2793 1075 2834 menses
1096 2778 1168 2834 Atle·

158 2864 293 2920 niensium
316 2862 380 2917 duo.
411 2860 528 2917 Proinde
551 2877 606 2915 nou
621 2859 738 2923 dolionis,
762 2859 810 2915 sed
825 2859 1013 2934 aequabilihus
1030 2872 1060 2919 et
1074 2867 1169 2936 Aegyp·

157 2950 236 3006 tiacis
258 2946 397 3004 mensibus
421 2946 462 3002 usi
484 2954 550 3000 sunt
563 2945 661 3000 Athen.
685 2961 746 3000 cum
768 2946 885 3018 primum
908 2945 990 3002 lixum
1014 2947 1172 3005 erstanden

157 3050 259 3090 annum
281 3030 474 3088 adhibuerunt.
504 3030 560 3085 lmo
583 3047 646 3085 vero
668 3029 785 3103 idipsum
800 3031 872 3104 apud
886 3030 947 3086 illos
962 3033 1173 3106 antiquissimu

158 3119 243 3175 fuisse
265 3133 319 3172 non
342 3116 445 3189 primus
468 3114 603 3187 Scaliger,
633 3123 665 3169 ut
686 3114 832 3187 glorietur,
855 3115 903 3172 sed
926 3115 997 3171 Gaza
1019 3128 1085 3175 ante
1106 3118 1175 3174 ittun

158 3202 251 3259 docuit
273 3200 319 3256 lib.
343 3201 376 3256 de
399 3198 554 3264 mensibus,
577 3198 622 3253 ulti
645 3197 678 3254 de
701 3217 771 3256 anno
794 3201 922 3275 disputat.
962 3201 1071 3258 Etenim
1095 3218 1175 3259 amnt

158 3287 269 3360 (inquit)
293 3284 364 3358 opud
387 3284 447 3339 illos
470 3292 528 3339 erut
549 3281 657 3356 duplex,
682 3283 751 3340 olter
772 3285 875 3341 dierum
894 3288 963 3350 360,
987 3287 1067 3343 cuius
1084 3290 1113 3344 in
1126 3287 1176 3344 line

157 3370 321 3446 appendices
346 3372 363 3425 5
392 3368 448 3424 dies
471 3367 676 3433 inserebantur,
705 3369 738 3424 ed
762 3387 830 3443 quos
853 3379 950 3445 quarto
973 3388 1088 3445 quoque
1111 3388 1176 3431 anae

157 3457 214 3514 dies
237 3472 308 3512 unus
331 3451 484 3510 accedebat.
515 3452 591 3508 Alter
613 3453 725 3508 Lunaris
748 3455 807 3511 luit.
852 3456 881 3511 ln
903 3456 995 3529 priore
1019 3458 1108 3514 dorma
1130 3459 1178 3514 tn·

157 3542 260 3600 cenarii
279 3556 388 3596 meuses
412 3547 497 3601 erant,
521 3537 553 3593 od
576 3539 685 3594 modum
701 3541 857 3612 Aegyptiaci
875 3541 947 3605 anni,
971 3540 1086 3598 ultimus
1102 3558 1179 3600 men·

157 3629 195 3687 sis
220 3625 330 3685 siolo
354 3622 450 3682 diebus
472 3623 577 3679 auctior
600 3632 667 3679 erat.
697 3623 769 3680 Haec
785 3625 862 3680 Gara.
892 3625 972 3693 Quod
995 3637 1092 3683 utrum
1108 3630 1179 3702 pris·

156 3714 195 3773 cis
217 3712 270 3769 illis
284 3708 462 3784 ‘temporibus
485 3724 537 3762 usu
559 3708 683 3781 populari
706 3720 845 3784 receptum
869 3711 958 3774 luerit,
983 3710 1048 3767 alibi
1065 3712 1180 3769 disseri·

157 3807 212 3856 tur.
243 3797 309 3853 Post
331 3792 460 3852 lulianam
483 3793 592 3866 quidem
615 3792 769 3858 editionem,
793 3805 875 3869 atque
890 3795 1034 3868 Epiphouii
1057 3797 1177 3862 snecrrlo.

157 3882 291 3942 eiusmodi
319 3896 418 3937 annum
448 3878 620 3936 observatum
642 3879 754 3934 Athenis
778 3880 875 3945 luisse,
905 3881 1013 3936 euhoe
1036 3881 1180 3956 Epiplnanii

156 3968 219 4026 loco
241 3963 337 4026 coniici
358 3973 459 4040 potest.
491 3963 523 4019 Ut
546 3963 616 4018 enim
631 3964 810 4037 Aegyptiacus
833 3982 920 4021 onnus
938 3965 1080 4023 mensibus
1097 3969 1180 4025 trice·

82 4045 94 4069 ⁸
156 4056 240 4115 uirus
267 4058 412 4128 constane,
442 4066 504 4108 cum
532 4048 664 4127 hactenus
693 4048 744 4104 diei
767 4051 934 4133 intercalaris
957 4052 1108 4109 omissione
1129 4070 1181 4129 per
