2586 4822
501 835 794 887 tutbtuvtbsturtus.
1113 824 1154 884 45

129 992 267 1056 bensium,
291 998 320 1047 et
341 990 532 1064 Hieronymum
556 991 591 1048 ita
614 991 728 1065 leghem
756 991 812 1048 Vae
832 993 926 1056 οοοίο.
949 993 1017 1065 peis
1039 993 1103 1047 eatis
1124 1001 1156 1047 ut

130 1082 322 1141 monumenta,
345 1090 418 1148 puae
438 1093 496 1132 κοιι
518 1086 667 1149 apparent,
690 1086 742 1133 etc.
772 1076 866 1151 Neque
887 1077 1016 1134 vocabula
1038 1077 1088 1133 ista
1111 1094 1158 1133 re·

133 1163 289 1237 periuntur‚
313 1160 430 1217 Scribere
453 1169 479 1216 et
495 1162 646 1217 Pharisaei
667 1162 839 1234 hypocritae.
870 1163 903 1218 Et
925 1170 1037 1236 apparet
1052 1165 1078 1216 in
1095 1163 1158 1235 qui·
1228 1194 1232 1199 -

133 1246 250 1304 busdaur
274 1245 337 1302 olim
355 1246 519 1302 Graecorum
543 1247 681 1312 codicibus
704 1247 747 1302 itta
771 1248 903 1303 defuisse:
928 1264 998 1320 quae
1013 1248 1035 1302 si
1051 1264 1159 1320 expun-

134 1341 252 1407 gantur,
275 1330 375 1404 peribit
396 1341 585 1403 argumentum
608 1332 682 1395 iilud,
707 1349 760 1404 que
784 1333 869 1388 fretus
886 1333 998 1388 brusias
1014 1325 1160 1405 νομικοὺς

134 1415 270 1473 aScribis
293 1416 459 1473 distinxerat.
490 1417 522 1472 Et
545 1418 665 1490 utramvis
688 1417 724 1471 ita
748 1425 778 1470 ut
800 1418 827 1472 in
844 1418 952 1473 Graecis
976 1425 1056 1482 extat,
1080 1417 1157 1474 Scri·

135 1506 191 1559 bae
213 1511 239 1556 et
261 1501 412 1557 Pharisaei
434 1501 564 1574 legamus,
588 1519 642 1557 nun
659 1501 721 1557 inde
737 1511 826 1557 tamen
842 1503 985 1558 discrimen
1000 1503 1066 1558 iliud
1082 1505 1158 1558 eviu-

134 1589 216 1643 citur.
248 1587 286 1642 lta
309 1587 380 1642 euim
403 1588 576 1660 interpretari
598 1587 677 1643 licet:
701 1604 761 1642 cum
785 1588 917 1643 hactenus
939 1588 966 1643 in
989 1589 1062 1643 seius
1085 1588 1158 1643 Pha-

135 1674 241 1729 risaeos
263 1672 385 1726 invectus
402 1681 483 1736 esset,
508 1681 647 1745 postremo
664 1689 761 1741 comitr.
779 1676 828 1736 44,
853 1674 886 1729 ad
902 1673 1061 1729 Pharisaeus
1078 1674 1158 1728 etiam

135 1756 246 1813 Scribas
269 1756 407 1812 adiecisse.
439 1757 515 1824 Quod
539 1774 600 1812 cum
616 1757 724 1829 indigne
741 1757 847 1813 tulisset
863 1759 979 1830 quidam,
1004 1759 1049 1830 qm
1065 1758 1158 1813 Scriba

135 1841 334 1904 tantummode,
359 1857 413 1896 nan
435 1841 596 1898 Pharisaeus
621 1852 707 1906 esset,
732 1842 765 1897 de
781 1860 811 1897 ea
828 1861 856 1898 re
872 1853 1061 1916 conquestum,
1085 1843 1158 1915 quaed

136 1945 192 1984 nun
216 1927 297 1982 uredo
312 1926 481 1990 Pharisaeos,
505 1944 597 1982 verum
622 1937 648 1983 et
671 1927 793 1983 ordinem
811 1945 890 1982 suum
906 1929 1063 1983 incesseret.
1087 1927 1158 1983 Haec

118 2030 199 2085 ‚esse
219 2021 311 2085 petest
326 2011 521 2084 simplicissima
538 2013 618 2068 iratius
633 2013 695 2076 loci,
718 2013 910 2087 aptissimaque
926 2013 1069 2069 sententia.
1092 2012 1158 2067 Nam

136 2098 250 2154 omuino
263 2087 406 2169 νομικοὺς
417 2097 585 2170 proscribis,
599 2108 626 2154 et
638 2098 762 2161 vicissim,
775 2097 959 2170 Evangeiistae
970 2115 1064 2153 omnes
1075 2114 1161 2152 usur-

136 2191 212 2257 pant.
259 2181 413 2237 Scribarum
436 2199 519 2254 perro
542 2200 640 2238 ruunus
664 2192 691 2238 ct
714 2172 992 2256 officium'praeciare
1015 2182 1158 2255 descripsit

136 2268 235 2341 Epipb.
258 2284 318 2321 cum
345 2267 381 2321 ait
404 2259 594 2341 d‘tertpurre'c
608 2286 692 2335 τινος
707 2271 762 2323 τοῦ
779 2259 874 2341 νόμου
890 2269 984 2332 fuisse,
1000 2259 1043 2334 ιῖις
1056 2285 1159 2343 ypapt-
1169 2279 1197 2330 31

136 2343 270 2426 pereuntia
290 2368 358 2407 τινα
379 2342 547 2426 ἓνιιστήμην
567 2345 806 2429 ὕφηγουμίιόος.
837 2353 910 2421 Quos
934 2353 1042 2426 quidem
1059 2371 1089 2408 cx
1105 2354 1158 2409 Lc-

137 2439 215 2493 ritica
239 2436 321 2491 Tribu
351 2438 470 2492 extitisse
492 2455 633 2511 perperam
657 2440 766 2493 atitrutat
790 2438 866 2493 beza.
912 2439 976 2494 Nam
1001 2457 1015 2494 c
1039 2437 1159 2511 qualibet

138 2540 198 2579 esse
221 2530 358 2596 poteraut,
382 2531 413 2578 ut
436 2531 462 2577 et
485 2522 630 2578 Pharisaei.
1013 2519 1024 2541 “

226 2609 265 2666 32
281 2624 305 2662 c.
336 2608 440 2684 πυγμῇ
461 2601 517 2679 μὲν
538 2603 594 2674 τὰς
609 2610 718 2682 χεῖρας
740 2598 925 2679 κοπτόμενοι]
962 2603 1080 2683 Πογμῇ
1103 2623 1158 2661 οοο

136 2693 217 2749 aliter
239 2692 344 2764 accepit
359 2693 524 2764 Epiphanius
547 2710 577 2748 ac
599 2693 712 2765 vulgatis
736 2692 880 2764 interpres.
904 2709 954 2764 pro
978 2709 1009 2747 eo
1028 2691 1101 2763 tptrod
1117 2699 1160 2746 est

136 2780 247 2841 meiero,
270 2779 445 2848 frequenter:
468 2795 518 2849 pre
541 2795 596 2851 qua
618 2778 686 2832 beza
708 2777 833 2832 novitatis
857 2777 1045 2849 intempestivo
1068 2776 1159 2832 studio

124 2879 233 2936 pupae
258 2861 382 2925 reddidit,
406 2879 471 2916 sane
493 2862 627 2934 imperite.
659 2863 711 2918 Sed
728 2863 760 2917 de
780 2862 886 2917 ludaico
902 2862 1017 2934 quodam
1033 2860 1159 2917 abluendi

130 2964 257 3022 genere,
289 2963 342 3019 quo
371 2947 403 3001 ad
432 2964 553 3003 summos
582 2965 669 3022 usque
698 2947 797 3019 digitus
821 2964 916 3002 mantis
939 2946 1076 3009 lavabant,
1101 2945 1160 3000 vide

125 3033 292 3090 Semurium
315 3041 438 3086 nostrum
463 3034 490 3095 2,
509 3034 536 3090 3.

227 3118 266 3174 32
283 3117 309 3171 d.
340 3112 389 3171 καὶ
412 3110 608 3193 φυλακτήρια
629 3106 701 3192 παρ’
719 3108 834 3188 αὐτοῖς]
859 3116 1006 3171 Deuteron.
1021 3118 1048 3180 6,
1064 3117 1080 3173 8
1097 3131 1159 3170 cum

121 3196 328 3259 mandaterum
351 3219 462 3256 suorum
479 3202 568 3274 iugem
585 3210 612 3256 et
627 3201 760 3255 assiduam
776 3201 976 3257 meditationem
991 3201 1162 3275 praeciperet

120 3284 228 3343 Deus:
253 3286 289 3340 Et
311 3288 421 3356 iipabia,
446 3287 541 3359 inquit,
565 3304 599 3340 eu
614 3287 697 3357 quusi
712 3288 821 3357 siparum
835 3288 865 3341 in
879 3296 1040 3349 mentetua,
1064 3293 1161 3341 erunt·

119 3390 192 3446 quc
216 3381 242 3427 et
264 3374 447 3426 movebuntur
467 3374 543 3426 inter
564 3373 660 3426 acutus
684 3379 753 3434 tuos,
778 3371 908 3427 hebraice
931 3370 1071 3447 tinemuta&
1095 3384 1161 3429 tamt

113 3464 226 3534 *tw
250 3469 308 3530 γι.
340 3457 488 3512 Chaidaens
510 3453 630 3532 pbsnb.
659 3455 696 3510 be
719 3456 872 3529 Tetapboth
896 3464 949 3512 tam
972 3457 1005 3512 ab
1032 3456 1160 3512 Hebraeis

113 3560 222 3618 ‹puam
246 3559 260 3595 a
283 3543 384 3597 nostris
407 3543 477 3598 varie
500 3542 661 3615 disputatur.
702 3541 766 3596 Lxx
789 3559 838 3614 pru
862 3559 892 3598 ea
915 3559 980 3597 voce
1007 3532 1161 3597 ἀσάλιοτα

111 3628 275 3686 teddunt:
300 3623 348 3681 aui
372 3619 509 3682 ἴστωσαν
530 3618 684 3682 dedicaret
700 3620 759 3700 apd
775 3619 954 3703 ὀφθαλμῶν
968 3627 1041 3681 σοῦ.·
1065 3635 1090 3680 et
1104 3628 1161 3681 sint

106 3712 306 3768 immobilia.
350 3713 385 3766 ht
406 3711 526 3785 Scaliger
554 3712 644 3784 inepte
673 3711 785 3766 credidit
814 3703 969 3768 ἀσάλευτα
996 3711 1066 3766 idem
1099 3727 1161 3766 esse

114 3807 224 3871 atque
247 3799 387 3852 amuteta:
418 3814 502 3869 puam
522 3813 630 3860 uocem,
655 3796 756 3871 inquit,
781 3794 967 3851 Grammatici
987 3798 1110 3850 οοοάιιοι
1130 3797 1162 3851 itt

113 3896 195 3938 tite
218 3882 325 3937 Lesica
347 3884 512 3937 retulerunt.
553 3882 651 3954 ltaque
672 3884 746 3937 idem
768 3891 809 3937 est
831 3873 1000 3937 ἀσάλευτον
1027 3877 1076 3937 καὶ
1100 3898 1162 3958 ‹pv-

123 3959 315 4045 λακτήριον.
346 3966 398 4022 Sed
420 3967 492 4023 unde
515 3969 568 4023 hoc
591 3967 698 4022 tandem
722 3964 823 4023 habeti
852 3966 917 4022 iiam
937 3959 1091 4023 ἀοάλιοτοι
1107 3981 1162 4021 οοο

131 4051 321 4116 substantive,
344 4069 433 4126 neque
455 4051 488 4107 ad
510 4069 568 4108 rem
590 4061 691 4109 certam
715 4051 931 4124 significandam,
954 4052 1001 4106 sed
1023 4050 1161 4113 adiectum,

136 4144 174 4191 et
194 4128 346 4215 ἀορίστως
366 4147 542 4210 usurparunt.
586 4137 690 4202 Erunt,
719 4136 822 4209 inquit,
845 4138 959 4191 immuta
980 4134 1162 4189 anteuenias
