2586 4822
595 734 768 845 i'lilEFleO.
1131 782 1189 845 165

254 946 367 1005 nemum
388 948 509 1023 episcopi
529 948 639 1023 qnidam
661 948 785 1023 Aegyptii
807 950 853 1022 anui
876 944 1066 1009 bincaesareae
1086 952 1114 1009 io
1136 968 1227 1017 ex-srs

133 1032 199 1091 iio
245 1040 322 1091 erent
349 1030 478 1090 sinemus
506 1033 701 1108 Apollinarium
729 1033 881 1091 scribentes
909 1036 979 1091 inter
1009 1046 1099 1093 cetera
1121 1036 1190 1093 baec

136 1116 283 1176 tabent:
312 1118 357 1173 Ati
375 1118 447 1175 baec
468 1120 553 1175 etiarn
576 1127 601 1175 et
623 1120 699 1175 alias
721 1120 847 1183 litteras,
869 1120 899 1176 in
921 1122 1022 1193 quibas
1045 1122 1191 1179 accusavit

140 1205 357 1261 venerabilem
385 1203 627 1277 archiepiscopum
656 1203 741 1275 Cypri
768 1202 975 1277 Epiphaniam,
1005 1206 1190 1263 orlbotiaauat

146 1296 165 1343 et
205 1289 464 1345 lronmanirontem
485 1304 595 1361 seraper
617 1289 777 1345 beatissimo
795 1307 893 1363 praepar
909 1298 1004 1345 nostro
1015 1291 1189 1347 Athanasio:

149 1372 261 1429 nahae
287 1374 374 1429 etiam
402 1382 428 1430 et
454 1376 660 1430 sanctissimum
687 1374 864 1440 Tarsensem,
894 1385 920 1431 et
941 1378 1190 1433 communionum

153 1459 297 1515 simililer
325 1460 406 1515 beato
433 1476 529 1532 papae
551 1467 646 1515 nostro
669 1458 840 1525 sltbanasio,
870 1469 895 1516 et
917 1469 1042 1515 inosti-ant
1063 1463 1190 1533 ipsoram

157 1544 329 1617 episcopum
342 1542 498 1599 Diodorum
520 1545 695 1599 abiudicavit
715 1546 819 1599 iniuste
839 1562 892 1617 per
909 1547 1046 1618 proprias
1069 1548 1187 1609 litteras,

161 1628 179 1682 si
207 1646 271 1685 noa
291 1629 472 1685 abstinuisset
494 1646 513 1685 a
533 1630 724 1684 aarrtmuniune
746 1632 949 1685 antedictorum
970 1630 1189 1687 (asmodaeum

165 1713 363 1787 episcoporum
384 1713 501 1769 Paulini
526 1722 551 1769 et
572 1714 739 1788 Epiphania

253 1798 307 1857 llas
329 1807 447 1873 spintuor
468 1797 597 1874 epistolas
619 1799 652 1855 aal
668 1816 751 1855 uuum
767 1797 947 1873 curandumque
962 1799 1107 1856 iliodorutn
1125 1818 1190 1874 per·

172 1881 256 1941 tinere
283 1902 316 1941 ex
345 1900 438 1939 earum
467 1893 595 1941 contextu
624 1883 692 1939 adeo
720 1884 792 1940 clare
820 1892 910 1957 patet,
940 1893 970 1940 nt
992 1902 1027 1941 ne
1049 1884 1188 1941 dubitatnli

175 1968 277 2039 quidem
299 1969 377 2026 locus
399 1970 435 2026 sit
456 1968 544 2032 ullus;
568 1970 705 2042 pertinere
727 1978 818 2025 auteur
840 1986 886 2025 cas
904 1970 938 2025 aul
955 1970 1099 2026 biodorurn
1115 1968 1188 2043 Tyri,

178 2066 226 2109 nou
253 2063 344 2111 autem
372 2053 404 2108 ati
433 2054 507 2110 itinn
530 2052 621 2117 Tarsi,
650 2055 693 2110 cui
723 2071 768 2111 eas
797 2054 880 2110 relect
903 2054 1060 2117 Facurralus,
1090 2072 1122 2111 cx
1144 2054 1188 2111 ills

183 2136 314 2202 ltbanaaii,
338 2147 366 2195 et
389 2156 421 2195 ex
442 2138 486 2195 itu
500 2140 694 2212 Acgyptiorum
716 2140 917 2213 episcoporum,
940 2140 1014 2213 ‹puod
1035 2140 1117 2196 etiarn
1139 2157 1189 2195 su-

184 2224 262 2291 perius
281 2224 487 2287 aelmonuiruns,
516 2224 684 2297 intelligitur.
729 2224 795 2281 Ciam
818 2224 888 2280 enim
911 2224 1033 2299 episcopi
1053 2226 1187 2299 nlugyptii,

186 2320 235 2363 tuus
260 2309 331 2383 aputl
360 2308 563 2366 biocaesarearn
591 2308 732 2365 enuluent
755 2308 872 2365 l'alentis
894 2308 1039 2366 Ecclesiam
1069 2310 1189 2366 nexuistis

93 2411 97 2449 ι,
187 2388 256 2457 iussu,
277 2394 418 2467 epistolam
441 2393 511 2450 illurn
534 2394 707 2467 scripserint,
734 2402 762 2450 et
784 2402 859 2451 certo
882 2403 990 2450 constet
1011 2395 1188 2451 sltlrauasiuur

189 2474 266 2535 sallem
285 2496 330 2535 an.
354 2478 454 2535 Christi
477 2482 536 2537 sta
560 2478 644 2535 luisse
666 2480 718 2534 nm
740 2488 893 2535 mortuum:
924 2478 1057 2535 bioilorus
1080 2480 1190 2551 episco-

191 2574 229 2627 pus
246 2562 276 2619 ab
297 2563 337 2621 eis
358 2564 483 2619 laudatus
505 2580 674 2639 nonnusquam
696 2563 779 2635 igitur
794 2581 855 2619 esse
870 2573 962 2636 potest
976 2563 1110 2620 bioilorns
1122 2564 1190 2619 Tar-

191 2648 268 2710 sensis,
289 2664 371 2722 niuem
393 2648 496 2705 resltlita
518 2666 533 2705 a
557 2648 667 2705 l'alente
683 2648 819 2704 Ecclcsiae
835 2664 911 2721 praee,
934 2648 1007 2721 quoni
1023 2665 1093 2703 anno
1110 2648 1191 2703 Cirri-⁸

192 2728 216 2782 ili
229 2734 280 2792 sti
302 2734 411 2791 circiter
432 2733 554 2808 contigit,
578 2734 764 2807 episcopatum
779 2733 907 2806 adeptum
922 2749 984 2789 esse
1000 2733 1189 2789 Tbeotloretns

193 2808 251 2874 llist.
269 2818 313 2875 lib.
335 2818 355 2873 l·'
376 2834 434 2891 cap.
452 2822 482 2877 l.
506 2818 607 2875 diserte
629 2818 724 2883 tradit,
749 2826 777 2873 ct
799 2827 939 2891 paracterea
963 2817 1086 2891 pluribus
1108 2818 1189 2875 etiarn

192 2902 387 2976 novissimisque
414 2903 467 2960 alio
494 2903 617 2960 denluctis
644 2904 808 2961 carricaturis
831 2903 978 2967 evincitur,
1008 2920 1076 2976 eluas
1098 2903 1188 2958 viilcre

192 2990 223 3035 est
240 2989 302 3061 aputl
326 2988 526 3046 Tillcarontiuar
549 2998 607 3045 not.
623 2992 668 3053 ll,
693 2988 733 3043 De
755 2988 881 3045 Diodoro
906 2988 989 3043 Tarsi
1011 2998 1064 3045 etc.
1094 2987 1188 3063 ltaque

192 3060 271 3128 lustra
290 3074 426 3148 Epistolae
447 3074 586 3130 Athanasii
609 3072 698 3137 titulo,
721 3090 802 3148 qinein
825 3071 986 3137 adtulimus,
1010 3082 1073 3146 post
1094 3089 1187 3129 uocem

192 3161 377 3223 wuaceraon,
405 3175 476 3232 «puae
504 3175 556 3215 uua
586 3159 652 3215 satis
680 3168 723 3215 est
744 3158 777 3214 sil
799 3158 966 3214 inclinandam
990 3158 1113 3221 iliodori,
1144 3158 1188 3213 cni

193 3236 271 3311 stapla
291 3254 333 3301 est
356 3243 479 3317 epistola,
503 3243 684 3317 episcopalem
707 3244 879 3317 lignitatem,
902 3242 1026 3309 additur,
1056 3244 1187 3316 episcopo

195 3314 272 3394 Titiis
292 3338 321 3385 et
342 3328 545 3402 suppresititium
569 3329 679 3385 orsinino
702 3338 745 3384 est
766 3328 878 3384 neritum
899 3328 1062 3383 Tarsensem
1084 3329 1111 3383 in
1127 3328 1188 3399 sepni-

193 3404 245 3465 llbla
275 3414 439 3470 exulantium
467 3414 659 3487 episcoporum
690 3413 820 3487 Aegypti,
850 3414 924 3487 quod
952 3412 1004 3469 nisi
1034 3422 1186 3486 temporina

192 3490 245 3549 aba
269 3499 440 3563 ostenderet,
469 3508 544 3555 certe
572 3516 604 3553 ex
633 3515 666 3555 co
694 3516 804 3573 «suoque
833 3507 986 3563 constaret,
1015 3498 1089 3570 quod
1111 3498 1186 3553 rrirlln

190 3576 255 3638 bolo
273 3584 323 3641 ilici
345 3584 466 3657 potnerit
487 3584 680 3639 comminatum
702 3600 762 3639 esse
777 3583 970 3656 :insollinariuin
985 3582 1103 3639 biorloro
1118 3582 1256 3637 laur-nint

192 3666 249 3721 fflsi
267 3686 458 3742 percussurum
481 3686 511 3725 sc
534 3686 595 3725 esse
610 3668 685 3725 illum
700 3669 881 3733 arratbenrate,
904 3668 954 3723 nisi
970 3686 984 3723 a
1000 3668 1104 3724 Paulini
1119 3685 1188 3723 trutt-

191 3752 312 3811 tttsluiline
335 3753 493 3819 abstineret,
516 3770 579 3809 cum
602 3770 740 3828 utinquam
757 3753 801 3809 laio
817 3752 950 3810 Diodorus
965 3752 1069 3809 Paulini
1086 3763 1186 3825 partes,

192 3828 231 3887 ld
251 3856 353 3913 seraper
381 3838 440 3895 illas
462 3838 559 3896 ttetent
589 3839 707 3896 tenuerit
734 3848 816 3911 ataine
839 3837 964 3895 Flauiani.
1008 3838 1078 3905 (lirin
1107 3836 1187 3892 etiam

197 3912 277 3979 basis
298 3926 358 3981 illa:
383 3932 508 3981 nostrane
529 3926 655 3998 ipsoram
677 3925 838 3997 episcopam
858 3923 927 3980 caleo
949 3922 1056 3980 aliliicilc
1079 3931 1185 3995 aptare-

203 4004 346 4066 tttbionloro
363 4008 439 4065 Tarsi
455 4010 481 4066 in
499 4010 588 4066 Cilicia
610 4010 749 4083 episcopo,
773 4025 854 4081 apuam
876 4008 952 4066 facilc
974 4014 1083 4080 aptatur
1097 4006 1188 4081 Tyrio.

208 4086 305 4159 'listoloe
326 4104 453 4152 auctores
476 4096 503 4151 in
526 4094 702 4153 Diocaesarea
723 4093 858 4167 «legebant
874 4092 1036 4151 l'bocniciac
1059 4090 1136 4161 urbe,
1160 4102 1188 4149 ct
