2586 4822
497 797 606 848 musto
625 797 766 856 amieos.
1082 786 1144 848 att

71 954 75 979 ¹
148 955 202 1009 niem
225 954 267 1029 qui
296 953 371 1010 missi
401 955 524 1019 luerent,
554 953 623 1026 legis
652 951 820 1026 putabantur
847 952 985 1009 custodire
1009 955 1143 1012 mandata.

148 1038 198 1094 llicit
216 1039 283 1096 enim
302 1039 444 1113 Scriptura
455 1037 475 1111 ¹)
498 1040 531 1095 de
553 1039 634 1112 ipsis:
661 1038 802 1105 Quoniam
824 1047 986 1093 manserunt
1007 1040 1144 1109 facientes

148 1124 212 1192 legen
232 1123 295 1188 ttet,
325 1131 352 1178 et
380 1125 533 1179 odorantes
556 1124 634 1178 idolo
654 1123 786 1194 propriu.
832 1122 898 1176 Cum
921 1139 984 1177 vero
1008 1123 1049 1178 len
1074 1125 1144 1180 idola

149 1207 275 1264 nullatenus
297 1207 434 1264 adoranda
456 1208 613 1281 praecipiat,
637 1207 775 1279 ‹puomodo
799 1207 840 1261 lex
863 1205 895 1260 ab
917 1207 955 1261 eis
972 1216 1079 1279 poterat
1094 1225 1145 1263 eu-

125 1291 237 1348 hstodiril
267 1293 457 1348 Verumtamen
480 1293 530 1347 ista
554 1308 634 1348 eausa
659 1291 721 1346 hinc
740 1292 858 1346 insinuat
874 1290 1067 1361 intelligentiae
1084 1302 1167 1351 [πο-5

150 1375 202 1430 litut.
228 1377 349 1433 Scientes
373 1377 552 1449 profanissimi
570 1368 758 1446 sacerdotesl)
775 1384 982 1430 memoratarum
1000 1371 1142 1449 qumnor')

151 1462 253 1530 gentium,
278 1478 340 1518 eum
355 1461 474 1517 llesdras
490 1461 617 1517 sacerdos
640 1460 740 1515 missus
763 1459 908 1519 atlvenerit.
933 1460 979 1533 qui
1003 1461 1144 1516 abomina-

151 1541 209 1600 hatur
226 1546 294 1602 idola
316 1546 390 1601 iuxta
412 1545 498 1601 divina
522 1555 675 1618 praecepta,
700 1554 728 1600 et
750 1544 873 1618 ‹piisquis
896 1545 1062 1601 inveniretur
1084 1563 1145 1600 ser-

214 1661 235 1720 ll
251 1662 278 1710 ll'
292 1661 348 1722 lteg.
368 1661 435 1722 llllll,
455 1661 494 1710 33.

158 1768 428 1780 -ᾑ--ι

153 1824 186 1873 lud.
199 1828 289 1879 lihllll
309 1842 362 1892 cap.
374 1829 404 1879 ta
422 1826 447 1892 ξ.
459 1830 482 1889 5,
502 1836 525 1877 et
543 1829 611 1877 titan
630 1828 707 1891 capit
728 1824 751 1890 ξ.
764 1828 786 1881 l.
807 1842 899 1875 necnon
920 1829 943 1876 S.
959 1829 1022 1877 loun
1044 1829 1146 1892 Clrrgso·

154 1901 219 1945 stanna
236 1897 340 1947 liutmdl
364 1901 387 1946 iu
405 1899 520 1947 laertium.
563 1897 647 1944 Cetera
674 1903 749 1958 ctgma
775 1896 854 1943 nrinus
880 1897 975 1959 propria
994 1905 1062 1954 sunt,
1092 1899 1147 1945 lieet

154 1959 203 2017 llud,
223 1966 284 2028 qnod
302 1965 436 2013 Samaritae
459 1965 504 2013 hoc
522 1966 619 2012 nomine
638 1964 695 2012 dieti
716 1965 762 2011 sint
782 1963 831 2012 iere
850 1977 877 2011 ae
896 1967 1015 2022 custodes,
1039 1973 1145 2013 veterum
1197 2016 1209 2028 ‚

154 2027 222 2086 tlunmi
238 2033 398 2092 crediderint,
419 2033 450 2081 ita
470 2034 532 2081 enim
552 2033 683 2079 sentientes
703 2043 785 2080 einum
806 2046 878 2093 opera
897 2032 1026 2079 consulens
1040 2033 1144 2081 invenias

155 2095 259 2160 lingencm,
276 2101 438 2160 Ambrosium,
452 2101 617 2160 augustinum,
632 2101 771 2160 {luguriam
789 2113 907 2160 triagnnm,
922 2099 1059 2160 Eusebium,
1073 2100 1149 2148 alios·

156 2176 196 2222 que,
211 2183 305 2230 qnorum
325 2176 404 2216 tamen
424 2168 496 2230 aliqui
517 2168 546 2216 ad
566 2168 699 2216 custodiam
719 2168 790 2228 legis,
810 2167 849 2215 alii
868 2167 897 2215 ad
916 2168 1049 2216 custodiam
1069 2176 1146 2217 terrae

155 2237 222 2292 ethnon
241 2235 298 2284 illud
316 2236 432 2285 celerant.

215 2319 236 2369 hl
259 2320 418 2379 Sacerdotes,
444 2320 484 2382 qni
505 2319 568 2367 idola
587 2319 780 2379 absconderunt,
800 2320 948 2381 septuaginta
967 2320 1054 2382 luisse,
1075 2321 1145 2369 tradit

154 2381 258 2448 Procopius
277 2388 385 2437 Gaaaeus
403 2392 427 2436 in
447 2391 511 2437 deut.

216 2473 230 2523 il
254 2473 342 2521 Gentes
369 2474 392 2520 in
412 2473 543 2521 Samariam
569 2487 582 2520 a
606 2487 661 2533 rege
680 2472 775 2534 Assyrio
795 2472 881 2519 missas
900 2472 1006 2533 qriiinpue
1025 2471 1099 2518 luisse
1119 2487 1147 2520 en

150 2535 209 2585 dirino
224 2541 413 2603 historiographo
432 2539 586 2601 intelligimus
606 2540 631 2588 lll
646 2540 702 2600 lleg.
721 2555 773 2602 cap.
785 2539 910 2598 xviam:
938 2541 1085 2602 Adduaitpue
1104 2556 1146 2587 uu-

144 2613 182 2653 ten
195 2622 230 2655 res
246 2612 390 2671 Assyriorum
409 2611 437 2657 de
456 2609 578 2671 Babylone,
599 2616 619 2655 rt
639 2610 666 2656 dc
686 2609 765 2663 Cutha,
787 2615 807 2655 et
826 2610 854 2655 de
871 2609 947 2666 Aeoli,
968 2614 988 2654 et
1008 2609 1036 2655 de
1056 2607 1143 2665 drueth,

142 2681 164 2719 et
178 2676 360 2740 deSephurarim,
382 2684 402 2725 et
420 2678 540 2727 collocarit
560 2691 598 2723 eos
616 2678 640 2723 in
658 2678 789 2724 ciuitatibus
804 2676 923 2723 Samariae
939 2676 1051 2736 propilia
1066 2675 1146 2723 lsrael.

141 2740 244 2803 losephus
265 2758 363 2807 quoque
381 2747 457 2808 Autiq.
475 2743 514 2791 lib.
529 2743 556 2791 ll'
576 2743 670 2804 capll
690 2740 755 2802 Μ,
781 2742 882 2804 poptilns
908 2743 930 2788 in
951 2743 1081 2789 §arenariam
1107 2741 1147 2789 de-

136 2808 216 2858 ductos
237 2813 342 2874 quinque
366 2812 441 2860 luisse
467 2811 556 2860 diserte
575 2810 660 2868 tradit,
686 2810 740 2858 lieet
761 2810 826 2857 solus
845 2810 966 2858 Cutlmeos
986 2823 1030 2856 suo
1050 2811 1146 2858 noriiine

132 2879 237 2938 appellet.
271 2881 422 2941 Nicephorus
444 2894 541 2942 quoque
561 2880 727 2940 chronologiae
746 2880 875 2941 tripartitae
894 2876 943 2938 pt
962 2878 1074 2938 capili,
1100 2878 1146 2926 Cu-

132 2947 214 2992 tlraeos
231 2948 304 2996 solum
324 2948 439 3007 nominai,
459 2955 480 2995 et
499 2947 563 3009 apud
582 2946 701 2993 aethuinus
721 2946 785 2994 nullu
804 2945 854 2993 lere
873 2945 919 2993 alio
939 2947 1035 2993 nontine
1054 2961 1082 2993 ao
1100 2947 1146 2993 Cn-

129 3014 250 3062 tinearum
276 3016 390 3079 appellari
417 3015 495 3063 solent
514 3015 669 3074 Samaritani,
696 3013 760 3076 quod
786 3021 864 3060 utrum
890 3028 916 3060 en
943 3027 971 3060 eo
995 3014 1083 3061 lat-tina
1107 3014 1145 3071 sit,

126 3082 193 3144 «guod
218 3084 314 3132 maxima
340 3083 449 3131 coloniae
474 3096 529 3144 pars
554 3083 576 3129 ln
596 3082 726 3130 Sarrrnriam
751 3082 867 3129 deductae
894 3097 919 3128 en
941 3082 1052 3129 cuthaeis
1077 3080 1145 3139 iuret,

123 3157 169 3199 aut
187 3151 251 3212 quod
269 3151 369 3199 llehraei
390 3150 545 3199 samaritanis
571 3164 600 3197 eo
620 3150 715 3197 uonnne
735 3149 834 3197 illudere
852 3149 922 3197 uelint
942 3149 1073 3197 secundum
1093 3162 1146 3196 sus-

120 3220 246 3282 picionem
266 3218 391 3280 Lightlooti
412 3219 474 3281 disq.
496 3219 571 3276 dhon,
593 3225 646 3277 ete,
666 3218 742 3279 eapl
761 3215 785 3279 ξ.
801 3218 825 3277 l,
851 3217 942 3264 rideant
968 3217 1015 3264 alii.
1052 3217 1144 3275 lerum,

120 3286 185 3348 egirid
207 3293 255 3343 est,
274 3287 338 3349 quod
358 3288 382 3335 S.
402 3286 549 3347 Epiphanius
569 3285 639 3344 dicit,
658 3285 732 3332 luisse
750 3294 853 3346 quatuor
871 3293 953 3344 gentes
972 3285 995 3331 in
1015 3285 1146 3333 Santeuiam

117 3354 283 3415 deportatas?
319 3355 442 3402 Praeterea
462 3354 524 3401 haud
543 3353 605 3401 hene
623 3353 730 3400 convenit
749 3367 802 3399 erint
822 3353 898 3400 saeris
918 3353 1011 3401 litteris
1027 3353 1144 3412 Cudaeos,
1174 3390 1189 3425 ο

116 3431 146 3471 et
167 3426 350 3481 ,tnagogaraeos
369 3435 514 3481 recensens,
534 3429 556 3469 et
576 3421 702 3481 omittens,
722 3421 762 3482 apri
782 3427 849 3469 erant
868 3420 897 3468 cle
916 3420 1048 3484 Babylone,
1074 3421 1145 3468 etde

114 3491 205 3543 Araia,
231 3497 253 3536 et
277 3490 307 3538 de
327 3489 418 3538 Emath.
455 3488 538 3546 Quid?
563 3502 607 3536 nee
632 3489 677 3536 sibi
703 3488 747 3550 ipsi
766 3496 879 3536 constans
899 3498 942 3536 est.
980 3488 1087 3545 Quiatuor
1105 3503 1145 3537 cas

112 3560 202 3610 tuisse
227 3565 309 3618 gentes
333 3558 418 3617 docet,
444 3566 467 3605 et
491 3564 594 3620 qtratuor
618 3555 714 3619 quidem
735 3557 845 3618 superius
864 3564 993 3615 memorat,
1018 3556 1146 3614 Cinlmeos,

113 3627 248 3683 Codacos,
266 3627 460 3687 Anagogavaeos,
479 3633 502 3674 et
521 3625 687 3688 Sapphareos,
709 3639 734 3672 en
754 3624 841 3686 ‹pirilms
861 3624 964 3682 Cadaei,
984 3632 1008 3670 et
1027 3627 1146 3682 hnagtsga·

110 3696 170 3743 saei
195 3694 221 3740 in
240 3707 308 3742 sacro
328 3694 412 3742 codiee
430 3693 567 3742 nullatenus
586 3700 762 3751 memorantur,
784 3692 883 3740 inierins
902 3700 980 3739 autern
1000 3699 1022 3738 et
1038 3706 1088 3752 ipse
1103 3692 1146 3737 tius

111 3761 248 3828 praeterit,
268 3769 289 3809 et
309 3768 433 3823 praeterea
453 3775 499 3809 noa
519 3761 621 3822 amplius
640 3769 751 3823 quatuor,
770 3760 812 3806 sed
831 3762 939 3822 quinque
957 3766 1039 3819 gentes
1059 3770 1147 3804 {neum-

112 3840 164 3889 rat,
187 3842 277 3890 nempe
295 3829 348 3878 illas
367 3830 441 3891 ipsas,
459 3843 520 3891 quas
539 3829 611 3877 etiam
629 3842 712 3876 sacrae
728 3829 829 3875 litterae
843 3834 977 3885 recensent,
998 3825 1146 3887 ltahgtnnios,

113 3900 263 3957 cainaeos,
287 3897 350 3945 viros
369 3897 468 3956 Etlram,
493 3896 581 3944 Esacos
601 3902 624 3943 et
642 3894 809 3957 Sepphorium.
847 3895 902 3943 llira
927 3902 991 3942 certe
1011 3908 1038 3939 ea
1058 3898 1093 3939 est
1113 3891 1147 3936 in-

113 3965 322 4023 constantiana
341 3973 368 4014 et
386 3965 522 4013 existimare
541 3977 643 4024 neutrum
664 3977 717 4010 esse
732 3962 851 4022 sidentur,
870 3962 943 4010 lihros
963 3958 1086 4023 Epiphanii
1106 3970 1148 4016 ap-

113 4036 201 4097 prime
227 4041 354 4095 corruptos
379 4033 408 4081 ad
436 4046 480 4079 nos
504 4032 655 4094 pervenisse,
681 4037 719 4078 ant
746 4031 798 4078 eius
824 4031 966 4079 senteutiam
993 4026 1053 4074 haud
1074 4023 1147 4084 probe

114 4116 165 4150 nos
186 4112 296 4160 assequi.
