2586 4822
399 840 476 893 scrn
492 840 715 893 nostinnrsni.
783 825 788 834 '
861 898 865 903 ,
1013 840 1067 889 aar

81 1012 102 1055 ιι
122 994 289 1055 wanda
308 1012 342 1055 ae
361 994 464 1055 melaria
484 995 591 1057 ilbrum
605 996 714 1073 flagitis,
737 996 777 1054 sic
791 1004 919 1071 hannem
933 1012 1067 1071 pussen-

81 1080 151 1141 rnna
178 1080 309 1156 quoda·
337 1097 455 1147 venena.
483 1082 638 1156 patefacere
657 1080 798 1145 volumus:
826 1089 909 1155 atque
930 1081 973 1139 liis
993 1080 1068 1140 runs

81 1166 168 1225 timia
196 1167 327 1239 quedam
355 1175 543 1241 opponentes,
572 1182 642 1241 quse
670 1166 711 1225 rel
739 1166 772 1223 iis
798 1166 845 1240 qui
873 1182 967 1225 morsu
988 1166 1067 1240 petiti

81 1260 113 1309 nt
133 1252 254 1309 remedio
276 1267 337 1309 esse
359 1252 475 1326 possint,
498 1252 540 1309 vel
562 1269 619 1317 cos,
642 1250 743 1325 quibus
764 1267 799 1309 ne
821 1251 939 1309 incidant
955 1251 1069 1325 pericu

81 1350 104 1395 ι
123 1346 179 1403 est,
200 1337 390 1411 praemuniant
403 1345 431 1394 et
445 1347 619 1401 conservent,
638 1337 816 1395 honestarum
832 1352 922 1393 rerum
938 1335 1069 1393 studiosis

81 1421 238 1488 ”unbem
259 1422 418 1478 Pumaiom
439 1422 495 1479 sive
517 1421 635 1479 arculam
658 1421 798 1487 medicum,
821 1420 855 1476 sd
876 1436 972 1479 ennam
990 1419 1069 1494 qnia

81 1505 223 1581 rpentibns
244 1506 291 1563 icti
313 1515 377 1563 sunt
398 1506 556 1571 remelium,
583 1508 641 1563 iure
664 1522 734 1581 opus
756 1506 822 1563 illusl
844 1522 875 1563 ao
897 1505 996 1563 librum
1017 1521 1069 1579 sp·

81 1590 225 1653 llabimus:
247 1591 342 1664 quiin
366 1600 422 1649 tres
444 1601 536 1666 partes
557 1592 666 1657 divisus,
691 1593 820 1649 linereses
836 1591 975 1665 octoginta
989 1606 1070 1647 com-

81 1676 187 1742 ielitnn
209 1691 279 1750 quse
300 1686 457 1750 serpentum
480 1692 511 1733 ac
533 1677 669 1751 reptilium
691 1676 793 1732 similes
814 1685 894 1737 sunt:
917 1675 1069 1733 seeundum

81 1776 115 1821 Ι
142 1760 263 1817 veritetis
289 1762 488 1819 firmamentum
515 1769 543 1819 et
571 1760 697 1819 salutaris
724 1761 847 1819 doctrina
870 1760 987 1834 fideique
1009 1760 1071 1818 lor-

81 1844 120 1905 ala
143 1845 266 1901 subiecta
289 1855 340 1909 est,
364 1862 395 1903 ac
417 1846 517 1905 Christi
538 1864 655 1921 sponsa,
678 1855 771 1903 sancta
794 1845 917 1903 videlicet
937 1844 1068 1910 Coclesit.

81 1930 199 1993 claram
228 1947 299 2004 quae
328 1948 390 1988 curn
419 1931 471 1989 iem
494 1940 552 1989 tum
573 1931 608 1987 sb
630 1931 697 1989 orbe
719 1930 829 1987 condito
852 1948 913 1988 esse
935 1929 1067 2006 eoeperit,

81 2024 144 2075 nea
168 2025 257 2073 tamen
279 2031 329 2090 per
344 2016 444 2073 Christi
460 2016 564 2075 llonrini
587 2016 809 2081 incarnationem,
832 2024 987 2091 temporum
1002 2030 1070 2073 ιιιο-

81 2100 189 2166 mione,
217 2108 281 2157 ante
308 2112 534 2159 commemoratas
561 2118 657 2159 omncs
685 2102 828 2163 haereses.
857 2101 963 2175 mtgnr
986 2109 1069 2174 atque

81 2184 192 2251 blacta,
215 2185 364 2258 eidemque
385 2201 401 2241 a
422 2185 502 2243 nobis
524 2187 550 2242 in
573 2187 787 2244 Commentarios
810 2204 843 2243 ex
866 2186 965 2243 Christi
987 2200 1071 2260 prae-

81 2270 183 2331 anone
205 2271 289 2327 relatu
311 2270 357 2335 (ad
371 2268 542 2327 Aneorotorn
562 2270 676 2328 forsitan
698 2271 767 2328 haee
781 2271 943 2347 respiciunt)
959 2288 990 2327 ac
1004 2286 1071 2327 rur·

81 2372 104 2415 n
135 2365 202 2429 post
230 2355 388 2429 explicatam
415 2373 524 2413 onmem
549 2357 661 2413 istarum
683 2357 835 2414 haereseon
856 2355 1066 2431 improbitstens‚

101 2440 295 2515 apostotorum
323 2439 447 2497 doctrina
473 2450 599 2498 accurate
628 2459 660 2498 nc
689 2441 832 2515 perspicue
854 2441 929 2498 brevi
950 2439 1068 2514 quodam

81 2570 84 2583 .
101 2526 274 2598 ¹compendio
295 2524 433 2591 subiecto3
458 2526 496 2583 uti
519 2542 551 2583 ea
567 2544 596 2583 re
611 2542 707 2582 eorrrm
723 2534 883 2583 recreentur
896 2542 927 2581 sc
942 2524 1070 2581 relleian-

81 2628 87 2653 t
108 2610 205 2675 animi,
227 2612 275 2684 qui
295 2611 370 2667 bunc
391 2612 540 2667 haereseon
563 2611 808 2684 percurrendnrum
827 2609 949 2667 lahorem
972 2624 1070 2666 susce-

81 2692 162 2755 rimt''.

133 2782 185 2839 33.
215 2778 348 2836 Praedicti
370 2790 461 2837 autem
483 2789 539 2836 tros
561 2779 622 2837 iibri
645 2780 684 2837 sic
699 2779 863 2843 dividuntur,
886 2787 918 2835 ut
931 2776 1068 2834 secunrlns

100 2867 203 2925 tertius
231 2865 258 2920 in
286 2872 342 2921 tres
371 2864 470 2939 singuli
493 2874 583 2921 tomos
606 2864 815 2940 dispartiuntur:
844 2873 926 2937 atque
947 2863 983 2920 its
1005 2878 1069 2919 etun

81 2952 145 3015 ino,
169 2950 217 3023 qui
239 2950 368 3007 inilirisus
391 2960 443 3009 cst.
467 2950 598 3007 exsistant
620 2950 685 3008 tomi
700 2958 816 3024 septem.
846 2948 880 3005 bt
894 2948 944 3004 elia
959 2946 1070 3020 quidem

81 3036 190 3111 iphanii
218 3050 316 3108 opere,
347 3044 377 3091 ut
399 3034 580 3108 lliernnymns
608 3036 634 3092 in
657 3034 727 3091 libro
750 3034 792 3090 De
813 3034 998 3107 scriptoribus
1022 3033 1070 3099 ait,

81 3118 238 3179 ineruditis
260 3128 375 3193 propter
396 3136 454 3185 res,
483 3137 497 3175 a
520 3120 730 3193 simplicioribus
753 3128 866 3194 propter
887 3117 967 3175 rcrlra
988 3116 1073 3174 lecti·

81 3206 165 3265 tlttr”.
210 3204 325 3261 Photins
348 3213 437 3261 antem
460 3204 494 3261 cle
516 3205 643 3261 Paourio
666 3205 838 3268 rrorriinntim,
868 3203 923 3260 sire
944 3206 989 3270 (ut
1010 3202 1068 3275 ipse

81 3306 111 3349 Ι
129 3290 273 3347 Anastmlo
296 3290 397 3345 Sinaite
425 3289 567 3363 pluraliter
587 3290 717 3364 appellati
740 3288 907 3352 “Panariis.”
935 3290 974 3345 ait
993 3286 1068 3360 quorl

81 3386 158 3442 utor,
183 3384 270 3448 “pree
290 3374 349 3432 aliis
372 3374 419 3447 qui
441 3383 504 3430 ante
527 3376 616 3447 ipsum
638 3374 767 3431 adversus
789 3375 917 3432 haereses
939 3372 1069 3429 lucubru-

81 3474 137 3517 tsea
158 3460 314 3523 ediderunt,
337 3458 450 3517 uberior
469 3468 552 3535 atque
568 3461 659 3517 ntilior
674 3468 732 3526 est;
755 3477 817 3515 nam
830 3476 880 3516 nec
896 3475 927 3514 ea
943 3463 1069 3531 praetcr-

81 3542 122 3605 irit
141 3560 322 3619 quaecunque
344 3542 377 3600 ab
399 3543 459 3600 aliis
480 3544 587 3618 procliis
608 3544 732 3603 utilitatis
750 3544 851 3620 aliquid
865 3544 1015 3606 continent.
1039 3550 1068 3599 et

81 3642 109 3687 Ι
128 3646 198 3704 quae
220 3630 345 3703 potuita
368 3646 398 3685 se
420 3630 570 3703 excogitata
593 3630 650 3687 aliis
672 3629 781 3695 addidit,
804 3629 909 3686 initium
930 3627 1068 3684 encoma

81 3712 217 3773 thorismo
245 3723 274 3771 et
295 3714 328 3770 ad
350 3712 525 3772 blessalianos
546 3732 633 3790 usqne
654 3716 826 3790 perveniens.
870 3714 961 3769 Genus
983 3727 1067 3786 porro

81 3796 206 3865 imnum
235 3799 325 3873 inquit
345 3799 474 3863 Photics.
505 3799 643 3865 “humilc,
670 3809 697 3857 ct
719 3799 871 3857 cuiusmodi
892 3815 953 3855 esse
975 3804 1069 3872 potest

81 3882 226 3949 ¹U'tltticae
254 3884 394 3940 doctrinae
423 3885 497 3939 ruitis
526 3886 669 3943 exstiterit.
714 3886 767 3943 Sed
795 3885 872 3943 etin
894 3881 1066 3940 conlutanrlis

81 3971 207 4028 teribus
229 3969 391 4043 plenumque
414 3986 509 4043 parurn
531 3986 663 4027 nervosus
685 3980 736 4035 cst,
759 3984 911 4045 quanquam
930 3967 1066 4025 interdum

81 4055 286 4113 munitissimis
315 4054 373 4110 illas
402 4054 552 4111 rationibus
579 4073 611 4112 ac
639 4057 783 4115 sententiis
810 4054 982 4129 apprestitum
1015 4050 1067 4108 etsi

81 4134 132 4199 blo
153 4141 236 4199 elie-tio
258 4140 398 4212 citatque
420 4139 551 4199 orationis
573 4149 711 4199 structure
733 4151 779 4198 aut
801 4140 888 4214 stylus
909 4140 968 4212 ipse
989 4152 1069 4194 com-
