2586 4822
118 812 198 857 xxxii
530 813 556 861 S.
573 810 724 863 EPll'lldllll

118 967 238 1040 episcopi
254 966 467 1023 Samandriensis
489 967 664 1042 eiusdemque
680 966 823 1039 l’ragensis
846 966 949 1031 decani,
972 966 1006 1023 ad
1028 984 1071 1025 me
1084 966 1132 1025 sub

117 1053 198 1109 bnem
229 1052 292 1107 anni
319 1055 394 1109 1677
419 1052 496 1108 datae
518 1069 652 1125 suggem;
680 1052 755 1127 quod
779 1051 919 1126 “aliquae'’
943 1051 1065 1109 eiusdem
1087 1053 1132 1109 “S.

118 1137 259 1211 Epiphanii
282 1136 419 1209 reliquiae,
443 1153 495 1191 una
519 1153 579 1192 cuin
603 1136 714 1195 brachio
730 1137 758 1193 S.
772 1136 887 1193 Theclae
910 1146 938 1192 et
952 1138 1042 1210 capite
1057 1139 1133 1195 unius

117 1241 150 1279 en
180 1216 373 1279 lnnocentibus
401 1221 625 1286 betlrleemiticis,
656 1239 727 1278 anno
762 1224 839 1279 1354
861 1222 956 1279 allatae
986 1223 1089 1279 luerint
1108 1223 1133 1281 ia

119 1307 282 1371 llolaeminnr,
306 1316 332 1361 et
353 1306 447 1362 Carolo
465 1307 496 1361 tv
518 1307 673 1380 imperatori
695 1315 882 1379 praesentatae
897 1325 913 1363 a
927 1307 1049 1363 Protiwa
1063 1307 1134 1364 Sari-

118 1393 224 1450 bowsli
247 1392 403 1464 Segniensi‚
433 1392 489 1446 viro
511 1392 582 1464 apud
607 1392 738 1448 boliernos
760 1391 859 1449 illustri
881 1409 912 1449 ac
934 1392 1002 1464 regii
1025 1393 1135 1467 sangui·

118 1478 190 1535 nis'’:
221 1494 290 1552 quae
320 1475 413 1533 notitia
442 1493 514 1531 nunc
543 1477 657 1548 primum
681 1486 802 1550 reperta,
830 1478 857 1532 in
881 1476 970 1533 lliario
991 1477 1133 1552 Paageusia

118 1562 253 1618 Ecclesiae
275 1562 363 1617 ailhuc
385 1561 562 1618 desideratur.

204 1650 231 1704 6.
277 1646 361 1701 Vitam
389 1647 462 1709 eius,
492 1646 543 1701 iam
565 1646 628 1703 olim
651 1643 841 1719 conscriptam,
864 1646 891 1701 in
913 1663 977 1702 mss.
1003 1646 1133 1704 Vaticanis

118 1732 226 1788 Graecis
249 1732 409 1804 reperimus,
432 1730 503 1787 unde
526 1748 584 1787 eam
600 1731 693 1786 Latine
715 1730 845 1786 redditam
867 1731 970 1803 primus
993 1732 1077 1790 edidit
1090 1732 1134 1789 li·

118 1835 259 1890 pomanus,
282 1817 378 1873 deinde
394 1817 499 1880 Serius,
523 1834 554 1872 ae
569 1817 685 1888 denique
701 1816 834 1879 Petarius,
858 1817 891 1871 ad
905 1817 1006 1872 calcem
1024 1818 1090 1873 tonui
1101 1817 1131 1880 ll.

117 1903 207 1959 addito
237 1903 315 1958 etiam
341 1910 469 1958 contextu
493 1902 610 1965 Graeco,
640 1900 725 1974 qualis
748 1901 775 1956 in
797 1900 932 1957 Medicaeo
955 1902 1029 1974 regis
1051 1902 1134 1958 Fran·

118 1988 174 2043 ciae
198 2005 247 2043 ms.
271 1987 472 2049 inveniebatur,
494 2003 575 2059 quem
599 1996 626 2042 et
648 2004 698 2042 nos
720 1986 782 2042 inde
806 1987 998 2059 transcriptum
1021 2003 1133 2060 accepe-

118 2090 217 2128 ramus.
261 2072 297 2127 Ea
327 2081 411 2127 testes
438 2080 466 2127 et
492 2081 617 2127 auctores
647 2072 764 2144 praefert
792 2070 861 2129 duos
890 2071 947 2127 eius
970 2071 1132 2145 discipuloaa

117 2157 205 2230 primo
233 2157 377 2221 loannem,
406 2156 482 2228 quasi
511 2156 555 2212 bie
577 2157 647 2212 inter
669 2157 727 2213 eins
749 2156 896 2228 discipulos
918 2156 945 2211 in
968 2156 1132 2214 monasteria

117 2259 204 2305 unns,
234 2258 264 2296 ac
286 2242 532 2314 peregrinationum
556 2241 686 2297 variarum
710 2258 800 2298 comes
822 2240 974 2297 individuus
999 2241 1132 2316 usquein

117 2327 235 2399 Cyprum
256 2327 395 2399 scripserit
418 2343 448 2382 ea
470 2343 539 2398 «quae
562 2337 685 2382 sanctum
706 2327 809 2383 viderat
831 2325 972 2382 facientem
997 2326 1131 2388 miracula,

116 2412 252 2484 usquein
276 2411 344 2467 diem
368 2428 422 2483 qno
445 2411 535 2484 coepit
557 2422 705 2467 extremum
728 2412 844 2485 ipsemet
857 2419 1015 2482 aegrotare:
1040 2411 1132 2468 deinde

116 2495 266 2569 Polybium,
290 2497 332 2551 eni
355 2496 425 2552 idem
448 2496 562 2552 loannes
585 2497 732 2552 moriturus
755 2496 921 2568 conscriptas
944 2512 957 2549 a
982 2513 1012 2552 se
1029 2498 1131 2552 chartas

91 2593 94 2601 ·
116 2581 265 2644 tradiderit,
289 2582 456 2654 praecipiens
479 2591 509 2636 ut
531 2599 600 2655 quae
616 2591 850 2655 consequerentur
865 2582 1006 2636 mandaret
1021 2582 1131 2644 litteris3

116 2666 516 2740 promittensqueadliciendos
539 2667 563 2722 ei
585 2683 671 2723 annos
693 2666 771 2729 vitae,
795 2674 825 2721 nt
848 2673 906 2720 toto
929 2674 1055 2739 tempore
1071 2683 1132 2740 per·

115 2759 237 2807 maneret
259 2751 329 2824 apud
351 2751 544 2824 Epiphaniam:
568 2752 613 2824 qni
636 2751 713 2807 etiam
736 2749 863 2822 Polybius
886 2750 946 2806 loco
970 2751 1079 2807 loannis
1099 2750 1130 2807 ab

116 2836 265 2909 Epiphanio
288 2835 427 2891 ordinatus
449 2835 601 2909 presbyter,
625 2853 740 2908 euinque
763 2845 790 2891 et
808 2835 918 2891 Romam
941 2845 969 2891 et
991 2835 1035 2892 bis
1061 2835 1133 2893 Con·

115 2921 318 2994 stantinopolim
341 2929 369 2976 et
389 2921 517 2976 aliorsum
540 2921 692 2984 comitatus,
716 2928 853 2977 mortuum
876 2920 1010 2976 revexerit
1031 2921 1059 2977 ita
1081 2921 1132 2994 Gy·

116 3023 208 3078 prum;
239 3015 266 3061 et
294 3006 356 3077 quia
384 3022 498 3078 corpore
522 3007 579 3061 eius
601 3006 689 3061 adbuc
711 3004 847 3078 insepulto
870 3021 902 3060 ex
924 3022 1052 3078 suprema
1076 3006 1132 3063 eas

115 3089 253 3146 voluntate
282 3090 419 3163 profectus
447 3091 473 3145 in
496 3089 660 3147 Thebaidem
684 3089 722 3145 ibi
744 3098 854 3146 coaetus
877 3089 958 3146 luerit
980 3089 1131 3148 subsistere

115 3173 201 3230 lactus
224 3175 417 3231 lllainocoruris
440 3176 599 3248 episcopus,
629 3185 692 3248 post
718 3191 820 3231 annum
842 3191 926 3230 unum
947 3184 997 3231 aut
1019 3175 1131 3249 amplius

114 3259 254 3331 scripserit
275 3260 307 3315 ad
324 3259 464 3332 Epiphanii
486 3277 672 3317 successorem
695 3259 834 3324 Sabinum,
856 3257 890 3314 ab
913 3276 1003 3332 eoque
1025 3261 1131 3335 patient

113 3345 148 3400 de
168 3346 250 3400 modo
273 3354 300 3400 et
323 3353 446 3417 tempore
468 3346 624 3418 sepulturae
647 3346 798 3419 praedictae
820 3360 870 3418 per
890 3343 996 3400 litteras
1019 3345 1129 3403 instrat:

113 3438 195 3503 atque
218 3430 253 3486 ita
276 3446 336 3485 eum
360 3429 452 3486 Sabini
474 3447 606 3504 responso
628 3431 722 3486 linitur
744 3447 774 3486 ea
802 3428 872 3487 Vite.

198 3515 303 3570 Utinam
331 3531 363 3570 ea
391 3515 429 3571 sic
457 3525 488 3570 ut
515 3517 720 3587 praeferuntur,
755 3523 813 3570 acta
841 3523 935 3571 essent
960 3530 995 3571 ae
1021 3515 1128 3589 scripu·

113 3598 172 3656 Non
195 3599 348 3655 doleremus
371 3600 397 3654 in
420 3600 466 3656 tali
484 3600 547 3657 Vite
570 3599 768 3657 nihilomnino
791 3617 861 3664 esse,
885 3598 957 3674 quod
982 3609 1044 3657 tuto
1058 3597 1130 3657 cradi

113 3684 214 3755 possit,
244 3685 292 3739 sed
321 3685 393 3740 omni
422 3685 473 3740 lide
503 3685 657 3758 dignissima
680 3686 769 3741 lorent
792 3683 912 3757 singula,
941 3700 1033 3758 neque
1054 3683 1130 3743 neb

113 3768 216 3841 uspiam
245 3777 291 3824 aut
319 3768 352 3825 ab
380 3770 496 3841 ipsomet
518 3770 667 3843 Epiphanio
696 3779 744 3826 aut
768 3787 783 3825 a
804 3785 965 3826 coaevorum
988 3779 1130 3827 auctorum

112 3852 227 3909 eliorum
253 3854 360 3927 scriptis
388 3855 572 3910 invenirentur
600 3856 762 3927 discrepare.
807 3853 884 3910 Nunc
915 3870 979 3911 vero
1009 3853 1129 3928 ptum

112 3940 177 3992 Acta
200 3954 231 3993 ea
253 3955 313 3994 esse
336 3940 456 3996 conferta
478 3940 622 3997 mendaciis
645 3940 762 3996 iudicare
784 3948 899 4011 cogetur
920 3954 984 3995 cum
1005 3939 1130 4001 liaroaie

113 4021 146 4078 ad
168 4039 212 4078 an.
230 4024 289 4080 372
312 4040 386 4079 num.
400 4026 472 4088 108,
495 4025 618 4097 quisquis
641 4042 699 4081 eam
721 4024 869 4081 contulerit
890 4040 952 4080 cum
974 4024 1044 4082 inlra
1065 4040 1131 4098 pm-

113 4106 246 4179 poaendis
268 4108 391 4166 censuris
413 4124 462 4165 seu
484 4108 735 4177 obseruationibusp
758 4125 821 4171 nam
835 4109 931 4183 ἰμιω,
952 4108 1131 4184 ian-nepus
