2586 4822
213 774 275 867 {²7⁰
635 820 638 827 .
662 787 779 838 caravri-

212 960 281 999 nuno
295 946 364 1005 351,
388 942 422 997 de
444 958 496 1014 qua
519 941 546 996 in
567 940 754 1014 superioribus
776 938 883 995 abunda
907 939 1011 995 dictum
1035 949 1091 995 ast.
1115 941 1232 1013 Septima

212 1029 299 1086 Sirmii
322 1044 393 1083 anno
417 1031 475 1085 357
501 1028 592 1081 Latine
615 1027 713 1098 scripta
737 1034 791 1088 est,
818 1025 852 1079 de
874 1042 942 1098 qtae,
968 1035 997 1080 ut
1021 1034 1056 1080 et
1076 1026 1109 1080 de
1129 1035 1229 1088 neura,

211 1131 280 1186 quae
302 1114 448 1169 Ariminum
472 1112 573 1185 perlata
597 1121 652 1175 est,
682 1111 888 1181 conscriptaque
911 1127 982 1164 anam
1009 1112 1073 1168 359
1096 1112 1156 1165 satis
1177 1129 1227 1164 an-

211 1208 252 1254 tca
274 1197 476 1270 disputavimus.
506 1197 581 1251 Nona
604 1207 645 1251 est
667 1196 794 1251 Acaciana
811 1195 951 1250 Seleuciae
975 1197 1127 1268 proposita.
1148 1213 1225 1269 quam

211 1300 271 1339 eum
288 1282 426 1338 Sirmiensi
451 1282 528 1336 tertia
551 1282 705 1336 consentire
721 1281 849 1334 authores
866 1280 936 1334 illius
952 1291 1093 1336 asserunt.
1126 1280 1223 1335 Decima

211 1367 442 1440 Constantinopoli
466 1367 497 1421 ali
514 1368 619 1429 Aeacio.
644 1365 763 1422 Eudoxio
786 1365 897 1437 aliisque
913 1366 1043 1421 coullata.
1087 1366 1160 1434 Quae
1175 1360 1225 1420 od-

210 1448 279 1518 σίας
300 1462 326 1508 et
349 1445 545 1517 ὑποστάσεως
572 1453 679 1506 nomina
702 1450 905 1505 comanemorari
928 1459 1017 1512 cetat,
1050 1451 1163 1506 similem
1185 1462 1223 1505 ta-

209 1553 271 1593 men
288 1537 359 1591 Patri
375 1537 469 1593 Filium
494 1554 553 1591 csse
577 1537 678 1591 delinit.
711 1535 755 1589 llis
780 1535 946 1589 uinlecimam
969 1536 1047 1590 addit.
1069 1537 1220 1590 Athanasius

208 1622 366 1678 Antiochiae
388 1621 420 1676 ab
443 1621 536 1675 iisdem
560 1622 618 1676 istis
642 1620 811 1692 publicatam,
832 1619 880 1680 ‚ubi
903 1621 1078 1692 superiorem
1102 1621 1219 1675 ernenda-

209 1716 273 1762 runt
295 1725 326 1762 ac
348 1706 502 1761 dissimilem
526 1707 611 1761 Patris
635 1706 729 1761 Filium
752 1706 878 1759 audacter
901 1707 1129 1776 pronunciarunt.
1153 1705 1216 1760 [Inde

209 1792 338 1847 Anomoei
362 1801 388 1846 et
411 1784 591 1858 ἓξουκόντιοι
614 1790 741 1863 appellari
760 1798 918 1861 coeperunt.

296 1878 388 1935 8820.
413 1871 461 1930 nol
479 1870 596 1951 νύκτωρ
613 1868 829 1950 ᾳυγαὸέὐεῑαιΙ
861 1875 904 1928 ttts
915 1874 1061 1930 Antiochia
1077 1876 1168 1948 pulsus
1182 1883 1218 1927 est

208 1960 340 2016 lleletius.
372 1962 489 2016 Primum
512 1979 525 2016 a
550 1962 716 2021 Constantio.
741 1960 812 2031 qttod
834 1962 961 2014 Ariunnrn
985 1959 1087 2032 dogma
1112 1961 1219 2017 nunnae.

208 2046 333 2118 uti's‘pes
357 2055 422 2108 erat.
447 2047 557 2100 luceret.
589 2046 653 2101 lude
676 2065 689 2101 a
714 2045 831 2100 Valente.
877 2044 939 2098 llam
964 2044 1017 2099 sul)
1044 2045 1153 2100 loriano
1172 2049 1222 2099 Aa·

209 2130 324 2185 tioelriae
348 2130 495 2185 Concilium
519 2129 626 2193 tradidit,
651 2132 675 2184 in
700 2147 754 2200 qun
778 2129 958 2185 Malcedoniani
983 2139 1010 2184 et
1035 2130 1160 2186 Acaciani
1181 2129 1221 2184 lli-

208 2231 317 2270 caenam
341 2214 421 2269 sidem
442 2214 556 2286 amplexi
578 2224 651 2269 stud.
683 2215 808 2269 Socrates
833 2217 860 2279 3,
879 2217 927 2271 at.
955 2214 1022 2269 Post
1049 2216 1147 2270 luviani
1169 2213 1220 2268 oli·

208 2307 266 2354 titan
296 2317 310 2353 a
340 2299 450 2355 Valente
478 2296 630 2371 relegatur,
660 2299 789 2354 eludam
813 2304 840 2362 l,
864 2301 882 2356 2
911 2299 1073 2372 caeterique
1101 2301 1220 2373 produnt

208 2384 388 2452 Qttarmobrcm
411 2384 484 2457 qttod
507 2385 600 2439 scribit
617 2385 791 2458 Epiphanius,
816 2378 871 2450 ttae
893 2378 1004 2439 τούτου
1029 2386 1087 2440 τοῦ
1105 2376 1220 2459 χρόνον,

207 2487 261 2525 non
289 2470 329 2524 siu
356 2469 558 2541 intelligendum
588 2478 629 2524 est
657 2479 685 2524 ut
707 2479 870 2541 perpetuum
892 2487 907 2523 a
930 2470 1085 2524 Constantii
1108 2480 1221 2542 tempore

207 2554 288 2609 luerit
310 2555 425 2609 erilium.
472 2555 509 2608 lle
533 2555 638 2610 llcletio
667 2572 729 2609 nero
753 2571 783 2608 ao
806 2554 909 2626 triplici⁴
924 2554 1115 2611 Antiochenae
1138 2555 1224 2610 Eccle-

207 2640 262 2695 siae
285 2639 398 2695 divortio
421 2641 530 2694 eosdem
549 2657 638 2694 rerum
655 2639 901 2694 Ecclesiasticurutn
916 2639 1077 2710 Scriptores
1093 2639 1223 2696 eonsules.

156 2736 200 2787 328
293 2727 352 2781 883
370 2742 392 2780 c.
424 2719 502 2797 πλὴν
527 2719 559 2778 ἐν
587 2714 627 2779 e‘ni
656 2719 752 2798 μέρει]
797 2724 855 2778 Non
885 2732 1032 2796 propterea
1061 2724 1223 2781 damnandus

208 2809 396 2873 eatlleletius,
420 2809 492 2884 quod
516 2809 604 2864 locum
628 2810 701 2864 illurn
726 2827 756 2864 ex
772 2808 900 2864 l‘rorcrb.
924 2810 984 2865 o8
1008 2801 1025 2863 ὃ
1044 2803 1121 2876 θεὸς
1135 2801 1224 2866 ἔκτισέ

205 2912 242 2966 με
268 2904 318 2949 etc.
343 2895 376 2948 do
399 2895 516 2948 increata
540 2895 673 2966 Sapientia
697 2912 727 2949 ac
744 2894 789 2948 ttet
807 2893 893 2948 l’crliu
914 2895 1117 2966 interpretatus
1142 2894 1219 2951 luerit.

206 2978 263 3034 llou
292 2979 362 3033 enirn
392 2979 513 3051 plerique
536 2979 630 3034 Patres
654 2981 791 3041 lecerunt,
822 2988 851 3033 ut
874 2979 994 3050 ignatius
1017 2978 1124 3052 llartyr
1146 2981 1220 3052 Epist.

205 3063 238 3117 ad
267 3063 345 3118 Trall.
376 3065 503 3119 Atltanas.
533 3064 566 3119 de
592 3064 711 3120 Decretis
734 3063 864 3119 Nicaeuae
887 3063 989 3136 Synodi
1018 3074 1050 3119 et
1080 3066 1125 3120 alii
1153 3080 1225 3120 eon·

205 3147 307 3219 plures.

291 3233 382 3287 aesc.
401 3227 431 3296 ἐξ
447 3224 548 3286 αὐτῶν
561 3224 619 3306 ydp
637 3222 783 3305 Ιίἑζώϊος]
800 3231 982 3287 Caesariensis
996 3233 1052 3288 iste
1069 3225 1220 3290 aar'dm-

204 3309 370 3387 διαστολὴν
387 3315 492 3376 dicitur.
517 3326 548 3371 nt
567 3317 598 3370 al]
624 3317 708 3372 altero
730 3317 907 3380 discernatur,
931 3317 976 3390 qui
1005 3335 1072 3374 curn
1097 3319 1221 3374 lliacouus

202 3399 395 3454 Alexandrinae
419 3409 491 3454 esset
513 3400 657 3462 Ecclesiae,
682 3419 742 3456 cum
758 3403 820 3457 Ario
843 3402 938 3474 pulsus
962 3411 1061 3474 postea
1080 3404 1222 3459 Antioche-

203 3500 264 3538 nam
288 3486 379 3540 sedean
403 3484 528 3540 obtinuit.
559 3488 594 3540 At
617 3487 796 3541 Caesariensis
818 3488 914 3542 Acacio
937 3489 1094 3544 succedens
1117 3503 1221 3543 sueces-

202 3586 293 3624 sorern
316 3569 374 3642 ipsc
397 3570 531 3625 Gelasium
555 3570 658 3632 habuit,
684 3581 713 3626 ut
736 3571 844 3626 llierun.
868 3571 912 3626 lib.
937 3572 970 3627 de
995 3573 1100 3645 Script.
1123 3571 1216 3629 secte.

203 3661 328 3708 testatur.
370 3655 428 3721 Quo
452 3657 478 3709 in
502 3655 569 3710 libro
595 3655 685 3709 Errzoii
709 3657 820 3727 insuper
841 3656 920 3712 istius
943 3658 1085 3722 incanuit,
1110 3671 1217 3729 eumque

204 3738 298 3792 scrilnt
327 3755 388 3793 cum
413 3741 543 3812 Gregorio
566 3740 733 3794 Nazianzeuo
758 3741 897 3813 Tltespesii
920 3741 1050 3797 eretocis
1074 3745 1218 3798 auditorem

203 3821 349 3877 Caesareae
371 3824 463 3880 luisse.
495 3825 576 3880 Cuius
599 3824 674 3879 urbis
697 3825 886 3898 Episcopatum
910 3825 1026 3898 adeptus
1039 3828 1219 3899 plurimado-

202 3908 269 3962 laora
299 3919 460 3980 correptum
489 3909 684 3965 bibliothecam
708 3910 837 3980 Oripenia
865 3919 891 3966 at
914 3911 1061 3984 ramperti
1090 3915 1121 3969 in
1142 3928 1219 3966 Μ·

201 3993 300 4047 drania
327 3994 491 4051 instaurare
519 4004 635 4050 coriatus
665 4004 718 4059 cst,
748 3998 787 4051 ad
813 4004 968 4052 estreanmn
988 3999 1041 4053 aad
1069 3997 1219 4054 Tdeodosio

197 4078 329 4150 principe
353 4077 485 4136 Ecclesia
501 4082 603 4153 pulsus
624 4087 674 4135 eet.
