2586 4822
458 824 536 877 ACTA
554 826 774 879 udttthottttt.
1050 829 1131 881 fflil

106 978 188 1053 quasi
203 978 303 1037 Christi
325 980 366 1039 rel
387 982 475 1039 sancti
497 982 653 1039 cuiusdam:
678 1000 730 1040 nec
752 982 824 1039 enim
846 982 913 1041 natis
926 983 1038 1041 memini
1052 984 1130 1043 cuiun

103 1062 198 1137 imago
219 1062 311 1123 tuerit.
342 1065 410 1123 Cum
431 1084 498 1141 ergo
521 1068 573 1124 hoc
594 1067 730 1133 vidissem,
752 1067 780 1125 in
802 1067 917 1125 ecelesia
930 1068 1040 1133 Christi.
1061 1086 1132 1129 coa-

105 1157 149 1207 tra
172 1148 362 1209 auctoritatem
380 1152 591 1226 Scripturarum,
614 1152 732 1211 hominis
747 1153 867 1226 pendere
880 1152 1041 1226 imaginem,
1063 1154 1130 1211 scidi

104 1232 175 1291 iddud
197 1243 225 1291 et
247 1236 331 1309 magis
354 1236 415 1293 dedi
438 1236 581 1293 eonsilium
603 1236 763 1295 custodibus
785 1237 907 1296 eiusdem
930 1237 991 1302 doci,
1014 1246 1045 1295 ut
1060 1255 1131 1312 pau·

103 1334 202 1393 perem
228 1331 367 1378 mortuum
401 1338 434 1379 eo
463 1321 639 1379 obvolverent
669 1333 696 1379 et
724 1322 862 1380 edcrrent.
907 1322 1003 1396 ldique
1033 1332 1129 1379 eontra

103 1414 309 1463 murmurantes
338 1406 478 1473 dixerunt.
508 1408 536 1463 Si
559 1407 684 1465 scindere
712 1408 848 1473 voluerat,
877 1407 979 1465 iustum
1012 1416 1072 1465 erat
1098 1417 1130 1465 ut

104 1488 180 1547 aliud
201 1491 278 1548 daret
300 1491 388 1549 velunt
410 1501 492 1567 atque
515 1502 642 1551 nmtnret.
674 1493 751 1563 Quod
773 1510 836 1550 cum
852 1493 998 1558 audissem,
1021 1509 1065 1550 me
1079 1492 1130 1549 da-

104 1582 199 1631 turum
227 1591 290 1633 esse
317 1577 455 1650 pollicitus
482 1596 558 1635 suni:
588 1577 728 1652 paululum
756 1588 846 1635 autem
869 1594 1008 1635 morarum
1029 1576 1080 1635 tuit
1100 1578 1128 1635 io

103 1660 206 1725 medio,
228 1660 292 1717 dum
315 1679 418 1736 quaero
439 1664 572 1736 optimum
593 1663 682 1721 return
705 1681 755 1737 pro
777 1681 811 1720 eo
833 1664 951 1728 mittere,
979 1660 1129 1720 arbitrabar

104 1745 177 1803 enirn
207 1745 241 1801 de
264 1748 352 1820 Cypro
374 1748 440 1805 inihi
462 1765 524 1805 esse
542 1748 717 1805 mittendum.
760 1748 838 1805 Nunc
858 1758 948 1805 autem
971 1748 1032 1805 misi
1055 1748 1128 1821 quod

104 1830 183 1905 potui
213 1832 350 1904 reperire;
379 1843 407 1889 et
435 1851 533 1907 precor
561 1843 592 1891 ut
616 1833 710 1891 iubens
732 1831 909 1906 gireshyteros
931 1833 1053 1891 eiusdem
1075 1832 1127 1891 ioci

103 1916 246 1989 suscipere
268 1916 356 1973 vetum
379 1936 393 1973 a
415 1918 503 1976 latore
524 1919 598 1993 quiid
619 1918 730 1976 anobis
744 1919 857 1975 missurn
873 1929 931 1983 est;
955 1927 983 1974 et
998 1917 1127 1990 deinceps

104 2001 262 2075 praecipere
284 2003 311 2059 in
334 2002 452 2061 Ecclesia
475 2005 574 2061 Christi
596 2004 728 2061 eiusmodi
750 2004 823 2067 reta,
852 2020 922 2077 quae
944 2011 1039 2059 contre
1061 2001 1128 2059 reli-

104 2086 213 2161 gionem
236 2098 356 2145 nostruin
380 2099 453 2155 sunt,
477 2107 531 2145 uon
554 2090 697 2164 appendi''.
740 2089 878 2145 Hactenus
901 2087 1026 2162 epistota,
1048 2087 1125 2144 cuius

104 2171 225 2229 sirecte
246 2173 434 2246 engiendnntur
455 2173 545 2238 verhn,
568 2175 655 2231 velum
679 2174 751 2231 istud
773 2173 917 2231 discissum
940 2173 1023 2229 inisse
1040 2189 1127 2246 appr-

103 2255 183 2320 rehit.
207 2274 262 2313 non
285 2259 346 2331 quia
370 2276 432 2316 rere
456 2259 594 2316 “trahebat
614 2260 758 2333 imaginem
782 2259 882 2316 Christi
903 2257 945 2315 vel
967 2257 1054 2315 sancti
1075 2274 1122 2314 cu·

103 2340 240 2409 iordanis·
269 2343 316 2399 sed
347 2345 425 2417 qnia,
457 2361 518 2400 curn
549 2344 662 2401 haberet
688 2343 805 2417 effigiem
835 2343 952 2400 honunis
974 2343 1125 2416 cuiuspiam
1216 2352 1221 2362 '

104 2427 226 2497 pmfnni‚
258 2437 305 2484 aut
332 2429 402 2485 forte
423 2430 512 2486 atthuo
534 2430 662 2493 virentis.
690 2446 841 2502 appensum
863 2428 925 2484 istic
946 2437 1005 2484 erat
1028 2428 1124 2500 “quasi

105 2508 203 2567 christi
224 2522 272 2569 aut
293 2514 380 2569 sancti
402 2514 571 2570 cuiusdam':
596 2531 665 2588 quae
681 2514 803 2587 exceptio
818 2512 987 2571 orthodoxae
1001 2511 1064 2569 hdei
1079 2529 1125 2570 re-

103 2596 192 2669 gulam
215 2614 247 2653 en
270 2599 405 2656 contrario
429 2598 527 2655 struunt.

527 2834 634 2893 CAPUT
656 2834 699 2892 tv,

104 2952 271 3027 Prophetine
294 2934 409 3021 donum}
434 2956 593 3011 decoratur
615 2964 641 3010 et
663 2956 735 3011 iiher
756 2955 798 3010 Dc
812 2955 977 3011 haeresibus
991 2955 1122 3027 scriptor.

186 3110 237 3166 24.
268 3108 385 3165 Plurima
401 3109 429 3165 S.
446 3109 596 3183 Epiptmnii,
619 3117 683 3165 ante
705 3118 732 3165 et
754 3116 818 3182 post
839 3117 997 3181 susceptum
1013 3107 1123 3183 episco-

99 3202 208 3265 patum.
238 3188 366 3249 miracula
393 3195 570 3251 continentur
590 3194 618 3249 iu
639 3195 728 3257 dctis.
758 3193 810 3250 suh
833 3193 942 3250 nomine
964 3193 1071 3250 loannis
1094 3201 1123 3248 et

95 3274 204 3352 Potenti
226 3278 382 3352 productis;
405 3278 453 3335 scd
475 3279 547 3341 todia.
573 3288 603 3334 ut
626 3295 722 3335 eorum
745 3278 883 3353 plerisque
904 3277 985 3335 fidem
1007 3278 1122 3350 deroget

97 3360 284 3429 Sorornenus,
313 3382 416 3437 negans
445 3364 541 3421 viventi
569 3363 716 3436 contigisse
746 3373 776 3420 ut
796 3365 944 3421 daemones
966 3363 1073 3436 fugaret
1093 3373 1122 3420 et

93 3448 210 3505 morbos
232 3459 351 3506 curaret.
397 3448 444 3505 llis
466 3467 532 3522 ergo
554 3449 768 3523 praetermissis,
791 3449 864 3521 quod
887 3449 976 3505 solum
998 3448 1026 3504 in
1047 3446 1121 3505 dicto

93 3543 210 3591 anctore
232 3532 312 3591 nohis
335 3544 477 3607 superest,
500 3534 666 3598 referamus,
690 3534 844 3591 narratione
867 3534 939 3591 houd
961 3549 1057 3608 parum
1079 3532 1122 3588 di-

93 3630 188 3683 versa,
219 3618 253 3675 ah
276 3637 383 3694 eaque
406 3619 476 3676 idem
499 3619 658 3675 miracudurn
681 3619 707 3674 in
730 3619 804 3676 dctis
824 3619 969 3692 praedictis
992 3634 1121 3675 recense-

93 3710 151 3759 tur.
183 3704 271 3760 Verba
295 3704 438 3761 Sozonieui
462 3703 508 3759 dib.
525 3703 567 3759 Vll
592 3720 651 3777 cap.
669 3706 707 3762 nt
731 3704 799 3761 haec
820 3714 901 3762 sunt:
925 3703 1024 3759 “Aliud
1039 3718 1121 3777 prae-

93 3792 172 3845 terea
193 3789 268 3863 quod
290 3782 324 3846 de'
346 3789 391 3845 ilio
415 3787 532 3845 retertur
553 3806 767 3845 commemorare
789 3788 865 3847 tibet.
904 3788 933 3845 ld
954 3788 1063 3862 quidem
1084 3784 1119 3842 ab

93 3872 254 3932 admirando
270 3874 411 3948 Gregorio.
436 3874 482 3949 qui
497 3873 753 3931 Neocaesnriensem
776 3874 856 3931 etiarn
878 3874 948 3931 rexit
962 3872 1117 3935 Ecclesiam.

93 3968 203 4029 genum
226 3976 288 4017 esse
311 3962 403 4033 accepi
426 3969 455 4016 et
475 3959 593 4016 libenter
614 3958 713 4027 credo;
737 3959 784 4015 sed
807 3976 863 4017 non
886 3959 985 4017 idcirco
1001 3955 1119 4013 incredi-

96 4034 151 4101 otte
171 4044 255 4101 videri
278 4044 360 4103 dehet
376 4045 446 4102 idern
462 4061 573 4120 quoque
588 4044 688 4102 tactum
704 4043 737 4100 ah
753 4044 919 4118 Epiphanio;
942 4039 1118 4114 nequeenim

99 4127 170 4187 aolus
192 4130 293 4188 Petrus
315 4131 456 4204 apostotus
479 4140 617 4186 mortuum
640 4130 673 4186 ah
696 4129 790 4187 interis
812 4128 996 4193 resuscitarit;
1024 4141 1117 4181 verum
