2586 4822
296 850 301 863 '
340 875 378 926 ou
396 874 547 927 uruaunrs
565 874 603 925 er
620 873 817 926 rououuaus.
1047 865 1087 927 m

71 1034 144 1088 tto.
189 1031 269 1104 Atqui
296 1030 325 1085 in
355 1028 578 1103 inscriptionibus
607 1030 714 1086 Gruteri
743 1047 769 1104 p.
787 1046 901 1089 cccxxm
929 1046 1000 1095 extat
1021 1055 1085 1104 una,

68 1133 141 1189 quae
167 1115 261 1171 'iacito
289 1113 362 1170 Trili.
386 1115 481 1172 l’ot.2
511 1123 628 1186 arrogat.
673 1117 730 1171 Non
761 1117 842 1189 igitur
869 1135 900 1174 er
929 1123 1001 1179 lhilr.
1024 1124 1085 1180 Por.

68 1218 187 1257 numero
208 1201 314 1274 imperii
338 1209 445 1272 tempus
467 1199 672 1256 aestimandum.
718 1202 749 1258 lit
771 1213 891 1276 apparet,
915 1208 964 1262 nisi
988 1208 1087 1264 'l'rihu-

67 1287 164 1342 nitiam
193 1294 354 1359 potestatem
383 1294 446 1339 ante
468 1285 609 1357 imperium
633 1296 727 1342 nactus
749 1287 784 1343 ait
806 1289 928 1355 Tacitus,
959 1293 1028 1349 hanc
1049 1293 1088 1349 illi

65 1372 233 1444 geminatam
256 1387 316 1426 ease
339 1372 449 1425 ineunte
472 1370 573 1425 iuliano
596 1388 667 1427 anno
688 1389 720 1426 ae
741 1389 815 1428 nono
838 1373 994 1442 Consulatu,
1018 1378 1085 1433 adeo

65 1469 98 1512 ut
128 1458 206 1530 prior
233 1455 382 1511 'l'rihunitia
409 1463 531 1527 potestas
560 1465 616 1512 tres
645 1457 772 1512 duntaxat
801 1475 908 1514 menses
936 1463 1084 1535 occuparit

64 1541 152 1610 Quod
172 1550 264 1597 utrum
286 1540 313 1596 in
337 1540 394 1595 aliis
417 1538 575 1604 factitatum,
599 1540 730 1597 aiiirmare
752 1544 871 1598 nondum
888 1546 984 1602 audeo.
1015 1548 1086 1603 Sane

62 1626 215 1700 potestatis
236 1626 315 1681 iatius
337 1625 463 1696 repetitio
485 1641 540 1679 nou
563 1636 697 1698 perpetuo
719 1628 884 1684 vertentibus
907 1630 1012 1704 imperii
1036 1648 1087 1687 un·

62 1712 107 1767 nis
132 1711 300 1784 respondere
322 1710 436 1765 vitietur.
467 1709 544 1778 Quod
567 1719 609 1766 est
630 1711 858 1769 animadversione
874 1715 992 1788 dignum.
1021 1715 1090 1773 vite

62 1797 140 1853 inira
163 1796 190 1851 iu
214 1794 282 1851 Caro
303 1795 401 1867 imper.

162 1883 221 1937 1111
235 1897 259 1936 c.
281 1872 360 1954 μετὰ
382 1880 490 1936 τοῦτον
511 1873 688 1952 ἐβασίλευσε
709 1872 850 1956 Πρόβος]
881 1883 961 1939 Probi
987 1884 1085 1955 lmper.

61 1967 130 2022 anni
155 1964 237 2039 paulo
258 1965 410 2021 accuratius
433 1964 600 2038 expendendi
621 1974 696 2020 sunt.
733 1965 761 2021 ln
784 1967 815 2022 iis
838 1968 907 2024 enim
932 1968 1086 2024 chronolo-

60 2054 126 2125 giae
153 2049 319 2106 Chnadanae
341 2049 413 2105 reiut
436 2049 516 2104 cardo
538 2050 645 2123 quidam
668 2051 790 2116 vertitur,
817 2060 898 2125 atque
920 2069 952 2109 eo
975 2053 1083 2109 demum

59 2136 202 2211 perducta
222 2135 250 2190 iu
272 2134 414 2190 Annalium
436 2133 512 2190 libris
536 2150 668 2190 annorum
690 2139 779 2192 series·
797 2136 831 2192 ah
853 2154 945 2194 errore
968 2138 994 2193 in
1016 2129 1135 2193 uituliniili

59 2222 154 2294 longo
176 2219 315 2276 intervallo
336 2219 485 2275 reducitur.
516 2219 684 2277 intellectum
707 2229 749 2277 est
764 2222 894 2278 hactenus
911 2239 941 2278 er
957 2223 989 2279 iis
1004 2240 1086 2295 prae-

60 2308 174 2368 sertim,
204 2321 273 2378 quae
295 2305 328 2360 de
350 2303 434 2361 Natali
457 2303 555 2360 Christi
578 2322 648 2360 anno
671 2304 702 2361 ad
727 2305 857 2364 linarii
882 2308 1084 2383 proposuimus,

58 2389 224 2465 complures
245 2390 386 2446 Annalium
416 2389 571 2446 conditores
598 2390 625 2445 in
649 2391 746 2446 Christi
775 2393 851 2448 annis
873 2410 933 2448 cum
957 2393 1083 2455 Romana,

60 2477 105 2532 rel
129 2476 234 2532 onera
256 2475 367 2532 historia
391 2475 576 2547 componendis
599 2475 708 2531 hiennio
730 2476 819 2549 lapsos
842 2495 918 2542 esse,
942 2477 1007 2533 alios
1030 2492 1085 2532 uuo

60 2563 198 2617 duntaxat
220 2576 302 2616 anno.
332 2559 409 2628 Quod
431 2561 528 2616 iccirco
551 2560 602 2616 illis
625 2561 730 2624 accidit,
754 2562 815 2635 quia
839 2561 1014 2618 Christianam
1037 2577 1086 2616 ae-

62 2663 137 2709 ram,
163 2661 232 2718 quae
254 2645 281 2701 in
304 2661 403 2701 aunum
426 2649 443 2702 4
468 2645 656 2719 Olympiiii,
692 2645 769 2700 Urhis
792 2663 854 2702 vero
879 2649 938 2704 753
966 2663 997 2700 ex
1020 2645 1088 2700 Var-

62 2733 184 2787 roniana
205 2730 347 2803 putatione
368 2731 508 2793 conuenit,
531 2730 563 2785 ad
587 2747 685 2785 onnum
709 2729 872 2804 Olympiadis
895 2731 964 2786 illius
985 2746 1087 2786 secun-

60 2818 148 2880 dum,
179 2815 221 2870 rel
248 2818 373 2879 tertium,
404 2813 481 2870 Urbis
505 2819 560 2872 151
588 2815 629 2870 vet
653 2817 712 2872 752
736 2817 922 2871 retrahendam
946 2822 1084 2888 putarunt.

61 2901 134 2957 lline
159 2900 258 2965 unius,
287 2899 328 2955 rel
350 2900 464 2955 duorum
487 2916 618 2956 annorum
643 2901 885 2956 metachronismus
907 2900 1088 2973 imprudenti-

62 2987 118 3042 hns
141 2983 197 3040 illis
220 2984 321 3048 incidit,
344 2984 417 3060 quod
441 3002 455 3040 e
478 2985 635 3041 coelestium
659 2985 875 3041 observationum
897 3002 929 3040 ar
942 2985 1084 3058 (lyciorum

63 3070 201 3127 methodo
223 3070 298 3127 nullo
321 3071 430 3143 negotio
453 3070 673 3144 deprehenditur.
713 3070 766 3125 Sed
788 3071 913 3144 quoniam
936 3071 1085 3126 doctrinam

61 3158 146 3212 istam
171 3157 268 3227 partina
290 3156 425 3228 ignorant,
449 3156 544 3228 partim
568 3157 646 3211 etiam
670 3164 847 3211 contemnunt
869 3156 960 3227 aliqui,
985 3164 1011 3211 et
1033 3173 1086 3228 op-

63 3239 291 3315 portunissimam
314 3240 355 3296 vel
377 3242 478 3305 errori,
502 3241 542 3296 vel
564 3241 684 3296 inscitiae
706 3241 835 3296 latehranr
858 3240 989 3314 praehcnt
1012 3239 1085 3295 Gon-

63 3327 177 3381 snlarea
200 3325 308 3380 iliorum
330 3335 483 3399 temporum
505 3326 592 3389 Fasti,
619 3325 664 3398 qui
686 3342 850 3399 magnopere
872 3310 966 3381 in'certi
988 3325 1086 3399 depra-
1133 3332 1137 3339 '

64 3411 179 3482 ratique
201 3419 276 3474 sunt,
299 3420 380 3485 atque
402 3428 416 3465 a
440 3428 469 3466 se
490 3419 585 3466 mutuo
608 3410 780 3474 dissentiunt,
803 3428 857 3467 non
882 3411 955 3483 prius
978 3411 1085 3483 agnitus

63 3504 110 3551 est
134 3510 213 3550 error
235 3511 314 3567 quiam
339 3496 371 3551 ad
393 3496 526 3568 insignem
548 3495 662 3567 aliquam
686 3504 714 3551 et
729 3496 858 3551 illustrem
875 3496 1004 3568 epocham
1020 3512 1085 3567 per-

64 3589 179 3635 ventum
209 3588 268 3645 est,
297 3594 365 3654 quiae
393 3588 496 3636 certum
526 3596 556 3636 ac
581 3580 721 3635 definitum
750 3581 915 3636 intervallum
938 3579 1084 3636 clauderet.

65 3665 208 3722 Eiusmodi
232 3674 275 3720 est
298 3664 453 3721 diocletiani
476 3665 667 3738 primordium,
697 3666 768 3738 quod
792 3683 862 3721 anno
884 3681 961 3720 aerae
984 3665 1085 3737 Diony-

64 3753 159 3806 sianae
182 3752 245 3809 284
275 3751 409 3823 congruit.
454 3751 520 3806 inm
544 3750 734 3815 Valentiniani,
763 3766 843 3824 qoem
866 3766 935 3806 anno
958 3749 1082 3812 hisextili,

67 3837 117 3892 hoc
140 3844 185 3892 est
209 3838 281 3899 364,
304 3835 396 3892 iniisse
419 3844 535 3892 constat.
579 3834 646 3891 Cum
668 3835 750 3908 igitur
771 3837 804 3890 ah
825 3836 901 3891 initio
924 3835 984 3899 iiio,
1009 3833 1082 3908 quod

66 3921 115 3977 sihi
144 3921 190 3978 isti
220 3920 415 3995 praefixerant,
444 3922 569 3976 nimirum
592 3920 625 3976 uh
648 3936 719 3974 anuo
743 3923 760 3978 2
784 3921 972 3995 Olympliii,
1003 3917 1083 3992 Cyclo

68 4005 158 4063 lanae
178 4008 227 4071 18,
248 4006 322 4062 Solis
341 4010 368 4070 7,
393 4006 424 4061 ad
447 4006 552 4061 initium
568 4004 735 4069 diocletiani,
758 4006 800 4061 turi
816 4006 912 4080 Cyclas
928 4005 1018 4059 Lnnac
1036 4004 1082 4068 19,

69 4091 134 4148 Solis
164 4096 199 4151 13
224 4091 372 4165 competit,
400 4091 534 4146 interiecti
557 4108 617 4145 osse
640 4090 756 4146 debcant
777 4093 838 4147 anni
862 4092 940 4150 286.
963 4088 1004 4142 vei
1027 4104 1083 4143 tino

69 4180 218 4249 panciores,
240 4178 275 4235 alr
290 4194 365 4235 anno
383 4179 399 4234 3
415 4176 521 4250 iilpmp.
543 4176 673 4241 eiusdem,
698 4175 778 4251 cyclo
793 4177 883 4232 Lunae
904 4176 948 4239 19,
971 4172 1041 4231 Solis
1053 4175 1081 4239 8,
