2586 4822
155 824 215 884 194
498 834 575 884 trani
596 833 634 883 oe
652 833 691 882 ru
713 832 825 882 ceuuts

154 992 356 1064 cognominant,
386 1006 419 1043 oo
442 989 514 1061 qnod
538 1006 644 1060 ungues
668 988 832 1043 urbanorum
856 987 973 1042 virorum
1003 987 1089 1042 instar
1111 994 1179 1042 suut

155 1076 295 1131 marmoris
318 1074 432 1146 quadani
456 1074 582 1129 mistione
604 1073 743 1145 sanguinis
763 1071 959 1139 obrubescit¹).
1004 1070 1080 1126 Unde
1103 1080 1221 1131 nou-35

155 1161 221 1216 nulli
244 1160 358 1233 lapidem
386 1175 583 1221 marmoreum,
613 1157 659 1229 qui
688 1174 719 1212 en
747 1157 806 1212 loco
835 1157 985 1227 recinat),
1018 1156 1177 1229 cuychitem

154 1245 220 1301 lalso
243 1244 352 1299 nomine
375 1247 492 1298 vocitant
515 1242 549 1296 ob
573 1240 703 1296 albedinis
726 1242 881 1314 puritatem.

126 1337 141 1386 5
237 1329 308 1383 llaec
330 1328 412 1399 igitur
434 1326 575 1382 duodecim
598 1325 726 1397 lapidum,
750 1327 794 1397 qui
817 1327 844 1380 in
868 1325 1085 1397 superhumerali
1111 1334 1179 1381 tunc

113 1420 120 1431 ‘
152 1413 275 1486 imperati
298 1422 361 1466 sum
384 1411 491 1465 annecti
520 1410 654 1482 pontilicis
684 1427 716 1464 eu
739 1410 850 1465 diversis
873 1409 1040 1473 auctoribus,
1071 1409 1179 1482 quide

153 1498 256 1554 naturis
280 1498 377 1551 horum
400 1495 491 1550 dixere
512 1494 640 1566 lapidum,
671 1503 778 1549 constat
800 1495 928 1558 inventio,
958 1511 1075 1569 quorum
1105 1495 1178 1550 sient

154 1582 316 1654 investigare
338 1580 476 1652 potuimus
500 1589 552 1634 tam
576 1580 690 1650 species,
715 1595 794 1650 quam
815 1579 874 1635 loca
896 1596 1003 1635 necnon
1026 1588 1054 1634 et
1075 1589 1180 1651 poten-

153 1666 202 1721 tias
226 1664 403 1738 inspectionis
425 1681 519 1719 eorum
542 1664 647 1719 interim
672 1663 788 1719 breviter
811 1665 981 1728 adnotantes,
1004 1663 1177 1736 singulorum

111 1758 140 1808 to
150 1750 268 1823 lapidum
292 1750 400 1805 nomina
423 1758 624 1821 consequenter
646 1750 837 1821 expressimus.
868 1749 916 1804 hic
932 1749 984 1804 iarn
1000 1764 1073 1804 nuuc
1090 1765 1178 1821 quae-

152 1836 231 1899 ritur,
265 1834 364 1908 quibus
387 1834 473 1889 rnodis
504 1850 565 1890 euin
589 1833 710 1888 ordinem
734 1834 954 1905 consequentiae,
979 1834 1025 1905 qui
1048 1842 1091 1888 est
1114 1850 1178 1889 cer-

155 1921 274 1975 tissimus
298 1929 325 1974 et
348 1935 512 1991 congruens,
535 1917 727 1990 approbemus.
761 1917 826 1973 Nam
849 1936 898 1991 per
920 1918 1063 1974 duodecim
1087 1916 1176 1974 tribus

155 2004 296 2060 duodecim
320 2002 422 2076 lapides
445 2003 543 2075 apponi
566 2003 631 2058 iussi
648 2013 721 2066 sant,
745 2003 790 2066 ita,
814 2011 844 2058 ut
860 2020 931 2059 unus
945 2004 1013 2075 lapis
1029 2003 1076 2057 uni
1093 2002 1176 2059 tribui

156 2097 337 2160 coaptaretur,
362 2087 443 2142 etad
466 2087 632 2159 singularum
655 2087 762 2143 uomina
782 2088 964 2144 decernantur
986 2086 1084 2160 singuli
1108 2087 1179 2160 lapi·

114 2178 140 2228 ta
152 2171 210 2227 des.
241 2172 272 2225 Et
296 2172 427 2243 siquidem
451 2171 612 2226 declarasset
638 2172 730 2235 iussio,
756 2172 798 2227 cui
823 2172 903 2228 tribui
927 2173 987 2245 quis
1010 2172 1078 2245 lapis
1098 2182 1177 2246 apte-

155 2265 215 2319 tur,
245 2256 317 2310 nulla
341 2273 453 2327 prorsus
477 2256 614 2328 inquisitio
644 2266 802 2329 superesset
824 2256 856 2311 ad
879 2257 1054 2330 indagandam
1079 2257 1178 2312 defini·

158 2340 258 2395 tioncm
282 2339 407 2395 divinitus
431 2341 596 2401 ordinatam:
620 2341 667 2396 sed
691 2341 722 2395 ad
744 2342 928 2413 exponendam
945 2341 1024 2397 nobis
1040 2358 1093 2396 νιω
1108 2341 1178 2414 lapi·

153 2425 217 2479 dum
241 2425 427 2480 tautummodo
450 2425 570 2480 studiosa
595 2425 795 2497 relinqueretur
817 2427 940 2481 intentio.
985 2425 1061 2481 Nunc
1084 2435 1175 2481 autern

155 2527 209 2564 non
233 2520 275 2565 est
298 2510 515 2572 determinatum,
544 2509 591 2564 sed
620 2510 778 2581 simpliciter
806 2511 831 2564 in
855 2510 963 2566 duobus
986 2510 1052 2565 locis
1076 2511 1211 2566 hemmae

113 2594 271 2666 20lapidum
294 2595 525 2666 consequentiam,
553 2604 579 2648 et
602 2595 806 2667 compositionis
830 2611 924 2651 eorum
946 2595 1065 2668 speciem
1089 2595 1175 2651 latea-

150 2696 212 2734 mur
233 2680 386 2752 ascriptam,
410 2679 480 2734 sicut
500 2678 674 2741 inrationali,
699 2680 772 2750 quod
795 2696 878 2752 super
901 2690 996 2752 pectus
1020 2680 1175 2752 ponebatur

154 2763 303 2836 pontilicis,
338 2773 365 2819 et
397 2763 615 2836 superhumerali
643 2780 692 2835 per
720 2763 789 2818 duos
817 2765 932 2820 annulos
962 2781 1059 2820 aureos
1084 2766 1111 2820 in
1142 2782 1174 2821 eo

152 2847 308 2918 dispositos,
332 2848 377 2919 qui
401 2848 491 2902 annuli
516 2865 564 2919 per
587 2848 769 2903 extremitates
792 2865 855 2904 suas
879 2849 1008 2905 rationale
1030 2850 1056 2903 in
1085 2850 1174 2905 medio

154 2929 337 2990 continebant,
372 2948 466 2984 rursus
489 2933 598 2985 nitrionis
621 2932 808 3003 superioribus
830 2934 946 2998 annulis,
976 2935 1022 3005 qui
1046 2943 1125 2989 erant
1147 2918 1177 2988 in'

112 3020 143 3070 25
155 3013 368 3085 superhumerali
393 3013 526 3084 pontilicis
549 3017 575 3069 in
599 3024 713 3090 utraque
731 3018 836 3072 humeri
852 3027 928 3091 parte
944 3018 1072 3074 conserti.
1107 3018 1172 3073 Nam

153 3160 456 3170 ...--—-—.-.

235 3250 257 3294 ,il
283 3244 326 3293 llic
344 3246 395 3307 ipsa
414 3259 510 3308 quoque
530 3249 628 3296 tiesneri
648 3249 756 3311 Epitoine
778 3252 801 3298 in
820 3251 906 3299 mendo
926 3253 1003 3300 cubat.
1040 3254 1174 3301 Salmasius

150 3321 229 3359 tamen
250 3313 272 3358 in
293 3314 404 3373 Solimon,
432 3330 454 3376 p.
465 3316 522 3375 396,
547 3330 592 3378 ope
611 3319 695 3364 veteris
715 3319 805 3366 codicis
824 3320 859 3367 sie
879 3320 1005 3368 emendat:
1034 3313 1174 3384 Όνυχίτας

150 3373 179 3426 δὲ
199 3369 296 3430 αὐτοὺς
313 3375 420 3442 λέγουσι
440 3379 649 3446 percomptam,
675 3377 733 3432 ἐπεὶ
757 3378 822 3441 ὄνυξ
840 3385 895 3433 τῶν
918 3378 1037 3436 doleiam
1062 3381 1174 3455 ἀνδρῶν

148 3440 287 3511 μαρμάρῳ
306 3439 364 3495 ἐστὶ
382 3445 662 3515 συνερυθριαζόμενος
680 3447 730 3500 σὺν
749 3453 781 3518 τῇ
800 3453 847 3500 τοῦ
861 3446 977 3519 eriperer
991 3449 1059 3517 tuta.
1092 3458 1174 3520 ltaque

151 3515 313 3563 restituimus:
335 3519 516 3579 obrubeaccntes,
537 3528 578 3567 aut
596 3522 691 3581 potius:
712 3526 774 3584 quod
788 3526 880 3584 anquis,
896 3532 949 3576 ete..
969 3527 1043 3573 instar
1061 3529 1093 3575 sit
1111 3541 1173 3575 mar·

150 3587 220 3632 moria
239 3585 338 3645 quodum
356 3589 462 3634 aristioac
480 3591 600 3648 antiquioris
619 3591 779 3638 obrubesceas.

234 3657 255 3711 ξ)
282 3652 386 3699 tirariter
411 3654 448 3700 hic
474 3661 536 3701 errat
556 3656 677 3703 Gesnerus
702 3671 755 3704 cuin
773 3657 826 3704 Jola
845 3671 902 3718 suo,
923 3672 976 3707 cum
999 3659 1097 3707 terbum
1123 3658 1173 3707 τοῦ

148 3712 280 3781 Δοκιμίου
298 3721 365 3767 vertit
383 3724 410 3770 ab
430 3722 596 3784 captoratione,
618 3731 678 3783 ete,
703 3725 767 3786 quod
792 3726 884 3773 seilicet
908 3726 1040 3775 invenerint
1059 3721 1171 3794 δοκιμῆ,

150 3794 173 3834 et
191 3781 316 3849 δοκίμιον
334 3789 498 3849 probationem
518 3789 659 3850 significare.
702 3793 785 3840 lerum
811 3808 836 3842 re
855 3792 940 3842 melius
959 3794 1112 3845 considerata
1132 3797 1174 3846 de·

148 3854 332 3917 prehendissent
351 3856 457 3917 prolecto
477 3856 634 3919 Epiphaniam
660 3858 690 3906 de
714 3860 767 3908 loco
793 3862 863 3909 lartius
882 3862 986 3911 nominis
1004 3862 1122 3926 locutum,
1151 3871 1174 3912 et

148 3921 293 3970 invenissent
319 3924 413 3972 celebre
437 3925 500 3986 apud
526 3927 638 3988 antiquos
663 3925 738 3975 luisse
763 3929 848 3991 lapidis
868 3930 992 3980 cuiusdam
1010 3945 1102 3993 genus,
1131 3933 1173 3996 qui

148 3990 278 4039 bociniites
298 3990 421 4040 dicebatur
439 4006 451 4039 a
471 3993 578 4042 Decimio
599 3993 710 4056 Phrygiae
729 3997 796 4056 orbe,
820 4012 863 4045 seu
883 3999 954 4046 inuris
973 4013 1041 4061 pago,
1069 4008 1175 4063 utroque

150 4061 211 4104 euim
230 4059 327 4108 notariae
345 4068 411 4106 vocat
430 4061 579 4121 Stephanus,
605 4075 691 4125 nempe
716 4065 798 4113 urbem
816 4073 883 4114 coeat
901 4067 925 4114 in
944 4067 997 4130 ipra
1019 4081 1079 4116 roee
1095 4064 1176 4117 Aeaci-

148 4135 235 4185 μειον,
255 4141 339 4188 pagum
358 4141 412 4175 iero
431 4127 453 4174 in
472 4141 528 4176 voce
545 4121 674 4176 Σύνναδα
693 4131 836 4182 Strabonem
855 4134 1005 4184 describens.
