2586 4822
158 822 199 882 14
357 832 390 884 ιι.
425 834 490 883 m
507 835 582 883 ττιυ
601 834 724 883 mmm
742 834 813 882 τον
832 832 974 882 κτνιοτ.

158 984 260 1067 νόμον
283 979 494 1064 ὑπισχνεῖται
513 984 720 1068 χαρίζεσθαι.
766 983 876 1068 κριτὴς
899 980 1038 1074 άκριτος
1054 978 1099 1058 ὥς
1122 994 1203 1047 ata-B

157 1081 309 1165 τάκριτον
332 1079 389 1145 τὸν
412 1080 523 1164 κριτὴν
545 1084 611 1146 τιῦν
633 1083 752 1164 κριτῶν
775 1080 822 1157 εἰς
844 1078 952 1164 ταφὴν
975 1074 1125 1165 ἀφίησιν.

239 1173 360 1261 Ὀψίας
376 1180 411 1244 δέ
426 1184 608 1263 γενομένης,
627 1180 736 1262 φησὶν,
755 1166 859 1262 ἦλθεν
875 1172 1059 1259 ἅνθρωπος
1073 1175 1180 1241 πλοῦ-

158 1297 231 1352 σιος
252 1273 397 1356 τοῦνομα
416 1270 545 1362 Ἰωσήφ.
585 1271 688 1352 ὅντως
704 1274 874 1351 πλούσιος,
899 1276 1012 1338 πᾶσαν
1027 1272 1087 1358 τὴν
1103 1273 1181 1338 σῦν-

61 1426 64 1434 ,
132 1378 259 1442 σθένον
295 1375 353 1436 τοῦ
387 1381 499 1454 κυρίου
538 1368 723 1437 ὑπόστασιν
755 1369 984 1453 κομισάμενος.
1041 1363 1183 1454 άληθῶς

157 1469 334 1546 πλούσιος,
369 1464 420 1533 ὅτι
452 1468 510 1556 τὴν
540 1468 650 1555 διττὴν
680 1462 795 1533 οῦσίαν
823 1470 883 1532 τοῦ
906 1469 1055 1548 Χριστοῦ
1085 1465 1183 1548 παρὰ

155 1565 308 1631 Πιλάτου
331 1566 435 1648 ἐ’λαβε.
479 1568 532 1630 καὶ
555 1566 616 1649 γὰρ
639 1564 816 1642 πλούσιος,
852 1561 905 1628 ὅτι
932 1562 990 1628 τὸν
1018 1557 1183 1648 ἀτίμητον

156 1668 357 1748 μαργαρίτην
380 1656 509 1748 ἠξιώθη
532 1668 748 1744 κομίσασθαι.
785 1660 889 1737 ὅντως
910 1659 1089 1736 πλούσιος·
1119 1665 1182 1742 βα-

158 1758 290 1825 λάντιον
311 1758 372 1844 γὰρ
396 1758 575 1875 ἐβάστασεν
604 1765 699 1842 γέμον
734 1762 792 1825 τοῦ
823 1759 994 1842 θησαυροῦ
1016 1760 1075 1844 τῆς
1098 1756 1183 1823 θεό-

120 1874 262 1942 Ιοτητος.
301 1859 375 1934 πῶς
395 1857 456 1941 γάρ
480 1850 518 1920 οῦ
541 1851 747 1933 πλοόσιοςί
732 1880 749 1919 ο
777 1855 835 1941 τὴν
858 1857 916 1919 τοῦ
939 1853 1063 1936 κόσμου
1095 1853 1197 1941 ζωην

156 1958 209 2018 καί
234 1964 398 2038 σωτηρίαν
420 1951 639 2038 κτησάμενος;
674 1955 748 2029 πιῦς
771 1946 857 2018 δέ’
822 1977 860 2017 ου
876 1946 1210 2063 πλούσιοςἸωσηφ,6

157 2051 263 2132 δῶρον
287 2050 364 2127 δεξά
343 2073 462 2130 αμενος
483 2049 540 2113 τὸν
564 2050 693 2126 πάντας
714 2056 879 2135 τρέφοντα
902 2050 954 2113 καί
972 2048 1109 2113 πάντων
1126 2049 1181 2114 δε·

156 2147 341 2225 σπόζοντα,·
378 2141 480 2226 ὀψίας
503 2148 539 2211 δὲ
560 2153 749 2231 γενομένης·
786 2173 825 2232 ην
847 2145 908 2229 γὰρ
932 2144 1051 2210 λοιπὸν
1075 2144 1182 2222 δι’·σας

157 2241 191 2308 έν
205 2237 345 2328 ’Ἁιδη“
330 2267 347 2307 ο
370 2268 427 2328 της
450 2244 660 2328 δικαιοσύνης
681 2240 782 2330 η’λιος.
829 2243 881 2308 διὸ
912 2232 1013 2329 ηλθεν
1042 2238 1182 2359 ‹6606-

119 2359 147 2409 15
157 2363 221 2417 πος
243 2339 406 2418 πλούσιος
427 2337 571 2422 τοῦνομα
590 2335 751 2429 Ἰωσὴφ
733 2341 801 2406 απὸ
818 2335 1090 2423 Ἁριμαθαίας,
1080 2336 1117 2415 ός
1129 2327 1183 2423 ’ἦν

155 2436 380 2521 κρυπτόμενος
409 2436 466 2502 διὰ
486 2435 544 2501 τὸν
568 2438 674 2523 φόβον
702 2441 767 2502 τιῦν
787 2432 968 2502 Ἰουδαίων·
1009 2425 1114 2521 ηλθεν
1143 2384 1182 2500 δὲ

155 2558 208 2598 και
232 2531 471 2620 Νικόδημος,ε
456 2557 473 2598 ο
496 2534 606 2599 έλδων
629 2536 714 2618 πρὸς
736 2531 793 2599 τόν
812 2528 935 2620 Ἰησοῦν
953 2532 1077 2609 νυκτός.
1116 2556 1181 2614 μυ-

157 2628 275 2716 στήρια
308 2637 496 2716 μυστηρίων
531 2626 718 2717 ἀπόκρυφοι.
769 2631 827 2696 δόο
856 2628 995 2713 κρυπτοὶ
1024 2630 1180 2713 μαθηται

155 2729 365 2811 κατακρύψαι
383 2722 505 2812 Ἰησοῦν
535 2728 569 2794 έν
597 2728 694 2813 τάφῳ
717 2728 881 2809 ἔρχονται,
912 2725 951 2790 τὸ
973 2725 1120 2808 κρυπτὸν
1145 2724 1183 2790 έν
1210 2792 1215 2801 ,

114 2821 317 2910 ποτῷἍιδη
346 2825 526 2910 μυστήριον
554 2828 612 2889 τοῦ
640 2828 786 2907 κρυπτοῦ
813 2827 897 2890 θεοῦ
931 2823 964 2888 έν
994 2824 1091 2905 σαρκί
1122 2820 1181 2887 διὰ

155 2923 213 3005 τῆς
235 2920 322 2997 ἰδίας
344 2922 495 3004 κρῦψεως
517 2921 741 2998 διδάσκοντες,
777 2922 886 3003 ἕτερος
915 2921 951 2985 δὲ
979 2918 1036 2984 τόν
1067 2919 1209 3002 έτερονυ

139 3011 372 3099 Ιὑπερβάλλων
403 3020 443 3103 τῇ
475 3017 561 3099 πρὸς
588 3018 736 3102 Χριστὸν
771 3021 932 3083 διαθέσει.
980 3010 997 3080 6
1025 3016 1088 3097 μέν
1116 3014 1180 3099 γὰρ

155 3113 345 3198 Νικόδημος
368 3112 401 3178 έν
423 3117 463 3199 τῇ
487 3114 609 3201 σμύρνη
633 3116 685 3179 καὶ
710 3114 744 3180 έν
766 3141 804 3202 τη
829 3109 910 3200 άλόη
933 3111 1178 3196 μεγαλόψυχος,

157 3206 174 3274 6
198 3212 233 3276 δὲ
253 3205 372 3297 Ἰωσὴφ
395 3209 428 3276 έν
450 3214 489 3297 τῇ
512 3211 598 3294 πρὸς
620 3211 770 3277 Πιλάτον
796 3211 899 3295 τόλμῃ
930 3213 982 3275 καὶ
1006 3216 1180 3296 παρρησίᾳ

114 3301 356 3385 νεάξιέπαινος.
407 3297 502 3386 οῦτος
529 3307 591 3393 γὰρ
620 3308 731 3374 πάντα
761 3308 867 3396 φόβον
899 3302 1182 3390 ἇπορριψάμενος

154 3402 321 3486 τολμήσας
344 3405 498 3491 εἰσῆλθεν
521 3406 607 3487 πρὸς
621 3405 780 3482 Πιλάτου,
805 3405 998 3486 αἰτούμενος
1018 3402 1058 3468 τὸ
1080 3407 1179 3486 σῶμα

154 3504 213 3565 τοῦ
232 3495 345 3587 Ἰησοῦ,
369 3505 422 3567 καί
447 3502 609 3568 είσελδιὺν
632 3502 817 3586 πανσόφως
840 3501 1008 3588 έχρησατο,
1036 3501 1096 3566 ἵνα
1117 3503 1178 3567 τοῦ

154 3604 369 3680 ποθουμένου
392 3602 518 3665 σκοποῦ
543 3598 634 3676 ἐντὸς
655 3604 795 3682 γένηται.
846 3599 899 3664 διὸ
928 3593 985 3663 οῦκ
1014 3597 1178 3682 ἐχρήσατο

154 3693 240 3779 πρὸς
262 3697 412 3762 Πιλάτου
434 3707 581 3780 κομψοῖς
602 3718 672 3760 τισι
694 3698 746 3760 καί
770 3691 913 3782 ῦψηλοῖς
936 3694 1089 3782 ῥήμασιν,
1120 3694 1178 3761 ἰ’να

111 3793 198 3876 τομὴ
221 3791 268 3869 είς
290 3788 387 3879 ὀργὴν
401 3795 519 3858 τοῦτον
535 3792 663 3876 έξάψας
677 3792 798 3879 ἐκπέσῃ
816 3797 874 3881 τῆς
890 3792 1068 3878 αἰτήσεως·
1097 3786 1178 3858 οῦδὲ

153 3889 240 3973 λέγει
267 3888 353 3969 πρός
382 3884 481 3955 αὐτὸν
510 3890 588 3967 αδός
615 3913 674 3971 μοι
701 3889 740 3953 τὸ
763 3893 860 3971 σῶμα
881 3892 940 3953 τοῦ
959 3885 1082 3973 Ἰησοῦ,
1120 3892 1224 3966 τοῦτα

150 3979 263 4070 Ἰησοῦ,
286 3988 344 4049 τοῦ
368 3987 435 4069 πρὸ
455 3992 594 4069 βραχέος
616 3986 673 4051 τὸν
689 3982 781 4071 ἥλιον
797 3993 1020 4064 σκοτίσαντος,
1044 3985 1182 4066 καὶτὰς

153 4087 277 4165 πέτρας
299 4081 466 4168 ῥήξαντος,
488 4086 543 4149 καὶ
565 4083 623 4171 τὴν
645 4086 704 4171 γῆν
720 4082 928 4172 δοκησάντος,
952 4085 1008 4150 καί
1028 4082 1074 4149 τὰ
1094 4108 1181 4172 μνη-
