2586 4822
111 751 174 815 204
570 756 684 809 rtrum

111 939 198 981 anuos
222 923 249 987 6,
272 934 380 978 menses
404 919 432 980 6,
455 924 522 992 quot
545 913 655 970 Eusebii
677 912 831 970 chronicon
853 920 989 970 numerat.
1022 912 1060 971 lic
1081 930 1133 991 qua

112 1026 143 1067 re
165 1025 215 1066 suo
237 1007 298 1064 loco
320 1003 479 1061 ridebimus.
509 1001 547 1057 lta
568 998 705 1057 Aureliani
727 1008 834 1074 quarto,
857 996 947 1055 Probo
972 1007 1001 1055 et
1023 998 1134 1058 Paulino

113 1095 189 1152 Coss.
213 1091 431 1149 Manichaeorum
455 1086 574 1143 haeresis
597 1083 716 1141 emersit.

199 1179 259 1237 638
276 1195 299 1233 6.
331 1166 375 1240 ὡς
396 1161 470 1228 εἶναι
494 1164 555 1227 ἀπὸ
578 1171 632 1225 τοῦ
653 1162 812 1246 εἰρημένου
826 1161 936 1242 Μάνη]
968 1171 1065 1226 hunus
1080 1170 1132 1237 hic,

112 1281 168 1339 quo
190 1266 257 1319 hacc
279 1256 514 1318 commentabatur
535 1254 710 1329 Epiphanius,
735 1253 834 1310 Christi
856 1262 898 1310 est
921 1256 994 1312 376.
1025 1254 1135 1314 Valeotc

112 1349 246 1424 impenb
270 1354 297 1403 et
321 1342 504 1401 Valentiniano
527 1340 636 1397 iuniore
659 1340 677 1396 2
701 1339 777 1395 Coss.
801 1355 862 1395 eum
890 1341 1037 1414 superiore
1065 1357 1134 1399 anuo

111 1441 237 1491 mortuus
260 1438 334 1488 esset
355 1425 556 1484 Valentinianus
578 1424 679 1490 senior,
702 1433 764 1497 post
788 1422 964 1481 Consulatum
982 1426 1134 1487 Gratiauid

113 1517 257 1591 etilquitii.
290 1515 411 1570 Mortuus
434 1520 476 1568 est
499 1511 570 1566 enirn
585 1509 709 1572 donli.
734 1506 847 1583 expletis
869 1510 896 1564 iu
919 1510 1037 1586 imperio
1059 1512 1134 1570 aunis

116 1604 163 1667 12,
187 1602 275 1657 urinus
292 1603 349 1657 100
373 1596 478 1653 diebus.
509 1595 597 1664 Quare
619 1593 792 1668 castigandus
815 1594 951 1661 Socrates,
981 1596 1029 1672 qui
1051 1613 1133 1654 moos

116 1690 153 1746 13
184 1685 330 1760 imperasse
352 1681 461 1745 scribit,
490 1680 563 1759 qood
587 1694 757 1755 nequaqnam
780 1680 910 1753 procedit.
957 1680 1026 1738 Mam
1047 1682 1132 1756 eoepit

113 1788 185 1828 auno
210 1774 269 1829 364
294 1777 356 1845 post
378 1766 522 1824 bisextum.
554 1765 647 1838 ltaque
669 1781 756 1820 annos
779 1781 856 1821 aerae
868 1764 1048 1839 dionysianae
1063 1768 1130 1825 376.

112 1857 231 1914 Veientis
254 1864 296 1912 est
313 1858 359 1917 13,
383 1851 501 1909 Gratiani
523 1866 586 1906 vero
610 1852 628 1908 9
652 1850 753 1914 exiens,
777 1849 822 1923 qni
845 1849 1001 1922 lmpcrator
1021 1870 1036 1908 a
1055 1851 1131 1911 latre

113 1941 289 1999 renunciatus
320 1948 363 1995 est
383 1954 454 1992 anno
479 1937 549 1998 367,
579 1943 610 1990 ut
632 1935 707 1991 initio
731 1934 812 1990 huius
835 1934 926 2008 operis
949 1938 1133 1994 adnotavimus

113 2044 146 2085 ex
158 2027 280 2082 Socrate.
317 2027 352 2080 ht
363 2021 563 2077 Valentinianus
577 2019 669 2076 iunior
684 2029 760 2076 serto
777 2029 840 2093 post
857 2020 941 2094 patris
965 2020 1072 2079 obitum
1093 2023 1134 2080 die

114 2112 264 2185 imperator
285 2126 298 2164 a
322 2105 451 2162 militibus
475 2115 516 2161 est
531 2104 673 2169 salutatus,
697 2105 791 2160 eodem
808 2105 923 2162 authore
938 2105 1064 2174 Socrate,
1087 2124 1135 2166 uec

114 2213 169 2252 non
192 2204 219 2252 et
241 2193 379 2249 Ammiano
402 2191 420 2246 l.
435 2192 484 2248 30.
515 2190 580 2246 Cum
603 2189 731 2247 adversus
754 2188 823 2246 haue
840 2189 969 2246 llaeresin
993 2192 1133 2259 scriberet,

115 2280 224 2338 tertium
247 2279 298 2334 iam
322 2293 420 2333 annum
439 2275 466 2331 iu
482 2275 534 2332 hoc
550 2291 633 2350 opero
649 2274 807 2330 versabatur
822 2274 1000 2348 Epiphanius.
1031 2277 1134 2353 Quippe

115 2380 186 2422 anuo
204 2367 263 2422 374
288 2361 407 2418 scribere
430 2370 472 2416 est
494 2377 649 2434 aggressus,
674 2368 704 2416 ut
721 2361 746 2415 in
762 2358 932 2417 Praelatione
947 2360 1053 2419 docuit.
1083 2362 1133 2420 Sed

115 2448 148 2507 ab
171 2459 234 2506 ortu
249 2447 467 2504 Manichaeorum
489 2445 522 2500 ad
544 2446 617 2501 hune
640 2445 727 2518 ipsum
743 2461 842 2502 annum
858 2446 1070 2505 mendosissime
1083 2465 1133 2505 uu·

114 2542 255 2593 merantur
276 2532 339 2589 anni
353 2534 402 2596 77,
425 2548 475 2604 pro
498 2529 597 2605 quibus
621 2547 705 2586 anuos
727 2531 781 2587 107
807 2529 998 2589 rescribeudos
1022 2533 1048 2589 iu
1064 2550 1133 2590 mar·

115 2621 178 2696 gine
207 2618 373 2677 censuimus.
418 2614 521 2672 Pendet
551 2631 581 2670 ea
609 2615 769 2671 urrtuerandi
792 2616 860 2671 ratio
883 2633 914 2671 es
938 2617 1132 2691 imperatorum

114 2705 201 2770 annis,
225 2702 389 2777 dequibus,
412 2701 581 2775 maximeque
603 2699 799 2773 superioribus,
824 2718 926 2756 summa
950 2712 1004 2766 est,
1029 2713 1059 2760 ut
1075 2713 1133 2760 aute

115 2790 280 2851 monuimus,
307 2786 448 2844 Annalium
471 2784 666 2859 discrepantia,
690 2784 723 2840 de
745 2802 797 2859 qua
820 2785 871 2841 alio
896 2787 922 2841 in
946 2786 1131 2845 1666676766-

115 2892 185 2932 mus.
229 2873 339 2931 interim
366 2872 387 2928 si
411 2869 555 2926 Aureliano
580 2872 597 2927 5
627 2869 755 2926 duntaxat
788 2888 874 2926 annos
904 2888 966 2927 cum
996 2872 1131 2930 mensdtus

114 2960 218 3034 aliquot
240 2974 407 3032 arrogemus,
431 2964 513 3028 atque
536 2955 606 3010 illius
629 2972 699 3010 anno
724 2959 740 3012 l
766 2954 855 3011 Manes
878 2957 1022 3029 prodierit,
1047 2958 1132 3015 Probo

114 3052 143 3102 et
165 3044 277 3101 Paulino
301 3043 377 3099 Coss.
401 3048 460 3096 esto
484 3056 570 3097 annus
594 3040 644 3095 iste
668 3038 767 3096 Christi
793 3040 861 3102 265.
907 3040 976 3098 lliuc
999 3043 1084 3116 igitur
1103 3043 1134 3100 ad

117 3131 176 3187 376
199 3129 261 3184 anui
286 3134 463 3183 numerantur
491 3125 557 3182 tot.
588 3124 662 3193 Quos
684 3125 720 3180 ita
744 3142 776 3180 ex
792 3124 932 3199 Epiphauii
955 3137 1050 3185 mente
1072 3144 1135 3202 par·

115 3213 163 3270 tim
186 3214 238 3268 hoc
259 3212 320 3284 ipso
343 3211 419 3273 loco,
444 3211 539 3283 partim
562 3208 609 3264 lib.
632 3209 666 3265 de
688 3209 773 3265 l‘ond.
797 3210 953 3284 dispensare
977 3229 1133 3286 possumus.

114 3295 274 3353 Aurelianus
295 3302 360 3368 post
382 3310 442 3350 eum
466 3311 581 3357 aunum,
608 3312 662 3369 quo
686 3296 801 3368 primum
824 3292 914 3351 Manes
937 3298 1051 3363 exstitit,
1074 3296 1136 3357 vixit

114 3397 213 3436 aunum
243 3384 266 3443 1,
289 3395 396 3434 menses
421 3380 449 3441 6,
473 3377 580 3435 Tacitus
603 3396 638 3434 m.
656 3380 685 3443 6,
708 3379 813 3437 Probus
835 3397 859 3436 a.
877 3382 904 3444 6,
929 3396 965 3437 ma
984 3387 1013 3440 l.
1051 3380 1135 3440 cam

114 3482 176 3522 cum
200 3465 260 3521 liliis
283 3481 307 3520 6.
325 3466 362 3527 2,
387 3463 569 3520 Diocletianus
591 3481 615 3519 a.
633 3465 688 3528 20,
713 3464 905 3521 Constantinus
927 3483 951 3521 6.
970 3468 1020 3526 32.
1053 3466 1137 3526 Colli-

113 3559 218 3625 guntur
244 3548 278 3605 ah
306 3565 377 3605 anno
401 3551 418 3606 t
448 3549 584 3605 Aureliani
616 3549 649 3605 ad
672 3549 840 3607 Constantini
869 3549 973 3607 obitum
996 3553 1061 3609 auni
1085 3554 1133 3612 63.

113 3633 186 3692 (lbiit
208 3634 400 3691 Constantinus
423 3651 454 3689 ex
477 3633 596 3689 omnium
619 3634 753 3690 sententia
775 3652 846 3691 anuo
871 3636 941 3695 337.
977 3639 1001 3694 h
1025 3654 1080 3712 quo
1103 3636 1135 3695 acl

112 3735 214 3777 aunum
239 3721 298 3777 376
322 3718 417 3792 reliqui
440 3727 504 3773 suut
521 3720 569 3783 39,
594 3719 639 3794 qui
662 3719 750 3777 6063
775 3718 892 3776 adiuncti
915 3737 1051 3780 summam
1066 3740 1136 3782 cou-

113 3803 208 3863 llciunt
230 3821 362 3860 annorum
391 3804 456 3860 102.

200 3889 260 3948 033
277 3904 300 3944 c.
330 3879 391 3962 ἤδη
413 3881 447 3943 dd
468 3877 597 3963 ἀνδράσι
618 3881 774 3965 μεγάλοις]
805 3887 995 3949 theodoretus
1010 3890 1136 3968 Scripto-

114 3990 169 4039 res,
193 3974 240 4049 qui
262 3972 390 4029 adversus
406 3971 621 4030 Manichaeorum
637 3982 738 4031 sectarn
754 3973 963 4032 commentarios
979 3976 1134 4045 ediderunt,

114 4067 239 4117 recenset
260 4057 344 4124 istos,
360 4056 455 4140 ‚Titum
478 4055 671 4116 bostrenorum
693 4059 872 4134 Episcopum,
895 4058 1045 4120 lliodoruru
1068 4062 1138 4121 Tar·
