2586 4822
149 733 207 798 108
577 782 580 786 .
601 745 714 794 rernm

231 904 290 960 249
308 919 331 958 c.
356 891 477 958 δώδεκα
492 896 638 975 κλίματα]
663 901 727 956 Nam
744 900 855 956 totidem
872 909 1016 954 ventorum
1032 898 1171 973 regiones.

145 989 209 1045 Vide
232 988 299 1044 deu.
318 990 345 1049 2.
365 989 413 1044 22.

231 1075 291 1130 252
309 1091 332 1128 c.
364 1075 428 1138 τοῖς
450 1062 613 1145 τριάκοντα
636 1068 770 1143 κλητοῖς]
809 1069 937 1124 Tricenns
959 1068 993 1124 ad
1018 1069 1169 1124 convivium

145 1158 279 1214 adhibitos
304 1157 385 1214 Hebr.
409 1174 438 1212 ac
463 1157 539 1227 Vutg.
563 1156 669 1211 cedices
693 1155 802 1210 habent.
835 1154 927 1209 Graeci
953 1157 1002 1210 70.

231 1238 279 1297 καλ
304 1237 355 1297 διὰ
370 1236 487 1311 Δαβλδ,
510 1232 561 1296 ὅτε
583 1236 630 1295 ἐπὶ
653 1233 816 1312 τριάκοντα
839 1231 978 1312 ἡμέραις]
1007 1237 1056 1293 Ubi
1081 1240 1170 1311 scrip-

146 1339 203 1384 tum
232 1327 296 1382 illud
326 1335 398 1382 extet
428 1326 491 1380 mihi
521 1343 575 1380 nnn
599 1326 726 1380 occurrit.
771 1324 825 1379 Sed
847 1326 873 1378 in
897 1323 976 1396 nugis
1000 1341 1032 1379 ac
1056 1324 1168 1379 somniis

146 1413 245 1468 frustra
268 1411 446 1466 constantiam
470 1427 500 1465 ac
523 1411 654 1466 rationem
678 1411 777 1483 exigas.

231 1498 291 1554 253
308 1513 331 1551 c.
363 1491 412 1550 καὶ
435 1487 464 1549 οἱ
487 1490 586 1551 λευκαὶ
609 1494 816 1568 λευκανθιῦσι]
851 1495 879 1549 ln
909 1494 1013 1549 Graeco
1049 1504 1091 1550 est
1119 1489 1168 1547 καὶ

146 1576 382 1637 ἓκλευκανθῶσι.

231 1656 376 1731 πολλάκις
397 1655 594 1737 ἐπεθύμησα]
627 1664 763 1737 Nusquam
788 1665 854 1720 haec
876 1665 1012 1719 sententia
1036 1664 1062 1718 in
1086 1666 1166 1719 sacris

147 1751 232 1807 literis
258 1750 402 1823 reperitur.

233 1838 292 1893 255
310 1835 334 1890 d.
366 1828 490 1907 βασεμὰ
509 1824 667 1907 χαμοσσή]
706 1833 790 1888 Paulo
818 1833 895 1888 aliter
923 1834 991 1888 haec
1021 1832 1164 1888 verborum

104 1984 108 1989 ,
146 1921 261 1977 formula
290 1921 360 1994 apud
383 1920 484 1975 lrennei
507 1920 686 1992 Interpretem
715 1927 845 1991 concepta
869 1918 968 1990 degitur
995 1922 1021 1979 1,
1042 1920 1086 1975 18.
1112 1917 1167 1972 na-

145 2023 225 2076 cpmn
254 2006 397 2060 cacabacii
427 2021 536 2065 canan,
566 2005 720 2058 imnurtcte
749 2005 897 2072 dpcrdcde
925 2004 1065 2058 cacctabn
1086 2004 1167 2074 [ebor

147 2090 325 2145 cametantlu'.
355 2091 432 2161 Apud
448 2089 566 2144 Nicetam
590 2106 652 2143 vern
678 2088 796 2148 camasi.
821 2091 881 2149 bae,
905 2106 1017 2142 antenna
1039 2090 1165 2159 myntndn

147 2176 239 2229 rditdc
261 2175 389 2237 cuetcdn,
409 2174 520 2245 phnpor
542 2173 657 2228 calathi.
690 2175 763 2242 Quae
786 2174 824 2228 sie
845 2175 1050 2245 interpretatur,
1083 2172 1166 2246 Ocni

148 2277 175 2313 ec
198 2277 283 2331 snper
304 2276 411 2313 omnem
432 2260 562 2312 virtutem
584 2258 689 2327 Putris,
714 2266 739 2313 te
760 2261 932 2321 invocamus,
955 2261 1005 2329 qui
1027 2259 1165 2313 lamentet

148 2343 270 2416 Spiritus
294 2347 381 2399 bernus
399 2353 425 2398 et
440 2345 500 2399 cita
514 2345 680 2406 norninerir,
705 2345 837 2416 queniam
853 2345 1016 2415 incorpore
1032 2343 1163 2414 repperti.

148 2428 277 2484 Hebraica
306 2446 388 2502 perro
414 2426 463 2484 tua
486 2445 546 2484 esse
569 2428 648 2485 verba
673 2430 798 2485 {cenaeus
820 2438 926 2491 narrat,
956 2429 1012 2484 sive
1037 2427 1163 2484 eiusmodi

148 2532 240 2570 revera
262 2517 331 2578 sint,
359 2515 413 2570 sive
436 2531 485 2587 pro
508 2513 645 2570 Hebraicis
668 2532 682 2568 a
705 2513 916 2569 circunsnraneis
939 2513 997 2568 istis
1022 2514 1095 2586 apud
1117 2514 1162 2568 irn-

147 2601 248 2672 peritcs
278 2601 384 2655 iactata.
430 2601 500 2655 Saue
530 2599 639 2675 quidem
663 2601 768 2655 tametsi
792 2600 933 2671 depravata
958 2615 988 2653 ea
1011 2600 1083 2661 sint,
1114 2597 1161 2652 He·

32 2744 48 2759 ‚‚
145 2684 280 2740 braismus
304 2695 392 2741 tamen
415 2686 441 2740 in
464 2684 602 2758 plerisque
625 2684 697 2740 haud
720 2682 835 2739 obscure
858 2683 991 2755 pellucet:
1017 2693 1049 2739 ut
1072 2685 1162 2738 minim

146 2770 181 2824 sit
205 2771 306 2825 trenaei
322 2770 502 2833 Scdrctiastem
527 2771 600 2842 pium
624 2777 651 2824 et
674 2770 807 2824 eruditum
833 2770 978 2828 hominem.
1003 2779 1059 2823 tam
1083 2766 1162 2824 cend-

147 2855 242 2911 denter
266 2856 291 2909 id
313 2873 482 2918 asseverare,
505 2872 536 2910 ca
559 2854 686 2910 vocabula
708 2871 759 2908 nec
782 2872 800 2907 c
824 2853 952 2916 Graeca,
976 2871 1027 2908 nec
1052 2856 1089 2908 nb
1111 2852 1162 2908 ne

147 2941 243 3003 braca,
269 2939 434 3003 ctiatuatca,
458 2939 540 3010 Sprn,
564 2947 613 2994 aut
629 2937 754 2994 Arabica
776 2940 874 3009 ttupue
893 2940 987 3010 petita
1009 2956 1080 3003 esse,
1104 2954 1163 3010 prn-

147 3024 262 3096 indeque
285 3024 401 3094 Mepica
424 3033 449 3078 et
473 3027 599 3079 barbara
616 3025 706 3095 nippis
719 3032 852 3096 portenta
867 3040 927 3078 esne
942 3041 1028 3095 quam
1044 3025 1162 3078 nomina.

146 3109 250 3163 Atcnim
281 3108 457 3182 Epiphanium
486 3118 514 3164 et
541 3109 680 3165 Irenaeum
709 3109 863 3181 nuperrime
892 3109 1030 3163 Sectarius
1062 3108 1163 3182 quidam

147 3192 298 3264 redarguit,
322 3193 394 3265 ipticd
419 3194 484 3248 haec
508 3193 565 3265 ipsa
587 3193 667 3248 verba
690 3211 832 3267 perperam
855 3195 1023 3266 acceperint,
1049 3212 1111 3250 cum
1132 3193 1163 3247 ita

148 3276 289 3331 scribenda
306 3278 374 3332 sint:
399 3277 493 3332 Bascm
510 3278 651 3342 inurendos,
671 3278 721 3341 Ab,
739 3279 802 3341 Ben‚
819 3279 949 3334 drrimch.
973 3292 1086 3353 wtwprt
1101 3293 1162 3337 m

148 3378 233 3420 rtart
258 3376 291 3437 tv
315 3375 368 3421 zu.
415 3361 471 3417 Hoc
501 3373 555 3418 est:
586 3363 612 3417 in
643 3364 752 3419 nomine
781 3363 985 3419 superelatus
1010 3372 1038 3419 ct
1063 3363 1122 3420 uitii
1141 3369 1165 3416 et

148 3446 264 3519 Spiritus
284 3448 378 3502 sancti.
412 3451 432 3500 Α
451 3464 504 3519 ipim
524 3448 631 3522 quidem
650 3466 732 3504 sensu
752 3449 832 3522 tnnpe
851 3448 886 3503 illi
898 3448 992 3504 Patres
1010 3448 1164 3504 abhorrent

147 3532 245 3587 Verum
258 3542 287 3587 ut
299 3532 423 3588 carminis
437 3533 516 3588 tinius
528 3534 604 3588 initio
618 3533 738 3589 solennis
750 3534 794 3589 illa
805 3534 928 3595 formula,
953 3533 981 3587 dn
994 3535 1108 3590 nomine
1119 3534 1165 3588 ra-

106 3623 135 3672 75
148 3620 195 3673 tris
208 3627 235 3672 et
249 3617 305 3672 tuti
318 3626 346 3673 et
359 3617 476 3689 Spiritus
486 3619 580 3681 sancti,
600 3619 765 3692 praescripta
777 3620 821 3682 sit,
839 3629 944 3674 caetera
958 3628 1050 3674 tamen
1063 3619 1097 3674 ad
1108 3632 1160 3674 eam

147 3702 316 3766 sententiam,
341 3720 421 3775 quiam
436 3702 561 3758 trendens
575 3704 715 3776 expressit.
740 3705 858 3759 revecari
873 3712 1011 3775 poterunt.
1036 3705 1060 3758 si
1076 3704 1166 3759 ieviter

147 3787 333 3843 emendentur.
364 3792 401 3843 Ac
425 3788 545 3843 tcrtnssis
568 3789 640 3844 hunc
663 3798 709 3843 aut
732 3788 845 3844 siurilem
868 3789 1033 3844 admodum
1059 3789 1166 3845 conscr-

148 3873 213 3929 mari
241 3882 371 3945 possunt,
404 3885 518 3932 tantm
548 3885 629 3932 uun
660 3885 717 3932 Μ
740 3887 806 3932 teau
831 3885 911 3932 ⁸:25
933 3869 973 3931 Su
997 3883 1051 3929 etc.
1076 3885 1166 3934 unm

147 3957 235 4018 naba
259 3972 353 4018 uerna
377 3972 411 4017 a:
436 3972 495 4017 uari
519 3971 585 4017 eata
609 3972 715 4015 ennea.
758 3959 831 4026 Quae
855 3958 963 4031 «μήλεια
987 3958 1122 4015 Hebraice
1143 3963 1168 4010 et

146 4048 273 4100 Aminnea
302 4044 444 4100 inflexione
467 4043 583 4099 eundem
606 4043 685 4116 plane
714 4061 825 4099 sensum
860 4043 977 4099 reddunt
1007 4061 1090 4118 quem
1114 4043 1169 4099 tre·
