2586 4822
173 726 236 790 288
635 741 747 791 rsrnrn

171 904 231 961 tur,
255 897 346 952 denuo
375 895 566 968 baptizentur,
595 896 668 967 quod
695 895 721 949 si
747 895 778 949 in
806 890 893 947 Patre
921 898 948 946 ct
972 890 1051 949 Filio
1082 891 1186 969 etSpi·

170 984 228 1036 ritu
248 989 346 1037 saneto
368 981 505 1052 baptizoti
525 980 645 1050 fuerim,
675 994 776 1034 monus
805 984 913 1032 tantum
934 978 975 1031 cis
997 978 1186 1050 importantur,

170 1075 201 1121 ut
222 1068 367 1139 accipiant
388 1065 524 1136 Spiritum
546 1073 681 1120 sanctum.
711 1066 745 1119 itt
766 1065 880 1135 August.
905 1061 954 1119 l.3
980 1061 1013 1118 de
1030 1063 1112 1136 Bapt.
1128 1080 1187 1118 cou-

170 1161 212 1206 tra
236 1151 387 1207 Donatistis
409 1167 433 1205 c.
449 1152 500 1206 15:
526 1150 712 1218 Quamobrem
735 1149 759 1203 si
780 1146 977 1217 anrtpelicie,
1001 1148 1113 1220 inquit,
1136 1165 1190 1203 rer·

69 1256 74 1267 “
171 1237 267 1291 bisin
287 1237 397 1291 nomino
420 1235 514 1289 Patris
537 1243 563 1289 ct
584 1234 654 1290 Filii
676 1242 701 1289 et
723 1233 846 1305 Spiritus
868 1233 962 1286 sancti
984 1232 1125 1290 Marcion
1146 1234 1190 1289 lo·

167 1323 301 1394 ptismum
329 1322 528 1385 consecrabat,
555 1321 693 1391 inteprum
721 1327 783 1373 erat
804 1317 1037 1382 Sacramentum,
1069 1318 1189 1390 anamais

171 1407 231 1460 eins
252 1407 321 1479 fides
343 1406 393 1459 suli
417 1405 520 1459 eisdem
542 1406 634 1459 cerlis
655 1405 736 1459 aliud
768 1403 911 1474 opinantis
934 1419 1021 1474 quam
1049 1402 1187 1459 Catltolica

170 1492 276 1546 soritas
299 1491 466 1552 docet,.non
487 1497 558 1544 esset
580 1491 699 1560 intepra,
722 1490 771 1542 sed
791 1488 931 1558 sabulosis
953 1487 1188 1558 falsitatibusin·

171 1575 298 1646 qainata.
327 1573 402 1630 Nam
423 1576 473 1629 sul
497 1576 599 1629 eisdern
620 1576 722 1637 uerbis,
745 1575 775 1629 id
798 1582 838 1627 est
859 1573 890 1628 in
911 1574 1027 1629 nominc
1052 1573 1145 1628 Patris
1164 1579 1188 1626 et

170 1659 241 1714 Filii
263 1668 288 1713 et
310 1657 434 1731 Spiritus
456 1661 563 1724 sancti,
587 1676 644 1714 non
665 1661 755 1714 solum
776 1657 915 1721 Marcion,
937 1665 991 1712 aut
1019 1658 1184 1720 Valentinus,

171 1753 221 1800 aut
236 1743 329 1810 Arius,
353 1753 403 1799 out
417 1744 581 1807 Eunomius,
603 1745 653 1798 sed
674 1745 730 1816 ipsi
752 1744 883 1798 carnales
901 1743 1024 1814 paruuli
1039 1743 1184 1806 Ecclesiae,

171 1832 204 1885 de
233 1831 332 1902 quilius
360 1831 469 1885 dicebat
496 1828 661 1901 Apostolus:
691 1846 746 1883 non
770 1829 852 1900 potui
881 1828 957 1899 loqui
987 1829 1084 1892 cobis,
1111 1826 1187 1899 asam

170 1915 363 1987 spiritalibus,
385 1916 436 1969 scd
457 1915 539 1986 quasi
561 1915 739 1976 coronalibus,
762 1913 789 1966 si
807 1920 922 1985 possent
943 1913 1055 1984 sinpuli
1077 1914 1186 1983 dilipen·

171 2007 213 2055 ter
233 2001 413 2069 interropari,
438 2007 476 2054 tot
499 2000 675 2054 diversitates
698 1999 861 2068 opinionum
880 1997 1016 2068 fortassis
1045 2005 1113 2070 quot
1142 1996 1187 2052 Eo·

168 2085 256 2139 mines
278 2091 501 2138 numerarentur.
532 2083 673 2138 Postremo
697 2082 808 2137 Basilius
831 2083 858 2137 in
881 2081 1002 2154 Epistola
1024 2082 1060 2138 ad
1082 2082 1188 2156 Amphi·

169 2167 288 2223 lochium
311 2168 374 2222 Can.
393 2171 430 2224 47
455 2167 619 2232 Encratitas,
643 2167 832 2239 Saccophoros
855 2175 882 2222 et
904 2168 1076 2240 Apotactitns
1106 2167 1186 2223 denuo

168 2251 345 2324 baptizandos
368 2269 428 2307 csse
451 2261 544 2308 censet
565 2252 624 2325 ipse
640 2251 758 2325 quidem.
789 2252 834 2307 Sin
852 2261 901 2316 est,
928 2261 958 2306 at
974 2252 1185 2326 Amphilochius,

168 2336 281 2411 perinde
304 2353 334 2392 ac
357 2337 483 2401 Riemani,
507 2332 682 2410 οἰκονομίας
704 2328 784 2402 τινὸς
806 2330 906 2406 ἕνεκα,
930 2329 964 2392 τὸ
990 2340 1048 2393 τοῦ
1073 2330 1187 2407 ἀναβο-

169 2423 302 2495 πτισμοῦ
324 2430 445 2495 respuat,
469 2422 643 2478 nihilominus
665 2422 796 2478 rationem
820 2436 895 2477 snam
913 2421 1003 2479 valere
1019 2422 1186 2496 pronunciet.

152 2508 228 2576 ilua
251 2508 285 2563 de
307 2524 337 2562 re
359 2506 459 2581 Synodi
483 2508 622 2563 decretum
645 2507 849 2580 expectandum.
888 2506 961 2562 ldem
985 2516 1080 2564 autem
1104 2507 1184 2562 Cant

170 2610 202 2648 eo
232 2592 402 2666 propendere
431 2591 550 2655 videtur,
580 2600 611 2646 ut
634 2591 788 2647 Haereticos
811 2608 905 2647 omnes
927 2592 1028 2648 iterato
1052 2592 1188 2666 baptisan-

170 2678 219 2734 dos
242 2694 302 2733 esse
318 2677 454 2733 (iecerunt.
481 2677 545 2732 Nem
561 2677 632 2732 aliud
648 2694 709 2733 esse
725 2675 788 2732 dicit
804 2675 943 2740 Haeresin,
967 2677 1042 2732 aliud
1059 2677 1185 2740 satisne.

169 2763 239 2818 aliud
262 2755 535 2838 παροσυναγωγήν.
578 2761 702 2819 llaeresis
726 2770 767 2817 est
790 2777 858 2833 qaae
881 2762 1053 2818 contrariam
1077 2763 1186 2835 alicuem

168 2848 231 2904 iidei
254 2855 346 2903 tuetur
368 2864 498 2903 errorem.
538 2846 661 2902 Schisma
682 2863 745 2902 vero
768 2845 906 2900 dissidium
930 2855 971 2901 est
996 2846 1033 2903 oh
1056 2847 1185 2904 Eccleeie·

168 2933 249 2990 stices
272 2932 400 3007 quasdam
424 2932 621 2988 controversias
637 2941 769 2987 exortum.
797 2933 830 2986 m
845 2927 1109 3008 παρασυναγωγὴ,
1130 2946 1184 2987 cum

168 3027 341 3074 contumaees
363 3016 527 3091 Presbyteri,
550 3024 596 3072 aut
617 3016 752 3090 Episcopi,
776 3025 822 3071 aut
845 3016 924 3070 etiam
947 3016 1021 3073 Eaici
1044 3035 1102 3073 non
1123 3017 1185 3088 legi·

168 3103 248 3158 timos
270 3112 420 3158 conventus
443 3101 552 3163 habent.
583 3102 637 3156 lam
659 3101 705 3174 qui
729 3118 760 3156 ex
775 3100 925 3155 Schismate
949 3109 996 3155 aut
1013 3117 1182 3180 παρασιτο-

166 3188 249 3262 γωγῇ
276 3187 309 3240 ad
337 3187 484 3243 Ecclesiam
511 3194 700 3252 revertuntur,
729 3202 761 3242 ex
788 3187 920 3241 maiorum
955 3186 1105 3243 traditione
1130 3184 1183 3247 sine

167 3269 300 3349 baptismo
323 3271 493 3342 recipiendos
517 3288 577 3327 esse
600 3270 701 3334 definit,
731 3269 887 3326 Haereticos
910 3279 1003 3327 autem
1027 3272 1119 3328 denuo
1140 3268 1184 3325 lie-

166 3354 317 3429 ptinandos.
362 3353 534 3427 Quanquam,
559 3356 655 3429 inquit,
679 3355 826 3429 Cyprianus
849 3364 876 3410 ct
899 3355 1073 3414 Eirmilianus
1095 3370 1185 3412 omnes

167 3450 221 3496 tam
244 3439 399 3496 Haereticos
426 3457 506 3512 quain
529 3440 720 3496 Schismaticos
753 3439 960 3512 rebaptizandos
984 3458 1051 3498 esse
1071 3455 1207 3497 censue·

165 3534 241 3589 rant,
265 3525 347 3598 quod,
372 3541 432 3579 cuni
455 3541 485 3580 se
507 3523 540 3579 ab
564 3525 699 3582 Ecclesiae
721 3525 911 3582 communione
933 3526 1117 3589 seiunxerint,
1138 3525 1182 3579 iu-

165 3618 288 3681 terrapta
310 3610 345 3664 sit
368 3609 394 3664 in
416 3609 468 3664 illis
490 3609 606 3682 Spiritus
630 3610 716 3666 sancti
738 3611 831 3683 gratia,
856 3627 906 3665 nec
929 3626 987 3665 eam
1013 3612 1041 3667 in
1063 3619 1181 3666 caeteros

162 3694 279 3764 amplius
307 3694 414 3766 possint
442 3694 645 3750 transfundere:
676 3687 768 3750 διὸ
747 3712 789 3760 ως
810 3688 893 3794 nupsi
915 3691 1055 3751 Λαϊκων
1073 3694 1182 3766 βιοτη-

163 3769 306 3849 ζομένους
333 3772 405 3845 τούς
433 3771 503 3853 nao'
528 3770 630 3834 αὐτῶν
658 3773 857 3835 ἐκέλευσαν
844 3773 1029 3854 eppope'rooc
1057 3776 1105 3837 ἐπὶ
1132 3767 1182 3852 τὴν

160 3855 322 3934 lxelracar
344 3881 386 3941 τῳ
409 3854 549 3941 ἀληθινῳ
568 3861 760 3937 βαπτίσματι
784 3865 827 3943 τῷ
849 3866 903 3938 τῆς
924 3853 1128 3939 ἓκκλησὰις’
1110 3880 1182 3921 urc-

111 3954 155 4005 sm
164 3942 385 4020 καθαίρεσθαι
416 3947 571 4018 Propterea
592 3950 631 4003 sie
652 3951 717 4005 illos
740 3959 875 4021 tanlquam
898 3965 916 4003 a
939 3948 1038 4006 Laicis
1059 3951 1183 4023 baptizo·

163 4037 213 4095 tos,
235 4033 328 4086 denuo
343 4032 492 4096 iusscmtnt,
515 4049 578 4087 cum
593 4036 631 4089 ad
644 4033 802 4091 Ecclesiam
817 4035 940 4091 redirent
955 4052 1024 4090 ocro
1039 4035 1181 4092 Ecclesiae
