<?xml version="1.0" encoding="UTF-8"?>
<!DOCTYPE html PUBLIC "-//W3C//DTD XHTML 1.0 Transitional//EN"
    "http://www.w3.org/TR/xhtml1/DTD/xhtml1-transitional.dtd">
<html xmlns="http://www.w3.org/1999/xhtml" xml:lang="en" lang="en">
 <head>
  <title>
</title>
<meta http-equiv="Content-Type" content="text/html;charset=utf-8" />
  <meta name='ocr-system' content='tesseract 3.04.00' />
  <meta name='ocr-capabilities' content='ocr_page ocr_carea ocr_par ocr_line ocrx_word'/>
</head>
<body>
  <div class='ocr_page' id='page_1' title='image "./opera02dindgoog_0652.png"; bbox 0 0 2586 4822; ppageno 0'>
   <div class='ocr_carea' id='block_1_1' title="bbox 755 261 760 283">
    <p class='ocr_par' dir='ltr' id='par_1_1' title="bbox 755 261 760 283">
     <span class='ocr_line' id='line_1_1' title="bbox 755 261 760 283; baseline 0 0"><span class='ocrx_word' id='word_1_1' title='bbox 755 261 760 283; x_wconf 88' lang='lat' dir='ltr'>l</span> 
     </span>
    </p>
   </div>
   <div class='ocr_carea' id='block_1_2' title="bbox 140 718 708 780">
    <p class='ocr_par' dir='ltr' id='par_1_2' title="bbox 140 718 708 780">
     <span class='ocr_line' id='line_1_2' title="bbox 140 718 708 780; baseline 0 -1"><span class='ocrx_word' id='word_1_2' title='bbox 140 718 201 779; x_wconf 78' lang='lat' dir='ltr'>lid</span> <span class='ocrx_word' id='word_1_3' title='bbox 515 752 522 763; x_wconf 86' lang='lat'>·</span> <span class='ocrx_word' id='word_1_4' title='bbox 594 729 708 780; x_wconf 79' lang='lat' dir='ltr'>eeuavu</span> 
     </span>
    </p>
   </div>
   <div class='ocr_carea' id='block_1_3' title="bbox 31 884 1161 2917">
    <p class='ocr_par' dir='ltr' id='par_1_3' title="bbox 31 884 1161 2917">
     <span class='ocr_line' id='line_1_3' title="bbox 143 884 1161 960; baseline -0.006 -13"><span class='ocrx_word' id='word_1_5' title='bbox 143 940 146 947; x_wconf 32' lang='lat' dir='ltr'><strong><em>f</em></strong></span> <span class='ocrx_word' id='word_1_6' title='bbox 224 887 258 943; x_wconf 80' lang='lat' dir='ltr'>lt</span> <span class='ocrx_word' id='word_1_7' title='bbox 279 884 486 960; x_wconf 74' lang='lat' dir='ltr'>Babyloniorum</span> <span class='ocrx_word' id='word_1_8' title='bbox 510 901 639 958; x_wconf 76' lang='lat' dir='ltr'>reguum,</span> <span class='ocrx_word' id='word_1_9' title='bbox 669 886 691 941; x_wconf 90' lang='lat' dir='ltr'>si</span> <span class='ocrx_word' id='word_1_10' title='bbox 713 901 728 941; x_wconf 85' lang='lat' dir='ltr'>a</span> <span class='ocrx_word' id='word_1_11' title='bbox 750 884 938 941; x_wconf 82' lang='lat' dir='ltr'>Nabuuassaru</span> <span class='ocrx_word' id='word_1_12' title='bbox 962 893 1090 958; x_wconf 81' lang='lat' dir='ltr'>repetas,</span> <span class='ocrx_word' id='word_1_13' title='bbox 1112 884 1161 941; x_wconf 85' lang='lat' dir='ltr'>ali-</span> 
     </span>
     <span class='ocr_line' id='line_1_4' title="bbox 139 970 1161 1046; baseline -0.004 -17"><span class='ocrx_word' id='word_1_14' title='bbox 139 980 207 1046; x_wconf 86' lang='lat' dir='ltr'>quot</span> <span class='ocrx_word' id='word_1_15' title='bbox 229 971 306 1028; x_wconf 88' lang='lat' dir='ltr'>annis</span> <span class='ocrx_word' id='word_1_16' title='bbox 328 981 392 1045; x_wconf 91' lang='lat' dir='ltr'>post</span> <span class='ocrx_word' id='word_1_17' title='bbox 413 970 584 1044; x_wconf 76' lang='lat' dir='ltr'>Assyriorum</span> <span class='ocrx_word' id='word_1_18' title='bbox 606 971 711 1026; x_wconf 89' lang='lat' dir='ltr'>initium</span> <span class='ocrx_word' id='word_1_19' title='bbox 735 971 831 1026; x_wconf 84' lang='lat' dir='ltr'>extitit.</span> <span class='ocrx_word' id='word_1_20' title='bbox 863 970 960 1043; x_wconf 80' lang='lat' dir='ltr'>Coepit</span> <span class='ocrx_word' id='word_1_21' title='bbox 984 973 1057 1027; x_wconf 87' lang='lat' dir='ltr'>cuim</span> <span class='ocrx_word' id='word_1_22' title='bbox 1073 970 1161 1026; x_wconf 79' lang='lat' dir='ltr'>Nabo-</span> 
     </span>
     <span class='ocr_line' id='line_1_5' title="bbox 139 1055 1161 1130; baseline -0.005 -15"><span class='ocrx_word' id='word_1_23' title='bbox 139 1057 243 1116; x_wconf 75' lang='lat' dir='ltr'>massari</span> <span class='ocrx_word' id='word_1_24' title='bbox 268 1073 330 1113; x_wconf 86' lang='lat' dir='ltr'>aera</span> <span class='ocrx_word' id='word_1_25' title='bbox 352 1056 487 1130; x_wconf 82' lang='lat' dir='ltr'>Babylone</span> <span class='ocrx_word' id='word_1_26' title='bbox 510 1056 571 1112; x_wconf 87' lang='lat' dir='ltr'>Per.</span> <span class='ocrx_word' id='word_1_27' title='bbox 594 1056 643 1111; x_wconf 85' lang='lat' dir='ltr'>lul.</span> <span class='ocrx_word' id='word_1_28' title='bbox 669 1057 760 1114; x_wconf 76' lang='lat' dir='ltr'>aaut.</span> <span class='ocrx_word' id='word_1_29' title='bbox 791 1056 897 1111; x_wconf 78' lang='lat' dir='ltr'>Primus</span> <span class='ocrx_word' id='word_1_30' title='bbox 920 1064 1015 1112; x_wconf 88' lang='lat' dir='ltr'>autem</span> <span class='ocrx_word' id='word_1_31' title='bbox 1037 1073 1054 1112; x_wconf 88' lang='lat' dir='ltr'>e</span> <span class='ocrx_word' id='word_1_32' title='bbox 1077 1055 1161 1128; x_wconf 83' lang='lat' dir='ltr'>Baby·</span> 
     </span>
     <span class='ocr_line' id='line_1_6' title="bbox 140 1140 1160 1215; baseline -0.004 -15"><span class='ocrx_word' id='word_1_33' title='bbox 140 1143 220 1200; x_wconf 90' lang='lat' dir='ltr'>loniis</span> <span class='ocrx_word' id='word_1_34' title='bbox 242 1141 360 1215; x_wconf 77' lang='lat' dir='ltr'>Regibus</span> <span class='ocrx_word' id='word_1_35' title='bbox 388 1143 415 1197; x_wconf 93' lang='lat' dir='ltr'>in</span> <span class='ocrx_word' id='word_1_36' title='bbox 439 1141 585 1213; x_wconf 87' lang='lat' dir='ltr'>Scripturis</span> <span class='ocrx_word' id='word_1_37' title='bbox 607 1141 763 1204; x_wconf 85' lang='lat' dir='ltr'>nominatur</span> <span class='ocrx_word' id='word_1_38' title='bbox 784 1140 928 1197; x_wconf 83' lang='lat' dir='ltr'>llerodacli</span> <span class='ocrx_word' id='word_1_39' title='bbox 950 1140 1026 1197; x_wconf 89' lang='lat' dir='ltr'>lilius</span> <span class='ocrx_word' id='word_1_40' title='bbox 1048 1140 1160 1197; x_wconf 82' lang='lat' dir='ltr'>Baladan</span> 
     </span>
     <span class='ocr_line' id='line_1_7' title="bbox 141 1226 1158 1301; baseline -0.002 -16"><span class='ocrx_word' id='word_1_41' title='bbox 141 1228 238 1301; x_wconf 74' lang='lat' dir='ltr'>dileg.</span> <span class='ocrx_word' id='word_1_42' title='bbox 256 1229 305 1291; x_wconf 83' lang='grc'>20,</span> <span class='ocrx_word' id='word_1_43' title='bbox 321 1229 366 1289; x_wconf 79' lang='lat' dir='ltr'>te.</span> <span class='ocrx_word' id='word_1_44' title='bbox 390 1227 461 1282; x_wconf 87' lang='lat' dir='ltr'>cirea</span> <span class='ocrx_word' id='word_1_45' title='bbox 483 1243 584 1281; x_wconf 73' lang='lat' dir='ltr'>arturum</span> <span class='ocrx_word' id='word_1_46' title='bbox 606 1226 736 1282; x_wconf 81' lang='lat' dir='ltr'>Ezechiae</span> <span class='ocrx_word' id='word_1_47' title='bbox 754 1229 800 1290; x_wconf 76' lang='lat' dir='ltr'>ll,</span> <span class='ocrx_word' id='word_1_48' title='bbox 824 1226 895 1282; x_wconf 90' lang='lat' dir='ltr'>circa</span> <span class='ocrx_word' id='word_1_49' title='bbox 917 1226 981 1281; x_wconf 87' lang='lat' dir='ltr'>Per.</span> <span class='ocrx_word' id='word_1_50' title='bbox 1007 1227 1056 1281; x_wconf 90' lang='lat' dir='ltr'>lul.</span> <span class='ocrx_word' id='word_1_51' title='bbox 1081 1230 1158 1283; x_wconf 79' lang='grc'><strong>4000</strong></span> 
     </span>
     <span class='ocr_line' id='line_1_8' title="bbox 140 1310 1161 1385; baseline -0.002 -16"><span class='ocrx_word' id='word_1_52' title='bbox 140 1314 237 1375; x_wconf 83' lang='lat' dir='ltr'>eodem</span> <span class='ocrx_word' id='word_1_53' title='bbox 260 1320 392 1385; x_wconf 89' lang='lat' dir='ltr'>tempore,</span> <span class='ocrx_word' id='word_1_54' title='bbox 416 1328 469 1384; x_wconf 84' lang='lat' dir='ltr'>quo</span> <span class='ocrx_word' id='word_1_55' title='bbox 493 1310 678 1368; x_wconf 78' lang='lat' dir='ltr'><strong>Sennacherib</strong></span> <span class='ocrx_word' id='word_1_56' title='bbox 701 1320 728 1367; x_wconf 92' lang='lat' dir='ltr'>et</span> <span class='ocrx_word' id='word_1_57' title='bbox 749 1311 919 1367; x_wconf 71' lang='lat' dir='ltr'>Assaraddon</span> <span class='ocrx_word' id='word_1_58' title='bbox 942 1312 969 1367; x_wconf 91' lang='lat' dir='ltr'>iu</span> <span class='ocrx_word' id='word_1_59' title='bbox 984 1312 1097 1384; x_wconf 78' lang='lat' dir='ltr'>Assyria</span> <span class='ocrx_word' id='word_1_60' title='bbox 1117 1329 1161 1366; x_wconf 85' lang='lat' dir='ltr'>re·</span> 
     </span>
     <span class='ocr_line' id='line_1_9' title="bbox 139 1395 1158 1472; baseline -0.001 -19"><span class='ocrx_word' id='word_1_61' title='bbox 139 1397 269 1472; x_wconf 74' lang='lat' dir='ltr'>gualtant.</span> <span class='ocrx_word' id='word_1_62' title='bbox 292 1397 394 1465; x_wconf 75' lang='lat' dir='ltr'>,Quare</span> <span class='ocrx_word' id='word_1_63' title='bbox 417 1396 560 1453; x_wconf 89' lang='lat' dir='ltr'>llerudacb</span> <span class='ocrx_word' id='word_1_64' title='bbox 583 1396 634 1452; x_wconf 90' lang='lat' dir='ltr'>iste</span> <span class='ocrx_word' id='word_1_65' title='bbox 656 1395 698 1452; x_wconf 85' lang='lat' dir='ltr'>vel</span> <span class='ocrx_word' id='word_1_66' title='bbox 719 1395 789 1451; x_wconf 91' lang='lat' dir='ltr'>idem</span> <span class='ocrx_word' id='word_1_67' title='bbox 812 1405 854 1452; x_wconf 90' lang='lat' dir='ltr'>est</span> <span class='ocrx_word' id='word_1_68' title='bbox 875 1412 937 1450; x_wconf 88' lang='lat' dir='ltr'>cum</span> <span class='ocrx_word' id='word_1_69' title='bbox 961 1395 1158 1457; x_wconf 82' lang='lat' dir='ltr'>Nabonassaro,</span> 
     </span>
     <span class='ocr_line' id='line_1_10' title="bbox 140 1479 1160 1555; baseline -0.002 -16"><span class='ocrx_word' id='word_1_70' title='bbox 140 1483 183 1545; x_wconf 75' lang='lat' dir='ltr'>sel</span> <span class='ocrx_word' id='word_1_71' title='bbox 205 1483 296 1555; x_wconf 90' lang='lat' dir='ltr'>potius</span> <span class='ocrx_word' id='word_1_72' title='bbox 317 1481 431 1537; x_wconf 80' lang='lat' dir='ltr'>baladan</span> <span class='ocrx_word' id='word_1_73' title='bbox 454 1480 608 1537; x_wconf 84' lang='lat' dir='ltr'>llerodachi</span> <span class='ocrx_word' id='word_1_74' title='bbox 629 1490 720 1554; x_wconf 89' lang='lat' dir='ltr'>pater,</span> <span class='ocrx_word' id='word_1_75' title='bbox 744 1498 759 1536; x_wconf 91' lang='lat' dir='ltr'>a</span> <span class='ocrx_word' id='word_1_76' title='bbox 781 1498 835 1554; x_wconf 86' lang='lat' dir='ltr'>quo</span> <span class='ocrx_word' id='word_1_77' title='bbox 858 1479 1055 1554; x_wconf 76' lang='lat' dir='ltr'>Babylonicum</span> <span class='ocrx_word' id='word_1_78' title='bbox 1078 1482 1160 1555; x_wconf 85' lang='lat' dir='ltr'>impe·</span> 
     </span>
     <span class='ocr_line' id='line_1_11' title="bbox 31 1565 1156 1640; baseline -0.003 -15"><span class='ocrx_word' id='word_1_79' title='bbox 31 1622 38 1637; x_wconf 81' lang='grc'><strong>,</strong></span> <span class='ocrx_word' id='word_1_80' title='bbox 141 1569 210 1626; x_wconf 88' lang='lat' dir='ltr'>rium</span> <span class='ocrx_word' id='word_1_81' title='bbox 233 1567 266 1623; x_wconf 86' lang='lat' dir='ltr'>ad</span> <span class='ocrx_word' id='word_1_82' title='bbox 280 1565 575 1622; x_wconf 78' lang='lat' dir='ltr'>Nabuchodonosorem</span> <span class='ocrx_word' id='word_1_83' title='bbox 598 1575 625 1621; x_wconf 88' lang='lat' dir='ltr'>et</span> <span class='ocrx_word' id='word_1_84' title='bbox 646 1575 773 1639; x_wconf 89' lang='lat' dir='ltr'>posteros</span> <span class='ocrx_word' id='word_1_85' title='bbox 796 1582 882 1639; x_wconf 80' lang='lat' dir='ltr'>usque</span> <span class='ocrx_word' id='word_1_86' title='bbox 904 1577 1088 1640; x_wconf 77' lang='lat' dir='ltr'>propagatum</span> <span class='ocrx_word' id='word_1_87' title='bbox 1109 1574 1156 1630; x_wconf 82' lang='lat' dir='ltr'>est,</span> 
     </span>
     <span class='ocr_line' id='line_1_12' title="bbox 141 1650 1155 1726; baseline -0.004 -17"><span class='ocrx_word' id='word_1_88' title='bbox 141 1653 229 1709; x_wconf 86' lang='lat' dir='ltr'>donce</span> <span class='ocrx_word' id='word_1_89' title='bbox 251 1669 266 1707; x_wconf 91' lang='lat' dir='ltr'>a</span> <span class='ocrx_word' id='word_1_90' title='bbox 281 1651 351 1726; x_wconf 84' lang='lat' dir='ltr'>Cyro</span> <span class='ocrx_word' id='word_1_91' title='bbox 369 1660 396 1708; x_wconf 92' lang='lat' dir='ltr'>et</span> <span class='ocrx_word' id='word_1_92' title='bbox 410 1651 502 1707; x_wconf 89' lang='lat' dir='ltr'>Persis</span> <span class='ocrx_word' id='word_1_93' title='bbox 525 1652 671 1708; x_wconf 81' lang='lat' dir='ltr'>extinctum</span> <span class='ocrx_word' id='word_1_94' title='bbox 694 1660 745 1707; x_wconf 86' lang='lat' dir='ltr'>est.</span> <span class='ocrx_word' id='word_1_95' title='bbox 776 1650 814 1707; x_wconf 81' lang='lat' dir='ltr'>lle</span> <span class='ocrx_word' id='word_1_96' title='bbox 829 1651 1035 1724; x_wconf 78' lang='lat' dir='ltr'><strong>posterioribus</strong></span> <span class='ocrx_word' id='word_1_97' title='bbox 1049 1651 1155 1723; x_wconf 75' lang='lat' dir='ltr'>Assyriis</span> 
     </span>
     <span class='ocr_line' id='line_1_13' title="bbox 139 1735 1154 1812; baseline -0.002 -18"><span class='ocrx_word' id='word_1_98' title='bbox 139 1738 267 1812; x_wconf 83' lang='lat' dir='ltr'>auspicor</span> <span class='ocrx_word' id='word_1_99' title='bbox 294 1737 416 1793; x_wconf 91' lang='lat' dir='ltr'>locutum</span> <span class='ocrx_word' id='word_1_100' title='bbox 442 1736 636 1810; x_wconf 81' lang='lat' dir='ltr'>Epiphaniam,</span> <span class='ocrx_word' id='word_1_101' title='bbox 667 1737 757 1809; x_wconf 90' lang='lat' dir='ltr'>potius</span> <span class='ocrx_word' id='word_1_102' title='bbox 786 1752 865 1809; x_wconf 89' lang='lat' dir='ltr'>quam</span> <span class='ocrx_word' id='word_1_103' title='bbox 895 1736 930 1792; x_wconf 89' lang='lat' dir='ltr'>de</span> <span class='ocrx_word' id='word_1_104' title='bbox 958 1739 1076 1811; x_wconf 75' lang='lat' dir='ltr'>antiquis</span> <span class='ocrx_word' id='word_1_105' title='bbox 1096 1735 1154 1792; x_wconf 79' lang='lat' dir='ltr'>illis.</span> 
     </span>
     <span class='ocr_line' id='line_1_14' title="bbox 141 1820 1154 1894; baseline -0.003 -15"><span class='ocrx_word' id='word_1_106' title='bbox 141 1824 228 1893; x_wconf 83' lang='lat' dir='ltr'>Quem</span> <span class='ocrx_word' id='word_1_107' title='bbox 250 1841 301 1879; x_wconf 93' lang='lat' dir='ltr'>nos</span> <span class='ocrx_word' id='word_1_108' title='bbox 324 1832 354 1880; x_wconf 90' lang='lat' dir='ltr'>ut</span> <span class='ocrx_word' id='word_1_109' title='bbox 375 1822 408 1877; x_wconf 90' lang='lat' dir='ltr'>ab</span> <span class='ocrx_word' id='word_1_110' title='bbox 432 1838 525 1878; x_wconf 87' lang='lat' dir='ltr'>errore</span> <span class='ocrx_word' id='word_1_111' title='bbox 547 1831 686 1894; x_wconf 87' lang='lat' dir='ltr'>utcunque</span> <span class='ocrx_word' id='word_1_112' title='bbox 708 1821 883 1886; x_wconf 81' lang='lat' dir='ltr'>vindicemus,</span> <span class='ocrx_word' id='word_1_113' title='bbox 910 1831 1052 1894; x_wconf 85' lang='lat' dir='ltr'>quatenns</span> <span class='ocrx_word' id='word_1_114' title='bbox 1070 1820 1154 1877; x_wconf 76' lang='lat' dir='ltr'>llcdos</span> 
     </span>
     <span class='ocr_line' id='line_1_15' title="bbox 141 1905 1157 1983; baseline -0.003 -19"><span class='ocrx_word' id='word_1_115' title='bbox 141 1908 294 1983; x_wconf 80' lang='lat' dir='ltr'>Babyloniis</span> <span class='ocrx_word' id='word_1_116' title='bbox 323 1907 489 1982; x_wconf 78' lang='lat' dir='ltr'>posteriores</span> <span class='ocrx_word' id='word_1_117' title='bbox 517 1907 623 1980; x_wconf 77' lang='lat' dir='ltr'>posuit,</span> <span class='ocrx_word' id='word_1_118' title='bbox 653 1907 685 1962; x_wconf 94' lang='lat' dir='ltr'>ad</span> <span class='ocrx_word' id='word_1_119' title='bbox 708 1906 816 1962; x_wconf 80' lang='lat' dir='ltr'>darium</span> <span class='ocrx_word' id='word_1_120' title='bbox 838 1906 912 1962; x_wconf 92' lang='lat' dir='ltr'>illum</span> <span class='ocrx_word' id='word_1_121' title='bbox 936 1905 1048 1963; x_wconf 89' lang='lat' dir='ltr'>lledum</span> <span class='ocrx_word' id='word_1_122' title='bbox 1069 1922 1157 1979; x_wconf 85' lang='lat' dir='ltr'>respo·</span> 
     </span>
     <span class='ocr_line' id='line_1_16' title="bbox 141 1990 1157 2066; baseline -0.006 -15"><span class='ocrx_word' id='word_1_123' title='bbox 141 1994 213 2051; x_wconf 77' lang='lat' dir='ltr'>nisse</span> <span class='ocrx_word' id='word_1_124' title='bbox 235 1994 379 2057; x_wconf 89' lang='lat' dir='ltr'>credimus,</span> <span class='ocrx_word' id='word_1_125' title='bbox 402 1993 447 2065; x_wconf 85' lang='lat' dir='ltr'>qui</span> <span class='ocrx_word' id='word_1_126' title='bbox 471 2008 503 2047; x_wconf 82' lang='lat' dir='ltr'>en</span> <span class='ocrx_word' id='word_1_127' title='bbox 524 1991 673 2048; x_wconf 91' lang='lat' dir='ltr'>multorum</span> <span class='ocrx_word' id='word_1_128' title='bbox 695 1992 828 2048; x_wconf 88' lang='lat' dir='ltr'>sententia</span> <span class='ocrx_word' id='word_1_129' title='bbox 844 1990 985 2048; x_wconf 78' lang='lat' dir='ltr'>Medorum</span> <span class='ocrx_word' id='word_1_130' title='bbox 1009 2001 1157 2066; x_wconf 76' lang='lat' dir='ltr'>postrenus</span> 
     </span>
     <span class='ocr_line' id='line_1_17' title="bbox 142 2075 1153 2150; baseline -0.006 -15"><span class='ocrx_word' id='word_1_131' title='bbox 142 2096 189 2135; x_wconf 81' lang='lat' dir='ltr'>rex</span> <span class='ocrx_word' id='word_1_132' title='bbox 212 2078 260 2134; x_wconf 92' lang='lat' dir='ltr'>luit</span> <span class='ocrx_word' id='word_1_133' title='bbox 282 2086 310 2132; x_wconf 87' lang='lat' dir='ltr'>et</span> <span class='ocrx_word' id='word_1_134' title='bbox 332 2094 392 2132; x_wconf 90' lang='lat' dir='ltr'>cum</span> <span class='ocrx_word' id='word_1_135' title='bbox 417 2076 501 2148; x_wconf 84' lang='lat' dir='ltr'>Cyro,</span> <span class='ocrx_word' id='word_1_136' title='bbox 525 2075 660 2149; x_wconf 75' lang='lat' dir='ltr'>babylone</span> <span class='ocrx_word' id='word_1_137' title='bbox 683 2086 774 2150; x_wconf 85' lang='lat' dir='ltr'>capta,</span> <span class='ocrx_word' id='word_1_138' title='bbox 798 2077 910 2132; x_wconf 88' lang='lat' dir='ltr'>eandem</span> <span class='ocrx_word' id='word_1_139' title='bbox 933 2076 1013 2132; x_wconf 90' lang='lat' dir='ltr'>solus</span> <span class='ocrx_word' id='word_1_140' title='bbox 1036 2076 1153 2133; x_wconf 80' lang='lat' dir='ltr'>obtinuit.</span> 
     </span>
     <span class='ocr_line' id='line_1_18' title="bbox 141 2160 1152 2236; baseline -0.001 -19"><span class='ocrx_word' id='word_1_141' title='bbox 141 2163 221 2231; x_wconf 82' lang='lat' dir='ltr'>Quod</span> <span class='ocrx_word' id='word_1_142' title='bbox 243 2163 293 2218; x_wconf 91' lang='lat' dir='ltr'>etsi</span> <span class='ocrx_word' id='word_1_143' title='bbox 316 2177 485 2236; x_wconf 87' lang='lat' dir='ltr'>nequaquam</span> <span class='ocrx_word' id='word_1_144' title='bbox 508 2160 655 2233; x_wconf 89' lang='lat' dir='ltr'>probamus</span> <span class='ocrx_word' id='word_1_145' title='bbox 671 2164 772 2234; x_wconf 86' lang='lat' dir='ltr'>(neque</span> <span class='ocrx_word' id='word_1_146' title='bbox 787 2163 857 2217; x_wconf 87' lang='lat' dir='ltr'>enim</span> <span class='ocrx_word' id='word_1_147' title='bbox 869 2161 971 2217; x_wconf 79' lang='lat' dir='ltr'>,llarius</span> <span class='ocrx_word' id='word_1_148' title='bbox 986 2162 1034 2218; x_wconf 85' lang='lat' dir='ltr'>ille</span> <span class='ocrx_word' id='word_1_149' title='bbox 1050 2160 1152 2217; x_wconf 81' lang='lat' dir='ltr'>llaniebt</span> 
     </span>
     <span class='ocr_line' id='line_1_19' title="bbox 141 2244 1152 2320; baseline -0.003 -17"><span class='ocrx_word' id='word_1_150' title='bbox 141 2247 281 2303; x_wconf 86' lang='lat' dir='ltr'>lledorum</span> <span class='ocrx_word' id='word_1_151' title='bbox 311 2264 358 2303; x_wconf 81' lang='lat' dir='ltr'>res</span> <span class='ocrx_word' id='word_1_152' title='bbox 386 2246 447 2313; x_wconf 86' lang='lat' dir='ltr'>luit)</span> <span class='ocrx_word' id='word_1_153' title='bbox 476 2244 651 2301; x_wconf 87' lang='lat' dir='ltr'>nibilominus</span> <span class='ocrx_word' id='word_1_154' title='bbox 674 2264 706 2303; x_wconf 84' lang='lat' dir='ltr'>ex</span> <span class='ocrx_word' id='word_1_155' title='bbox 727 2264 761 2303; x_wconf 88' lang='lat' dir='ltr'>eo</span> <span class='ocrx_word' id='word_1_156' title='bbox 784 2247 899 2302; x_wconf 87' lang='lat' dir='ltr'>manavit</span> <span class='ocrx_word' id='word_1_157' title='bbox 920 2257 1098 2320; x_wconf 86' lang='lat' dir='ltr'>praepostera</span> <span class='ocrx_word' id='word_1_158' title='bbox 1116 2244 1152 2300; x_wconf 83' lang='lat' dir='ltr'>illa</span> 
     </span>
     <span class='ocr_line' id='line_1_20' title="bbox 142 2330 1149 2406; baseline -0.005 -17"><span class='ocrx_word' id='word_1_159' title='bbox 142 2350 288 2406; x_wconf 70' lang='lat' dir='ltr'>regnorum</span> <span class='ocrx_word' id='word_1_160' title='bbox 312 2332 383 2405; x_wconf 89' lang='lat' dir='ltr'>apud</span> <span class='ocrx_word' id='word_1_161' title='bbox 402 2330 580 2404; x_wconf 85' lang='lat' dir='ltr'>Epipbauimn</span> <span class='ocrx_word' id='word_1_162' title='bbox 604 2331 770 2389; x_wconf 85' lang='lat' dir='ltr'>distributio.</span> <span class='ocrx_word' id='word_1_163' title='bbox 799 2331 923 2403; x_wconf 75' lang='lat' dir='ltr'>Alioquin</span> <span class='ocrx_word' id='word_1_164' title='bbox 947 2333 1098 2388; x_wconf 86' lang='lat' dir='ltr'>certissima</span> <span class='ocrx_word' id='word_1_165' title='bbox 1115 2337 1149 2385; x_wconf 83' lang='lat' dir='ltr'>est</span> 
     </span>
     <span class='ocr_line' id='line_1_21' title="bbox 95 2415 1147 2491; baseline -0.003 -16.131"><span class='ocrx_word' id='word_1_166' title='bbox 95 2426 104 2475; x_wconf 88' lang='lat'>&#39;.</span> <span class='ocrx_word' id='word_1_167' title='bbox 143 2426 171 2475; x_wconf 88' lang='lat' dir='ltr'>et</span> <span class='ocrx_word' id='word_1_168' title='bbox 192 2418 225 2474; x_wconf 88' lang='lat' dir='ltr'>ad</span> <span class='ocrx_word' id='word_1_169' title='bbox 248 2416 364 2473; x_wconf 86' lang='lat' dir='ltr'>llanielis</span> <span class='ocrx_word' id='word_1_170' title='bbox 386 2418 516 2471; x_wconf 86' lang='lat' dir='ltr'>visionem</span> <span class='ocrx_word' id='word_1_171' title='bbox 539 2417 816 2472; x_wconf 82' lang='lat' dir='ltr'>accommodatissima</span> <span class='ocrx_word' id='word_1_172' title='bbox 838 2415 994 2491; x_wconf 87' lang='lat' dir='ltr'>Hieronymi</span> <span class='ocrx_word' id='word_1_173' title='bbox 1019 2415 1147 2473; x_wconf 82' lang='lat' dir='ltr'>sententia.</span> 
     </span>
     <span class='ocr_line' id='line_1_22' title="bbox 50 2492 1148 2585; baseline -0.005 -25"><span class='ocrx_word' id='word_1_174' title='bbox 50 2492 76 2585; x_wconf 51' lang='lat' dir='ltr'>d</span> <span class='ocrx_word' id='word_1_175' title='bbox 140 2511 260 2577; x_wconf 83' lang='lat' dir='ltr'>quatuor</span> <span class='ocrx_word' id='word_1_176' title='bbox 275 2501 396 2559; x_wconf 85' lang='lat' dir='ltr'>animalia</span> <span class='ocrx_word' id='word_1_177' title='bbox 413 2501 524 2558; x_wconf 88' lang='lat' dir='ltr'>totidem</span> <span class='ocrx_word' id='word_1_178' title='bbox 541 2502 651 2575; x_wconf 87' lang='lat' dir='ltr'>imperia</span> <span class='ocrx_word' id='word_1_179' title='bbox 667 2501 828 2575; x_wconf 84' lang='lat' dir='ltr'>significare,</span> <span class='ocrx_word' id='word_1_180' title='bbox 851 2500 1072 2575; x_wconf 74' lang='lat' dir='ltr'>babyloniorum,</span> <span class='ocrx_word' id='word_1_181' title='bbox 1093 2501 1148 2557; x_wconf 82' lang='lat' dir='ltr'>Per·</span> 
     </span>
     <span class='ocr_line' id='line_1_23' title="bbox 140 2586 950 2653; baseline -0.011 -7"><span class='ocrx_word' id='word_1_182' title='bbox 140 2606 243 2653; x_wconf 77' lang='lat' dir='ltr'>aarum,</span> <span class='ocrx_word' id='word_1_183' title='bbox 267 2587 451 2652; x_wconf 83' lang='lat' dir='ltr'>Macedonum,</span> <span class='ocrx_word' id='word_1_184' title='bbox 477 2587 668 2642; x_wconf 83' lang='lat' dir='ltr'>Romanorum.</span> <span class='ocrx_word' id='word_1_185' title='bbox 942 2586 950 2599; x_wconf 68' lang='grc'><strong>“</strong></span> 
     </span>
     <span class='ocr_line' id='line_1_24' title="bbox 228 2663 1144 2749; baseline -0.007 -18"><span class='ocrx_word' id='word_1_186' title='bbox 228 2676 287 2731; x_wconf 83' lang='grc'>457</span> <span class='ocrx_word' id='word_1_187' title='bbox 305 2690 330 2729; x_wconf 89' lang='lat' dir='ltr'>a.</span> <span class='ocrx_word' id='word_1_188' title='bbox 362 2666 528 2749; x_wconf 69' lang='grc' dir='ltr'><em>ἐπιτρέπειν</em></span> <span class='ocrx_word' id='word_1_189' title='bbox 554 2674 619 2737; x_wconf 83' lang='grc' dir='ltr'><strong><em>τοῖς</em></strong></span> <span class='ocrx_word' id='word_1_190' title='bbox 646 2664 766 2728; x_wconf 71' lang='grc' dir='ltr'>ἔθνεσιν</span> <span class='ocrx_word' id='word_1_191' title='bbox 787 2666 829 2738; x_wconf 75' lang='grc' dir='ltr'>εἷς</span> <span class='ocrx_word' id='word_1_192' title='bbox 849 2664 996 2743; x_wconf 79' lang='grc' dir='ltr'>πόλεμον]</span> <span class='ocrx_word' id='word_1_193' title='bbox 1044 2663 1144 2736; x_wconf 70' lang='lat' dir='ltr'>danic,</span> 
     </span>
     <span class='ocr_line' id='line_1_25' title="bbox 141 2755 1143 2833; baseline -0.005 -19"><span class='ocrx_word' id='word_1_194' title='bbox 141 2759 238 2832; x_wconf 74' lang='lat' dir='ltr'>Angeli</span> <span class='ocrx_word' id='word_1_195' title='bbox 259 2759 400 2815; x_wconf 89' lang='lat' dir='ltr'>nationum</span> <span class='ocrx_word' id='word_1_196' title='bbox 421 2756 559 2831; x_wconf 88' lang='lat' dir='ltr'>praesides</span> <span class='ocrx_word' id='word_1_197' title='bbox 580 2757 661 2813; x_wconf 83' lang='lat' dir='ltr'>vincti</span> <span class='ocrx_word' id='word_1_198' title='bbox 683 2755 848 2820; x_wconf 86' lang='lat' dir='ltr'>detinentur,</span> <span class='ocrx_word' id='word_1_199' title='bbox 872 2756 1104 2833; x_wconf 80' lang='lat' dir='ltr'>prolribeuturque</span> <span class='ocrx_word' id='word_1_200' title='bbox 1117 2770 1143 2809; x_wconf 82' lang='lat' dir='ltr'>ne</span> 
     </span>
     <span class='ocr_line' id='line_1_26' title="bbox 142 2840 821 2917; baseline -0.004 -17"><span class='ocrx_word' id='word_1_201' title='bbox 142 2843 281 2900; x_wconf 87' lang='lat' dir='ltr'>subiectos</span> <span class='ocrx_word' id='word_1_202' title='bbox 303 2843 353 2899; x_wconf 90' lang='lat' dir='ltr'>sibi</span> <span class='ocrx_word' id='word_1_203' title='bbox 376 2842 494 2917; x_wconf 91' lang='lat' dir='ltr'>populos</span> <span class='ocrx_word' id='word_1_204' title='bbox 516 2842 548 2897; x_wconf 91' lang='lat' dir='ltr'>ad</span> <span class='ocrx_word' id='word_1_205' title='bbox 571 2840 640 2897; x_wconf 90' lang='lat' dir='ltr'>bella</span> <span class='ocrx_word' id='word_1_206' title='bbox 663 2849 821 2914; x_wconf 74' lang='lat' dir='ltr'>provocent.</span> 
     </span>
    </p>
   </div>
   <div class='ocr_carea' id='block_1_4' title="bbox 374 3059 925 3118">
    <p class='ocr_par' dir='ltr' id='par_1_4' title="bbox 374 3059 925 3118">
     <span class='ocr_line' id='line_1_27' title="bbox 374 3059 925 3118; baseline -0.002 -1"><span class='ocrx_word' id='word_1_207' title='bbox 374 3061 417 3118; x_wconf 79' lang='lat' dir='ltr'>nt)</span> <span class='ocrx_word' id='word_1_208' title='bbox 441 3060 607 3117; x_wconf 72' lang='lat' dir='ltr'>fluentum</span> <span class='ocrx_word' id='word_1_209' title='bbox 629 3061 673 3117; x_wconf 84' lang='lat' dir='ltr'>lll</span> <span class='ocrx_word' id='word_1_210' title='bbox 695 3059 925 3118; x_wconf 70' lang='lat' dir='ltr'>annullabunt.</span> 
     </span>
    </p>
   </div>
   <div class='ocr_carea' id='block_1_5' title="bbox 106 3179 1170 4021">
    <p class='ocr_par' dir='ltr' id='par_1_5' title="bbox 142 3179 1152 3509">
     <span class='ocr_line' id='line_1_28' title="bbox 227 3179 1150 3253; baseline -0.003 -16"><span class='ocrx_word' id='word_1_211' title='bbox 227 3181 423 3253; x_wconf 80' lang='lat' dir='ltr'>spurcissimae</span> <span class='ocrx_word' id='word_1_212' title='bbox 454 3181 535 3236; x_wconf 79' lang='lat' dir='ltr'>liuius</span> <span class='ocrx_word' id='word_1_213' title='bbox 564 3180 688 3236; x_wconf 88' lang='lat' dir='ltr'>llaeresis</span> <span class='ocrx_word' id='word_1_214' title='bbox 715 3181 859 3237; x_wconf 85' lang='lat' dir='ltr'>authorem</span> <span class='ocrx_word' id='word_1_215' title='bbox 881 3181 1073 3239; x_wconf 69' lang='lat' dir='ltr'>theodoretus</span> <span class='ocrx_word' id='word_1_216' title='bbox 1100 3179 1150 3238; x_wconf 83' lang='lat' dir='ltr'>iacit</span> 
     </span>
     <span class='ocr_line' id='line_1_29' title="bbox 142 3264 810 3327; baseline 0 -6"><span class='ocrx_word' id='word_1_217' title='bbox 142 3264 295 3327; x_wconf 82' lang='lat' dir='ltr'>Prodicum,</span> <span class='ocrx_word' id='word_1_218' title='bbox 319 3264 396 3319; x_wconf 89' lang='lat' dir='ltr'>cuius</span> <span class='ocrx_word' id='word_1_219' title='bbox 418 3265 539 3320; x_wconf 91' lang='lat' dir='ltr'>meminit</span> <span class='ocrx_word' id='word_1_220' title='bbox 563 3265 645 3321; x_wconf 84' lang='lat' dir='ltr'>Clem.</span> <span class='ocrx_word' id='word_1_221' title='bbox 670 3268 687 3322; x_wconf 88' lang='grc'>3</span> <span class='ocrx_word' id='word_1_222' title='bbox 711 3266 810 3322; x_wconf 86' lang='lat' dir='ltr'>Strom.</span> 
     </span>
     <span class='ocr_line' id='line_1_30' title="bbox 154 3340 1152 3450; baseline 0.001 -44"><span class='ocrx_word' id='word_1_223' title='bbox 154 3423 163 3447; x_wconf 41' lang='lat'>²</span> <span class='ocrx_word' id='word_1_224' title='bbox 218 3351 287 3450; x_wconf 39' lang='lat'>&#39;459</span> <span class='ocrx_word' id='word_1_225' title='bbox 305 3348 332 3404; x_wconf 88' lang='lat' dir='ltr'>b.</span> <span class='ocrx_word' id='word_1_226' title='bbox 363 3340 475 3423; x_wconf 58' lang='grc' dir='ltr'><strong><em>ὶθμην]</em></strong></span> <span class='ocrx_word' id='word_1_227' title='bbox 518 3349 634 3423; x_wconf 88' lang='lat' dir='ltr'>llesych.</span> <span class='ocrx_word' id='word_1_228' title='bbox 657 3345 739 3424; x_wconf 69' lang='grc' dir='ltr'>ἕθμὴ</span> <span class='ocrx_word' id='word_1_229' title='bbox 763 3343 874 3424; x_wconf 82' lang='grc' dir='ltr'><em>ἀτμὸς,</em></span> <span class='ocrx_word' id='word_1_230' title='bbox 908 3345 1024 3419; x_wconf 84' lang='grc' dir='ltr'><em>καπνὸς</em></span> <span class='ocrx_word' id='word_1_231' title='bbox 1046 3343 1152 3416; x_wconf 77' lang='grc' dir='ltr'>λεπτὸς,</span> 
     </span>
     <span class='ocr_line' id='line_1_31' title="bbox 143 3453 236 3509; baseline -0.011 -19"><span class='ocrx_word' id='word_1_232' title='bbox 143 3453 236 3509; x_wconf 84' lang='grc' dir='ltr'><em>ατμη.</em></span> 
     </span>
    </p>

    <p class='ocr_par' dir='ltr' id='par_1_6' title="bbox 140 3512 1155 3847">
     <span class='ocr_line' id='line_1_32' title="bbox 228 3512 1155 3596; baseline 0.001 -21"><span class='ocrx_word' id='word_1_233' title='bbox 228 3513 315 3592; x_wconf 74' lang='grc' dir='ltr'><em>δίκην</em></span> <span class='ocrx_word' id='word_1_234' title='bbox 336 3513 534 3592; x_wconf 78' lang='grc' dir='ltr'><strong><em>καμψαρίων]</em></strong></span> <span class='ocrx_word' id='word_1_235' title='bbox 565 3519 637 3575; x_wconf 87' lang='lat' dir='ltr'>idem</span> <span class='ocrx_word' id='word_1_236' title='bbox 660 3518 776 3592; x_wconf 88' lang='lat' dir='ltr'>Hesych.</span> <span class='ocrx_word' id='word_1_237' title='bbox 800 3512 923 3592; x_wconf 77' lang='grc' dir='ltr'><em>κάμψα,</em></span> <span class='ocrx_word' id='word_1_238' title='bbox 945 3513 1042 3595; x_wconf 71' lang='grc' dir='ltr'><strong><em>θήκη,</em></strong></span> <span class='ocrx_word' id='word_1_239' title='bbox 1064 3519 1155 3596; x_wconf 75' lang='grc' dir='ltr'><em>γλωσ-</em></span> 
     </span>
     <span class='ocr_line' id='line_1_33' title="bbox 140 3599 1155 3677; baseline -0.001 -15"><span class='ocrx_word' id='word_1_240' title='bbox 140 3607 311 3677; x_wconf 77' lang='grc' dir='ltr'><em>σοκομεΐον.</em></span> <span class='ocrx_word' id='word_1_241' title='bbox 340 3603 374 3660; x_wconf 80' lang='lat' dir='ltr'>lit</span> <span class='ocrx_word' id='word_1_242' title='bbox 395 3600 520 3676; x_wconf 78' lang='grc' dir='ltr'><strong><em>καμψιά</em></strong></span> <span class='ocrx_word' id='word_1_243' title='bbox 542 3607 620 3660; x_wconf 82' lang='grc' dir='ltr'><em>κανᾶ</em></span> <span class='ocrx_word' id='word_1_244' title='bbox 642 3599 790 3661; x_wconf 76' lang='grc' dir='ltr'><strong><em>κανίσκια.</em></strong></span> <span class='ocrx_word' id='word_1_245' title='bbox 835 3605 931 3661; x_wconf 86' lang='lat' dir='ltr'>Suidas</span> <span class='ocrx_word' id='word_1_246' title='bbox 954 3600 1046 3673; x_wconf 78' lang='grc' dir='ltr'><strong><em>κάψα</em></strong></span> <span class='ocrx_word' id='word_1_247' title='bbox 1067 3602 1155 3675; x_wconf 68' lang='grc' dir='ltr'>κίστη,</span> 
     </span>
     <span class='ocr_line' id='line_1_34' title="bbox 141 3681 1155 3766; baseline 0 -21"><span class='ocrx_word' id='word_1_248' title='bbox 141 3682 161 3763; x_wconf 76' lang='grc' dir='ltr'>ἢ</span> <span class='ocrx_word' id='word_1_249' title='bbox 177 3685 271 3763; x_wconf 70' lang='grc' dir='ltr'><strong><em>θήκη.</em></strong></span> <span class='ocrx_word' id='word_1_250' title='bbox 300 3689 385 3762; x_wconf 81' lang='lat' dir='ltr'>lgitur</span> <span class='ocrx_word' id='word_1_251' title='bbox 401 3689 518 3761; x_wconf 82' lang='lat' dir='ltr'>Capsarii</span> <span class='ocrx_word' id='word_1_252' title='bbox 541 3698 605 3745; x_wconf 89' lang='lat' dir='ltr'>sunt</span> <span class='ocrx_word' id='word_1_253' title='bbox 620 3681 868 3766; x_wconf 69' lang='grc' dir='ltr'><strong><em>ἶματιοφύλακες,</em></strong></span> <span class='ocrx_word' id='word_1_254' title='bbox 891 3691 943 3748; x_wconf 92' lang='lat' dir='ltr'>hoc</span> <span class='ocrx_word' id='word_1_255' title='bbox 959 3698 1012 3754; x_wconf 87' lang='lat' dir='ltr'>est,</span> <span class='ocrx_word' id='word_1_256' title='bbox 1037 3700 1070 3746; x_wconf 91' lang='lat' dir='ltr'>ut</span> <span class='ocrx_word' id='word_1_257' title='bbox 1084 3690 1155 3746; x_wconf 72' lang='lat' dir='ltr'>Glos-</span> 
     </span>
     <span class='ocr_line' id='line_1_35' title="bbox 142 3774 1153 3847; baseline 0.001 -16"><span class='ocrx_word' id='word_1_258' title='bbox 142 3791 188 3831; x_wconf 87' lang='lat' dir='ltr'>sae</span> <span class='ocrx_word' id='word_1_259' title='bbox 202 3815 207 3828; x_wconf 93' lang='lat'><strong>.</strong></span> <span class='ocrx_word' id='word_1_260' title='bbox 222 3775 354 3837; x_wconf 87' lang='lat' dir='ltr'>reddunt,</span> <span class='ocrx_word' id='word_1_261' title='bbox 389 3775 526 3830; x_wconf 76' lang='lat' dir='ltr'>vestiarii.</span> <span class='ocrx_word' id='word_1_262' title='bbox 572 3775 657 3847; x_wconf 89' lang='lat' dir='ltr'>Supra</span> <span class='ocrx_word' id='word_1_263' title='bbox 687 3775 714 3830; x_wconf 91' lang='lat' dir='ltr'>in</span> <span class='ocrx_word' id='word_1_264' title='bbox 743 3774 857 3831; x_wconf 84' lang='lat' dir='ltr'>Hebion.</span> <span class='ocrx_word' id='word_1_265' title='bbox 887 3776 1013 3831; x_wconf 77' lang='lat' dir='ltr'>olearior</span> <span class='ocrx_word' id='word_1_266' title='bbox 1041 3775 1153 3832; x_wconf 74' lang='lat' dir='ltr'>vocabat·</span> 
     </span>
    </p>

    <p class='ocr_par' dir='ltr' id='par_1_7' title="bbox 106 3857 1170 3934">
     <span class='ocr_line' id='line_1_36' title="bbox 106 3857 1170 3934; baseline 0.001 -17"><span class='ocrx_word' id='word_1_267' title='bbox 106 3908 109 3917; x_wconf 94' lang='lat'><em>.</em></span> <span class='ocrx_word' id='word_1_268' title='bbox 141 3858 242 3917; x_wconf 85' lang='lat' dir='ltr'>Paulus</span> <span class='ocrx_word' id='word_1_269' title='bbox 269 3857 316 3914; x_wconf 91' lang='lat' dir='ltr'>lib.</span> <span class='ocrx_word' id='word_1_270' title='bbox 341 3862 369 3917; x_wconf 88' lang='lat'>3.</span> <span class='ocrx_word' id='word_1_271' title='bbox 393 3862 420 3932; x_wconf 81' lang='lat'>§.</span> <span class='ocrx_word' id='word_1_272' title='bbox 445 3859 585 3917; x_wconf 84' lang='lat' dir='ltr'>ultimi).</span> <span class='ocrx_word' id='word_1_273' title='bbox 609 3860 643 3916; x_wconf 90' lang='lat' dir='ltr'>de</span> <span class='ocrx_word' id='word_1_274' title='bbox 665 3859 741 3916; x_wconf 82' lang='lat' dir='ltr'>ulfic.</span> <span class='ocrx_word' id='word_1_275' title='bbox 772 3861 860 3918; x_wconf 90' lang='lat' dir='ltr'>Praet.</span> <span class='ocrx_word' id='word_1_276' title='bbox 886 3860 943 3934; x_wconf 76' lang='lat' dir='ltr'>vig.</span> <span class='ocrx_word' id='word_1_277' title='bbox 973 3860 1071 3917; x_wconf 86' lang='lat' dir='ltr'>eadem</span> <span class='ocrx_word' id='word_1_278' title='bbox 1097 3872 1170 3918; x_wconf 74' lang='lat' dir='ltr'>roco·</span> 
     </span>
    </p>

    <p class='ocr_par' dir='ltr' id='par_1_8' title="bbox 140 3944 473 4021">
     <span class='ocr_line' id='line_1_37' title="bbox 140 3944 473 4021; baseline -0.003 -19"><span class='ocrx_word' id='word_1_279' title='bbox 140 3946 325 4021; x_wconf 77' lang='lat' dir='ltr'>caprariorum</span> <span class='ocrx_word' id='word_1_280' title='bbox 348 3944 473 4020; x_wconf 86' lang='lat' dir='ltr'>appellat.</span> 
     </span>
    </p>
   </div>
   <div class='ocr_carea' id='block_1_6' title="bbox 0 0 1299 4822">
    <p class='ocr_par' dir='ltr' id='par_1_9' title="bbox 0 0 1299 4822">
     <span class='ocr_line' id='line_1_38' title="bbox 0 0 1299 4822; baseline 0 0"><span class='ocrx_word' id='word_1_281' title='bbox 0 0 1299 4822; x_wconf 95' lang='lat' dir='ltr'> </span> 
     </span>
    </p>
   </div>
  </div>
 </body>
</html>
