2586 4822
426 864 717 918 inaniorenstouss
1024 848 1086 919 183

61 1019 140 1077 nihl·-
155 1019 214 1077 ·.Pl>
240 1019 288 1076 uhi
310 1019 372 1077 Eat
401 1021 491 1078 locum
520 1023 594 1079 illum
623 1039 655 1081 ex
678 1040 702 1081 c.
715 1025 751 1083 tu
773 981 953 1099 plurimorum
975 1023 1086 1121 Petrum

59 1104 188 1163 oolleetis
209 1106 352 1215 sententiis
373 1105 499 1163 illustrat.
583 1114 586 1119 '

275 1326 318 1384 llll
341 1326 508 1386 uututstu'
529 1329 584 1384 uix
607 1329 881 1388 uuthttuttuuutt.

153 1445 297 1519 [Sequitur
318 1446 454 1503 Excursus
477 1447 518 1503 vl.
549 1448 591 1503 De
609 1451 802 1522 poeisitents'oe
821 1457 914 1504 cetere
935 1450 967 1504 io
988 1448 1087 1506 ls'ecle·¹

58 1534 112 1588 sio
131 1532 246 1586 ratione
266 1548 294 1605 p.
308 1532 502 1632 aus-253]

151 1615 255 1674 4931).
286 1633 377 1683 ουτος
397 1637 413 1674 o
438 1615 599 1690 Nuis'troc]
644 1619 680 1675 lle
703 1619 795 1675 Novati
818 1627 845 1674 et
867 1618 1006 1674 horatiani
1029 1619 1137 1681 dis-tua

61 1703 177 1760 crimltw
200 1711 289 1758 actum
308 1711 350 1758 est
366 1701 442 1759 initio
457 1702 607 1777 superioris
623 1703 765 1759 lliatriltae.
796 1704 855 1771 Quo
873 1714 996 1778 tempore
1011 1721 1084 1769 vero,

61 1788 188 1862 quisquis
211 1787 255 1842 ille
278 1796 334 1850 est,
359 1786 484 1843 haeresis
506 1789 606 1844 author
627 1789 759 1853 extiterit,
782 1787 888 1845 dubitat
909 1789 1085 1863 Epiphanius,

62 1883 93 1930 et
108 1872 317 1928 haesitationem
334 1872 544 1929 hallucinatione
557 1873 691 1929 cumulat:
714 1890 769 1928 non
793 1874 934 1938 eiusmodi,
958 1890 1039 1948 quiam
1062 1874 1088 1930 el

61 1959 133 2015 falso
156 1957 277 2030 Scaliger
299 1957 403 2014 affinxit·
423 1957 456 2013 ad
479 1958 586 2013 Eusehii
610 1974 709 2014 annrrm
727 1960 808 2015 2262
831 1958 1019 2031 Epiphanius,
1043 1960 1088 2015 in·

63 2043 133 2117 quit,
153 2058 259 2115 perans
281 2051 362 2097 caste
383 2043 457 2100 hcine
475 2044 699 2116 persecutionem
721 2043 867 2112 (Maximini
882 2043 997 2111 scilicet)
1013 2039 1088 2099 diro-⁵

60 2121 143 2204 γμὸν
165 2129 287 2204 πρῶτον
306 2130 427 2192 necarit,
440 2129 564 2183 Haereat
581 2131 629 2193 59,
652 2127 704 2184 hoo
720 2136 760 2184 est
775 2126 1007 2184 Nooots'unorotn.
1031 2128 1088 2185 Sed

61 2214 160 2269 multis
194 2214 331 2268 riumodi
357 2214 456 2268 oeeois
485 2213 679 2287 Epiphaniam
705 2214 868 2285 insignitum
901 2229 961 2269 esse
992 2215 1088 2270 seiont

60 2300 113 2371 psi
136 2314 198 2353 eum
219 2300 356 2369 legerunt.
393 2299 446 2354 llos
469 2316 524 2354 non
548 2316 677 2371 negamus
699 2299 791 2371 plures
814 2298 886 2372 apud
908 2298 1087 2373 Epiphanium

63 2400 167 2439 naevos
188 2399 259 2439 esse.
300 2383 355 2439 Sed
378 2383 441 2438 illud
464 2384 551 2456 primo
568 2392 732 2458 'constanter
756 2392 838 2456 atque
860 2384 989 2440 audacter
1010 2401 1087 2441 asse-

62 2470 167 2532 rimus,
197 2469 271 2524 illurn
297 2469 386 2542 ipsum
408 2468 549 2542 Epiphanii
570 2469 759 2541 castigatorem
781 2485 837 2524 non
859 2469 950 2525 naevis
971 2469 1088 2541 insigni-

65 2564 124 2610 tum
148 2570 209 2609 esse
231 2553 343 2628 aliquot,
366 2553 415 2608 sed
437 2550 573 2608 ulceribus
596 2561 624 2609 et
645 2551 885 2617 carcinomatihus,
909 2550 1007 2626 quibus
1029 2570 1087 2609 non

63 2639 203 2701 remudis,
226 2655 316 2712 neque
340 2638 409 2694 enim
432 2631 542 2710 ἰάσιμα
564 2647 643 2701 sunt,
668 2637 715 2692 sed
737 2636 908 2710 amputandis
930 2636 1086 2694 iamdudum

64 2740 196 2780 navamus
219 2739 337 2796 operam.
384 2722 484 2778 Deinde
506 2739 619 2778 naevum
640 2724 732 2786 istum,
759 2738 841 2796 quem
864 2728 949 2786 notat,
972 2721 1006 2777 in⁴
1021 2722 1088 2795 Epi-

66 2809 169 2882 phanio
196 2807 300 2863 nullum
329 2824 405 2872 esse,
435 2808 482 2863 sed
512 2808 538 2863 io
566 2808 713 2880 ipsummet
734 2807 886 2863 redundare
908 2806 1086 2880 Scaligerum.

64 2895 144 2963 Quos
167 2893 237 2949 enirn
260 2892 355 2949 oculos
378 2891 473 2949 hahuit
495 2892 547 2955 ille,
574 2893 621 2967 spui
643 2891 763 2948 scrihere
785 2892 883 2966 potuit,
907 2892 1086 2965 Epiphaniam

67 2978 201 3033 Maximini
231 2978 448 3078 persecptionem
482 2977 595 3050 primam
623 2974 779 3051 appellare?
822 2976 887 3033 llam
915 2977 1016 3034 Graece
1048 2976 1087 3034 ito

65 3063 182 3137 legitur·
211 3079 302 3129 ουτος
322 3055 338 3119 ὃ
361 3059 512 3134 Ναβᾶτιις
532 3064 586 3136 τῆς
602 3054 797 3136 “‘Puspusme
781 3064 916 3163 υπῆρχιν
937 3058 968 3119 ἓν
989 3060 1089 3141 καιριδ

66 3150 124 3205 τοῦ
147 3142 284 3223 dissupati
304 3150 361 3204 τοῦ
382 3140 442 3225 πρὸ
464 3141 593 3220 Μαξιμί
593 3163 644 3202 νου
666 3140 827 3221 γενομένου
848 3138 983 3224 πρώτου.
1011 3148 1087 3216 Quae

64 3235 102 3290 ita
128 3232 274 3289 Carnarius
296 3234 389 3290 vertit:
414 3234 469 3289 Hic
490 3231 619 3288 Necatus
636 3232 739 3287 Remos
759 3231 823 3304 fuit,
846 3239 969 3304 tempore
987 3247 1087 3306 perse·

63 3318 205 3383 adonis,
234 3334 307 3392 puae
334 3327 400 3375 onte
422 3317 609 3376 Maximinum
633 3318 728 3389 prima
754 3317 817 3388 [stt.
863 3316 912 3372 Cui
940 3325 968 3373 et
989 3318 1087 3375 Nostra

66 3405 257 3476 interpretatio
280 3413 461 3460 consentanea
483 3412 535 3459 est.
575 3402 634 3457 Non
657 3402 740 3474 igitur
760 3400 893 3457 llaximini
916 3404 1089 3474 persecutio-

66 3505 131 3545 nem
153 3489 267 3562 primam
290 3488 416 3562 appellat,
439 3488 487 3544 sed
510 3504 577 3551 eam,
601 3487 678 3542 cuius
701 3494 823 3559 tempore
846 3496 956 3543 exortus
973 3496 1016 3543 est
1031 3487 1088 3544 No-

64 3583 146 3630 vatus
168 3573 240 3629 illam
262 3574 442 3630 antecessisse
456 3572 528 3627 dicit.
558 3572 587 3627 ln
604 3588 659 3645 quo
675 3581 769 3643 peccat
785 3572 937 3645 dupliciter.
967 3571 1086 3627 Primum

62 3657 143 3734 quod
171 3669 234 3715 ante
261 3659 393 3714 Maximini
423 3658 641 3732 persecutionem
674 3655 883 3711 Novatianorum
912 3654 1048 3711 haeresim
1071 3672 1087 3712 a

64 3745 171 3802 Novato
193 3743 336 3801 condatem
359 3759 421 3800 esse
443 3741 584 3814 significat.
615 3741 680 3796 Nam
702 3740 805 3813 aliquot
827 3740 903 3795 anuis
924 3749 988 3813 post
1003 3740 1087 3797 llani-
1177 3764 1179 3768 ·

62 3831 133 3886 mini
156 3829 262 3886 obitum
285 3829 404 3886 emersit.
427 3826 560 3883 Eusebius
582 3826 614 3881 ad
638 3842 738 3881 annum
760 3826 876 3899 primum
899 3824 966 3881 Galli
988 3834 1016 3881 et
1031 3826 1088 3882 Vo-

64 3914 180 3972 lusiani:
209 3914 352 3979 Neocles,
374 3913 477 3985 inqiut,
506 3911 655 3982 Presbyter
678 3910 813 3983 Cypriani
834 3911 952 3965 llomens
971 3911 1087 3966 veniens

62 3999 262 4057 Noeotiuosnn
283 4009 310 4055 et
331 4006 457 4054 coeteros
474 3996 654 4068 consessores
675 3997 730 4052 sihi
750 3997 849 4060 sociat,
873 4010 905 4050 eo
927 3997 1002 4067 puod
1018 3995 1086 4051 Cor·

62 4087 158 4141 arelius
189 4087 364 4158 poenitentes
397 4089 544 4155 apostotus
577 4082 737 4154 recepisset.
781 4081 853 4137 ldem
887 4096 951 4136 vero
982 4079 1083 4136 llistor.

63 4171 95 4235 6,
113 4174 153 4229 43
177 4187 210 4227 en
233 4169 359 4243 Dionysio
375 4166 553 4224 Alexandrino
575 4167 660 4224 refert
675 4165 813 4223 donatiani
835 4165 952 4222 schisma
972 4171 1138 4241 propterllit
