2586 4822
447 838 523 889 lCTd
540 836 761 890 tottttttttatts.
1049 842 1118 888 ml

93 994 202 1069 logium
220 992 370 1051 llonnannm
392 994 533 1066 sequentia
555 992 635 1051 verba
657 994 794 1051 recitanda
815 995 958 1068 proponit:
982 996 1117 1053 “Salumi-

93 1094 146 1137 κιο
169 1080 198 1135 in
222 1078 311 1154 Cypro
325 1078 354 1135 S.
368 1077 508 1152 lipiphnnii
530 1079 660 1153 episcopi.
683 1081 729 1153 qui
752 1076 892 1154 multiplici
915 1080 1067 1138 eruditione
1088 1091 1118 1140 et

93 1180 238 1221 uentum
259 1165 410 1221 litterarum
432 1164 543 1219 scientia
566 1163 715 1229 excellens,
740 1165 808 1221 vitae
830 1182 940 1240 quinque
963 1166 1115 1232 sanctitate,

93 1250 156 1309 nolo
179 1248 331 1306 catholicae
352 1248 429 1313 fldci,
455 1249 635 1305 munificentia
658 1251 685 1305 in
707 1266 840 1325 pauperes
864 1259 892 1306 ct
913 1251 1011 1308 virtute
1034 1252 1118 1308 mira·

93 1335 224 1393 erulorum
246 1335 348 1391 exstitit
369 1334 566 1390 admirandus'‘.
1204 1398 1207 1405 Ι

183 1425 213 1477 4.
258 1420 334 1475 Sitne
357 1418 445 1474 adbuc
466 1419 561 1491 aliquus
584 1421 643 1475 eius
665 1419 755 1475 cultus
776 1418 926 1475 Salentinae
948 1438 1045 1495 eripior,
1069 1429 1118 1476 aut

93 1506 210 1577 uestigia
232 1503 349 1577 sepulcri
372 1502 435 1559 oliuu
458 1513 511 1559 tani
534 1505 637 1569 iarnosi,
661 1504 733 1560 haud
755 1504 831 1560 lacile
854 1504 960 1561 itinero:
987 1504 1116 1562 credibile

94 1600 135 1647 ast
159 1607 225 1645 cum
248 1590 355 1645 fortuna
376 1588 427 1645 loci
451 1599 541 1646 cetera
562 1606 672 1664 aptatique
694 1606 756 1645 esse
778 1590 874 1662 partim
904 1589 1017 1653 abolita,
1051 1608 1115 1663 pur-

94 1676 140 1733 bun
159 1675 350 1746 Famngustam
373 1675 517 1739 translatu
540 1674 585 1731 ubi
609 1675 689 1731 etiarn
711 1675 764 1731 laon
786 1684 909 1749 tempore
926 1692 940 1729 a
957 1675 1115 1730 Christianis

95 1760 197 1819 lustum
221 1760 280 1815 eiius
302 1759 452 1815 solenniter
472 1761 531 1832 agi,
561 1760 659 1817 indicio
682 1771 738 1821 est.
762 1759 835 1832 «prod
859 1760 975 1816 Thomas
998 1760 1115 1816 Porcac-

96 1846 162 1909 eins,
188 1845 216 1899 in
239 1860 290 1900 suo
312 1844 354 1898 De
375 1846 476 1900 irasulis
497 1847 595 1901 mundi
614 1846 814 1917 semotioribus
830 1844 920 1900 ltalico
936 1861 1028 1916 oriere,
1051 1854 1114 1901 ante

98 1946 182 1987 unos
211 1929 321 1985 circiter
347 1938 456 1985 centum
484 1931 599 2003 primum
629 1930 717 1989 edito.
746 1931 845 1985 arritiat
869 1934 964 2001 ptbb
988 1929 1114 1985 editionis

99 2014 250 2079 Patavinae,
274 2014 451 2087 “speluncam
473 2014 508 2070 ibi
532 2014 633 2077 haberi,
662 2015 688 2069 in
710 2030 790 2087 qrrzuu
813 2014 1023 2088 S.'Epiplmnius
1045 2032 1114 2088 poe·

101 2100 228 2157 libentiae
250 2115 329 2155 causa
352 2099 448 2155 solitus
470 2116 532 2157 sese
553 2099 634 2156 luerit
655 2101 791 2173 recipcre:
815 2116 883 2172 aliiue
899 2099 992 2155 cadom
1008 2101 1032 2154 in
1049 2116 1114 2173 per-

102 2185 185 2259 rtgttio
209 2184 271 2241 lesti
293 2184 394 2240 stillare
417 2185 510 2257 incipit
530 2202 626 2257 arpalum
642 2184 739 2241 cleram
754 2184 954 2259 limpidsmque,
978 2200 1112 2257 nequem

103 2269 206 2325 stillatio
236 2268 317 2325 finem
347 2269 429 2325 babet
456 2279 519 2326 ante
546 2270 626 2325 linem
656 2270 707 2325 diui
737 2269 891 2343 sequentis:
925 2270 993 2325 lisine
1023 2279 1113 2325 auteur

105 2370 192 2429 tqunnn
215 2370 311 2427 magna
334 2370 396 2410 cum
418 2353 560 2411 deuotione
582 2372 596 2409 u
619 2354 710 2411 multis
733 2354 833 2427 cacipi,
860 2353 1036 2429 adlribrrique
1057 2354 1113 2409 uti-

106 2436 157 2495 lter
178 2440 212 2495 ad
236 2438 393 2495 morborum
421 2441 574 2496 curationes
597 2440 722 2495 divinitus
745 2439 925 2511 impetrandas
948 2456 997 2512 per
1018 2448 1112 2495 mcrta

108 2520 264 2597 Epiphanii'ss
300 2523 456 2580 Subernius
480 2526 602 2589 nomine,
627 2525 653 2579 in
676 2524 776 2579 borcali
801 2534 876 2596 parto
899 2523 1018 2587 ursulae,
1043 2524 1114 2579 inter

109 2604 229 2665 bteosiam
258 2618 286 2665 ct
314 2609 474 2673 Ceraunios,
504 2610 639 2684 hodieque
668 2608 784 2665 habotur
812 2608 885 2664 rictas
913 2608 991 2679 vulgo
1014 2608 1113 2664 Sancti

112 2688 222 2765 Pipbuni
250 2695 353 2755 dictus:
382 2710 436 2769 quo
460 2695 519 2750 loco
543 2695 625 2750 luisse
648 2694 792 2767 templum,
823 2693 849 2748 iu
873 2693 985 2748 Nirucnu
1009 2693 1113 2766 synodo

112 2780 273 2842 nominatum,
297 2780 361 2835 niilai
383 2780 545 2852 persuadeo,
570 2787 682 2852 propter
698 2779 755 2834 eius
771 2777 955 2833 celebritatem
972 2776 1035 2832 olim
1051 2786 1113 2833 tau-

114 2866 154 2918 ltn
171 2874 199 2921 ut
221 2865 437 2936 promontorium
461 2865 493 2919 ud
516 2864 677 2927 Cerauniis,
708 2863 785 2932 rulpo
811 2863 932 2926 Ceriucs,
956 2878 1112 2925 excurrens,

114 2958 194 3004 umen
217 2949 288 3004 idem
310 2958 401 3005 teneat
424 2951 449 3006 iu
472 2950 615 3006 losulnau'o
639 2948 773 3005 Benedicti
795 2947 920 3013 borboni,
944 2964 1043 3004 excuso
1061 2947 1113 3003 Ve-

116 3032 177 3088 tttiis
196 3051 268 3089 anim
296 3037 384 3092 1547.

183 3120 209 3174 5.
255 3121 342 3192 Atque
372 3120 433 3175 binc
455 3120 645 3176 verosimiliter
665 3117 799 3174 cuniiecre
823 3118 909 3192 possit
930 3117 1041 3193 aliquus.
1071 3117 1113 3174 vel

117 3210 197 3275 lupus
217 3205 260 3259 vel
281 3212 385 3277 partem
409 3204 554 3261 notabilem
577 3204 699 3278 corporis
723 3220 756 3259 eo
779 3204 933 3259 translatam
957 3203 1039 3259 tuisse
1062 3202 1113 3258 tli-

117 3287 219 3354 (ttndm
250 3289 330 3362 idque
358 3290 544 3345 celebritatem
572 3291 632 3346 loco
662 3289 783 3344 dedisse:
813 3296 840 3344 ct
867 3288 909 3345 ccl
931 3289 995 3343 binc
1016 3287 1058 3343 vel
1081 3304 1112 3343 ea

116 3372 182 3428 auis
201 3373 352 3429 salaminae
373 3375 545 3448 deportatum
568 3376 651 3431 luisse
671 3374 862 3437 beneventum,
885 3372 1112 3448 qucruadrnodum

116 3458 192 3512 merit
213 3458 310 3514 llarius
333 3458 367 3514 de
384 3459 480 3532 Vipcra
503 3459 536 3514 ilo
556 3460 656 3515 sanctis
673 3458 866 3515 Beneventanis
888 3458 921 3514 ad
944 3458 1112 3521 humiliem,

117 3532 190 3597 (ilitio
211 3543 310 3617 duplici
333 3553 478 3617 propterca
500 3554 632 3605 notatum.
656 3544 775 3617 allegans
799 3543 1038 3617 “llurtp'rologiunt
1061 3561 1112 3599 ms.

117 3623 233 3699 ltliquum
257 3629 284 3683 in
307 3627 470 3685 bibliotheca
494 3629 678 3686 Beauercutanu
701 3628 828 3692 existens,
852 3631 986 3701 signatum
1011 3646 1037 3684 n.
1055 3632 1111 3686 178

117 3704 153 3763 ll
170 3712 304 3785 praedicta
327 3712 385 3769 die:
409 3732 464 3789 quo
486 3732 549 3771 vero
573 3724 695 3788 tompore
717 3714 825 3769 allatum
849 3716 883 3769 sit
907 3731 961 3769 aron
984 3713 1113 3775 silverii.''

117 3787 257 3864 munus.
287 3798 368 3854 Plura
391 3799 424 3855 de
447 3799 620 3873 reliquiarum
643 3808 777 3856 latiturum
801 3799 930 3874 «qualitate
952 3807 980 3854 et
1000 3814 1114 3854 veneru-

118 3872 171 3937 l'btc
190 3882 320 3940 hodierna
343 3885 484 3958 cupientes
506 3886 620 3949 discere,
643 3885 747 3940 litteras
768 3884 800 3938 ad
823 3884 929 3958 collegii
951 3884 1011 3939 istic
1026 3883 1113 3940 nostri

117 3970 226 4023 ¹lotorem
249 3968 383 4034 dedimus,
407 3970 484 4025 cuius
506 3986 677 4043 responsum,
702 3970 833 4025 imotenus
856 3970 954 4025 frustra
970 3976 1113 4042 exspecta-

116 4048 164 4115 ΙΙΙ,
183 4052 206 4108 si
227 4052 373 4128 aliquando
394 4055 565 4129 accipiamus.
589 4056 711 4111 notitiam
735 4054 796 4110 inde
819 4055 943 4111 lranstam
967 4070 1021 4110 non
1043 4051 1113 4107 inni·

114 4124 215 4195 l*limus
237 4138 284 4213 pio
306 4138 411 4196 lectori.
441 4140 550 4196 iuterim
572 4157 605 4197 ex
627 4138 741 4215 epistola
764 4140 883 4196 Tboruae
905 4140 938 4195 de
955 4136 1113 4195 Czceliorod
