2586 4822
491 816 806 887 reraaortrno'nm.
1075 808 1163 882 xxxix

134 991 167 1047 r'rr
189 987 372 1047 corde·suo”.
402 988 502 1048 llevisit
525 990 596 1048 haud
618 988 700 1047 dubie
721 991 917 1048 monasterium
934 988 1002 1047 rllnd
1015 1006 1096 1047 suurn
1112 990 1164 1048 ali·
1240 1004 1244 1009 ·

135 1074 250 1151 quando
271 1072 453 1149 llplphanius,
482 1075 590 1151 qnando
618 1074 865 1133 ecelesiasticorum
886 1074 1060 1150 negotiorum
1082 1092 1164 1134 causa

135 1159 166 1216 in
188 1158 370 1216 Palaestinam
399 1161 532 1218 excurrit:
562 1160 611 1217 sed
633 1161 692 1217 eius
714 1160 754 1218 rei
776 1159 849 1217 nulla
873 1169 915 1218 est
937 1160 1009 1235 apud
1031 1160 1162 1235 probatos

135 1244 288 1319 scriptores
318 1247 456 1303 memoria.
502 1246 634 1316 Quantam
656 1254 746 1302 autem
771 1255 827 1302 turo
851 1246 887 1302 ita
911 1261 1074 1311 excurrens,
1104 1256 1162 1304 tum

134 1337 218 1387 autea
240 1330 268 1387 in
291 1329 441 1388 Palaestina
464 1331 570 1396 vivens,
593 1331 735 1405 collegerit
757 1330 898 1388 absolutae
920 1329 1097 1406 perfectionis
1120 1331 1163 1388 la-

133 1430 219 1480 ruam,
242 1415 355 1491 intelligi
377 1424 470 1490 potest
492 1433 524 1472 er
546 1414 661 1491 epistola
683 1416 771 1473 heacii
794 1424 821 1472 et
839 1417 913 1472 Pauli
936 1416 1160 1491 presbyterorum

131 1508 165 1557 et
186 1498 456 1557 archimandritarum
479 1501 506 1557 in
530 1499 692 1575 Coelesyria,
715 1518 784 1574 quae
806 1501 965 1575 praeligitur
981 1502 1109 1558 Ponertb
1132 1513 1160 1560 et

131 1585 175 1642 sic
203 1586 312 1659 incipit:
341 1586 472 1643 “Pietatis
501 1586 609 1660 quidem
633 1596 711 1652 tuae,
738 1586 834 1650 Pater,
863 1596 990 1659 aspectus
1013 1587 1071 1661 ipse
1093 1588 1159 1644 satis
1222 1616 1225 1623 ·

132 1686 197 1727 esse
219 1678 336 1745 poterat,
360 1672 407 1747 qni
430 1690 479 1729 nos
501 1670 687 1747 spiritualibus
710 1671 882 1728 sermonibus
903 1671 1033 1745 implevit,
1056 1688 1088 1727 ao
1103 1680 1158 1728 tam

131 1754 282 1812 vehemens
304 1756 344 1813 tui
367 1757 445 1814 nobis
468 1757 630 1814 desiderium
653 1756 757 1820 indidit,
781 1765 926 1830 postquam
942 1766 989 1813 tuo
1005 1756 1089 1813 semel
1105 1756 1158 1814 hui

130 1848 285 1914 conspeetu
307 1839 392 1898 licuit.
424 1842 522 1897 Verum
545 1843 672 1916 quoniam
696 1842 800 1915 praevia
824 1840 948 1916 discipuli
967 1840 1066 1898 Christi
1088 1842 1158 1899 lama

132 1925 280 1982 verborum
303 1925 361 1982 eius
384 1927 572 2003 laetorumque
594 1928 766 2001 fragrantiam
789 1925 891 2002 ubique
913 1926 1059 2001 praedicat,
1082 1926 1158 2001 angit

129 2026 182 2067 uos
205 2021 234 2067 et
256 2010 382 2073 solicitat,
406 2020 436 2068 ut
458 2010 529 2068 illius
552 2029 602 2068 nos
625 2010 798 2068 sennonibus
814 2020 841 2067 et
858 2011 946 2067 sensis
971 2010 1079 2086 explere
1095 2018 1157 2068 stu·

131 2096 255 2153 dearuus.
286 2097 382 2153 Coram
405 2097 488 2171 igitur
508 2096 649 2161 adeuntes,
672 2114 721 2170 par
744 2105 802 2152 crat
824 2098 891 2159 eius,
915 2113 985 2170 quae
1004 2096 1031 2152 in
1047 2106 1074 2153 te
1089 2112 1157 2170 per·

130 2180 194 2238 inde
219 2190 302 2257 atque
324 2182 352 2237 in
375 2182 505 2255 apostolis
527 2190 579 2244 est,
602 2183 704 2257 gratiae
727 2182 917 2238 communione
935 2180 1070 2255 pociundi.
1100 2178 1155 2238 Sed

130 2280 193 2322 cunt
216 2266 269 2323 iter
289 2265 356 2325 illud
378 2266 458 2324 nobis
480 2267 603 2341 corporis
626 2268 766 2341 aegritudo
790 2277 818 2323 et
839 2267 955 2341 languor
969 2265 1156 2323 intercluserit

128 2391 226 2407 .....
248 2351 378 2425 pietatem
407 2363 480 2410 tuam
509 2355 685 2409 vehementer
713 2369 871 2416 exoramus,
902 2361 1050 2408 uteorum
1073 2350 1153 2409 nobis

127 2437 349 2493 communionem
372 2454 406 2494 ne
427 2438 553 2501 invideas,
577 2454 647 2512 quae
671 2438 697 2493 in
719 2447 746 2494 te
769 2446 834 2493 sunt
855 2436 1023 2493 aSalvatore
1044 2436 1151 2493 collata.

127 2520 236 2577 Etenim
260 2538 314 2577 non
336 2539 387 2579 uos
409 2523 460 2596 ipsi
483 2523 580 2585 solum,
604 2522 652 2578 secl
675 2530 703 2577 et
724 2523 842 2578 universi
860 2521 905 2595 qui
921 2521 1074 2586 audierunt,
1098 2538 1153 2576 no-

127 2622 190 2663 rum
220 2614 248 2663 te
276 2607 430 2680 apostolum
453 2624 670 2681 praeconemque
693 2606 873 2671 confitentur,
903 2622 918 2660 a
941 2605 1049 2663 Christo
1072 2604 1151 2662 nobis

124 2691 179 2749 bac
199 2701 290 2748 aetate
311 2693 484 2765 productum,
508 2692 581 2748 velut
603 2692 717 2748 alterum
739 2693 882 2766 «querndam
906 2691 1043 2756 loannem,
1066 2699 1097 2746 ut
1120 2706 1150 2746 ea

125 2778 300 2851 praeciperes
322 2794 392 2851 quae
414 2777 543 2833 servanda
566 2786 631 2833 sunt
654 2778 700 2841 iis,
732 2777 777 2850 qui
800 2776 826 2831 in
849 2775 915 2831 illutl
937 2774 1010 2850 quod
1033 2775 1152 2850 arripui-

121 2879 189 2918 mus
211 2862 355 2918 sanctioris
378 2863 446 2919 vitae
469 2862 633 2918 curriculum
656 2879 686 2918 se
708 2862 918 2917 comnaiserint”.

217 2952 264 3005 ll.
310 2947 343 3003 Ut
371 2957 462 3004 autem
492 2948 534 3003 illa
561 2947 774 3005 monasteriale
798 2946 951 3019 Coelesyria
973 2945 1063 3000 invisit
1085 2944 1151 3017 lipi-

117 3032 258 3107 phanius,
282 3033 321 3088 sic
344 3041 371 3089 et
392 3033 427 3089 do
449 3050 500 3088 suo
524 3032 704 3088 Bethleemico
728 3040 844 3087 testatur
866 3031 1061 3104 Hieronymus,
1086 3028 1150 3086 illuc

114 3134 188 3174 euru
214 3117 381 3182 accessisse,
412 3119 510 3174 “oum''
539 3118 575 3175 ihi
603 3117 637 3173 ab
664 3117 762 3173 ardore
790 3115 873 3172 lebris
897 3111 1096 3189 “respirasset''
1118 3113 1147 3170 S.

115 3201 223 3267 Paula,
254 3211 302 3258 “et
330 3201 426 3259 uaediei
454 3206 653 3276 persuaderent
681 3201 716 3258 ob
739 3200 915 3258 relectionem
938 3200 1061 3273 corporis
1084 3199 1147 3255 vino

110 3304 195 3361 opus
217 3304 278 3344 esse
302 3288 378 3344 tenui
400 3297 428 3344 et
449 3304 541 3361 parco,
569 3306 602 3343 ne
624 3304 721 3361 aquam
745 3287 840 3343 bibens
864 3287 889 3341 in
913 3286 1062 3359 hydropem
1085 3301 1149 3340 ver-

110 3380 245 3439 teretur3
274 3381 302 3429 et
331 3387 383 3446 ego
406 3373 473 3429 clarn
496 3372 605 3428 beatum
628 3389 723 3446 papam
746 3371 925 3445 Epiphanium
948 3387 1087 3445 rogarent,
1117 3378 1148 3425 ut

106 3473 182 3515 um
204 3466 339 3522 moueret,
362 3458 417 3514 imo
439 3457 615 3531 compelleret
638 3458 726 3512 vinum
749 3454 868 3512 bibere”.
900 3455 998 3512 Aderat
1021 3471 1086 3530 ergo
1109 3452 1147 3509 ibi

109 3548 190 3599 tnnc
215 3542 397 3616 Epiphanius:
426 3558 481 3618 quo
503 3551 594 3598 autern
617 3558 745 3597 successu
769 3543 985 3598 commendatum
1009 3540 1060 3596 sibi
1083 3536 1147 3596 olli-

105 3629 195 3683 ciunt
216 3626 289 3702 apud
311 3626 421 3683 Paulam
444 3628 545 3701 egerit,
569 3627 745 3700 prosequitur
767 3627 837 3682 idem
860 3624 1049 3700 Hieronymus,
1076 3640 1146 3681 con·
1207 3645 1209 3650 ·

109 3714 232 3769 undans
255 3712 397 3787 epistolam
420 3714 458 3770 27
483 3714 522 3767 od
541 3713 630 3787 filiam
653 3710 762 3766 Pouloe
778 3710 975 3766 Eustochium:
999 3710 1075 3774 “llla,
1102 3709 1146 3764 in-

109 3798 191 3873 quit,
215 3806 245 3854 ut
268 3805 326 3854 erat
346 3798 467 3871 prudens
490 3805 518 3853 et
533 3797 641 3853 solertis
657 3796 767 3869 ingenii,
790 3796 875 3852 sensit
891 3795 1008 3859 insidias,
1032 3805 1059 3852 et
1075 3791 1145 3850 sub-

112 3882 228 3947 ridens,
258 3898 348 3938 meum
378 3896 439 3939 esse
467 3881 541 3956 quod
562 3881 607 3937 ille
629 3881 746 3946 diceret,
769 3880 908 3936 intimavit.
954 3879 1024 3950 Quid
1046 3873 1145 3953 plural

114 3980 182 4024 cum
203 3966 303 4024 beatus
326 3967 446 4041 pontilex
468 3975 531 4040 post
553 3967 634 4023 multa
652 3968 821 4022 hortamenta
837 3966 937 4023 exisset
952 3966 1032 4031 locas,
1057 3980 1144 4038 quae-

121 4054 280 4109 nitimini
302 4053 367 4127 quid
390 4052 499 4127 egisset,
524 4052 678 4125 respoudit:
702 4050 818 4107 l'antum
834 4050 946 4125 proleci,
968 4061 1000 4108 ut
1014 4051 1072 4106 seni
1089 4049 1144 4104 ho-
1229 4119 1231 4122 y

122 4137 185 4193 mini
213 4154 283 4211 pene
313 4138 495 4212 persuaserit,
526 4154 559 4193 no
582 4136 673 4192 sinum
695 4133 810 4193 biham''.
855 4136 954 4193 Eadem
977 4137 1004 4191 in
1027 4133 1143 4210 epistola
