2586 4822
365 837 416 887 ou
435 836 584 890 masonis
604 835 857 888 arronoanums.
1065 819 1128 881 ton

110 989 232 1065 Elaios,
255 984 272 1050 ὅ
295 987 376 1050 ἔστιν
397 983 492 1069 ἥμισυ
515 994 570 1050 τοῦ
583 995 744 1072 anathene,
767 988 914 1070 τέταρτον
928 991 982 1064 τῆς
996 979 1129 1064 υιῖγγιάς,

109 1073 164 1153 ἔχει
187 1072 287 1135 λεπτὰ
310 1072 335 1133 a(
358 1088 411 1135 etc.
440 1078 595 1135 hhsurdum
618 1089 660 1135 est
681 1090 772 1136 autem
793 1097 855 1135 curn
878 1080 905 1135 in
928 1079 998 1139 isto,
1023 1085 1077 1130 tuna
1102 1075 1128 1129 in

111 1166 165 1220 aliis
197 1164 334 1219 sexcentis
362 1164 490 1220 Veterum
518 1162 599 1228 locis,
630 1164 774 1220 sicilicum
802 1182 852 1238 pro
879 1164 955 1221 Siclo
984 1177 1128 1232 reponere.

113 1251 168 1304 lurt
200 1250 271 1304 enim
294 1248 383 1304 Sirlns
412 1250 540 1304 usitatum
563 1249 633 1322 apnd
656 1249 794 1306 llehraeos
816 1250 919 1305 nummi
941 1261 1043 1317 genus,
1074 1262 1128 1300 nnn

113 1334 242 1390 Sieilicus.
284 1336 373 1406 Atque
395 1334 492 1390 iccirco
515 1329 686 1407 κοδράντην
707 1336 786 1390 etiam
810 1335 939 1408 appellari
962 1329 1062 1385 Siclnm
1087 1339 1130 1384 te-

114 1421 158 1474 stis
185 1429 229 1475 est
253 1419 433 1492 Epiphanius,
462 1420 534 1493 quod
564 1421 688 1475 nimirum
711 1438 725 1474 a
749 1420 857 1476 Graecis
881 1416 979 1492 passim
1002 1414 1130 1470 didrach-

114 1521 178 1568 mus,
202 1505 326 1578 adeoque
347 1504 482 1577 quadrans
505 1505 600 1560 unciae
622 1506 750 1561 constitui
772 1506 882 1561 soleret.
913 1505 970 1573 Qua
986 1500 1013 1554 in
1029 1515 1058 1554 re
1074 1516 1128 1554 non

115 1590 210 1645 alxi
235 1588 404 1654 Senioribus,
427 1592 474 1645 sed
498 1591 636 1646 aGraecis
658 1590 865 1663 posterioribus,
890 1591 936 1664 qui
958 1586 1018 1640 illos
1041 1584 1129 1639 secuti

115 1682 181 1736 eund,
207 1692 286 1730 error
307 1674 440 1729 admissus
463 1684 515 1730 est.
545 1675 604 1730 Non
627 1676 697 1731 enim
714 1676 968 1734 animadverterunt,
992 1678 1130 1742 iuterpre-

117 1769 152 1813 ιιι
172 1758 234 1814 illos
259 1758 300 1814 rel
315 1759 508 1815 Alexandrinos
525 1759 617 1824 luisse,
641 1760 682 1816 vel
697 1761 871 1816 Alexandriae
887 1769 960 1815 certe
976 1755 1128 1828 scripsisse,

117 1853 191 1916 alqne
220 1860 315 1900 eornm
343 1843 471 1916 proinde,
501 1844 572 1919 apud
594 1862 664 1919 quos
686 1854 715 1900 et
735 1859 852 1918 quornm
875 1845 900 1900 in
924 1842 1036 1917 gratiam
1060 1839 1129 1893 scri-

118 1928 215 1988 berent.
238 1929 301 1984 usui
324 1930 568 2002 consuetudinique
590 1931 724 1986 serviisse.
755 1930 834 2002 Atqui
857 1947 918 1986 curn
934 1924 1130 1986 Alexandrino·

118 2031 169 2068 rum
192 2014 324 2069 talentum
348 2014 459 2086 duplum
482 2024 555 2070 esset
579 2016 673 2079 httici,
704 2015 814 2070 eandem
839 2032 949 2088 ortoque
971 2010 1129 2086 proportio-

118 2117 170 2154 nem
192 2099 387 2155 Alexandrinae
409 2100 552 2156 drachmae
573 2100 606 2155 ad
628 2101 729 2156 Atticas
753 2100 887 2168 habuere,
911 2110 941 2155 ut
964 2092 1128 2170 δι’ὸριιχμοι

117 2194 209 2241 esseut.
255 2184 361 2240 Etenim
384 2184 525 2240 Talentum
547 2202 642 2249 omne,
667 2195 696 2241 ιιι
719 2204 750 2240 ex
773 2186 881 2241 llerone
904 2189 1026 2244 constat,
1050 2179 1128 2234 ruinis

117 2269 250 2325 constabat
273 2271 315 2324 sui
337 2271 445 2343 generis
469 2272 518 2326 60.
563 2270 631 2325 ilina
654 2287 718 2326 vero
742 2272 782 2325 sni
807 2272 917 2344 perinde
940 2266 1048 2342 generis
1070 2275 1130 2320 sta·

118 2364 181 2410 teres
203 2354 298 2411 hahuit
321 2356 369 2417 25,
394 2354 534 2411 drachmas
556 2366 674 2411 centum.
707 2356 780 2411 Unde
802 2372 863 2411 cnm
880 2355 1021 2410 Talentum
1045 2367 1127 2404 unum

116 2440 193 2494 altero
217 2439 300 2512 duplo
324 2440 409 2494 maius
431 2449 520 2504 esset,
550 2458 603 2496 non
628 2441 719 2514 plures
742 2441 851 2514 quidem
874 2442 900 2495 in
925 2438 1017 2493 maiori
1041 2435 1128 2489 minae

118 2523 151 2578 rel
178 2525 323 2579 drachmae
352 2535 509 2582 numeratae
531 2536 610 2587 sunt,
640 2526 688 2581 sed
711 2525 820 2580 eaedem
844 2524 964 2598 prendere
986 2539 1016 2577 ac
1038 2519 1128 2574 valore

119 2609 313 2678 praestiterunt.
345 2609 420 2664 Unde
442 2605 640 2678 dimicaturi,
659 2610 725 2664 aliae
739 2612 861 2683 παχεῖαι
877 2619 985 2664 vocatae
1001 2613 1074 2666 sunt,
1099 2612 1128 2658 ut

117 2695 147 2747 ιιι
158 2694 274 2766 llesych.
291 2694 369 2762 Quod
381 2703 409 2749 et
425 2694 518 2751 Pollux
535 2698 588 2759 tto
605 2696 756 2750 conlirmat.
773 2697 817 2751 Sic
833 2689 1129 2765 igitnrhlenandrinum

118 2779 249 2843 idearum,
266 2779 349 2851 quod,
366 2780 482 2835 authore
498 2781 587 2843 Festo,
605 2781 745 2835 duodecim
761 2780 933 2834 denariorum
950 2775 1066 2833 millibus
1082 2792 1130 2828 ra-

119 2861 195 2927 ahai,
219 2881 283 2919 cunr
300 2863 412 2920 totidem
429 2865 576 2920 Atticarum
593 2866 780 2921 drachmarum
797 2864 914 2920 millibus
930 2863 1127 2924 aestimaretur,

118 2963 161 3004 uon
185 2948 279 3021 plures
302 2949 345 3004 sui
360 2950 477 3022 generis,
501 2951 553 3006 hoc
568 2958 609 3006 est
624 2949 815 3006 Alexandrinas
832 2950 981 3011 drachmas,
999 2962 1129 3002 numera-

118 3031 152 3088 ln
174 3051 257 3107 usuam
280 3051 328 3089 sex
351 3033 440 3089 millia.
483 3035 570 3103 Orrare
593 3035 714 3106 singulae
737 3035 889 3099 drachmae,
923 3036 955 3089 ad
977 3033 1078 3087 Atticas
1101 3039 1130 3086 et

117 3118 228 3189 rulpatas
244 3129 426 3191 comparatae,
450 3114 613 3196 ὅιόριιχμοι
629 3118 821 3175 censebantur.
852 3122 936 3187 Quam
953 3118 988 3174 oh
1005 3133 1128 3173 caussam

117 3202 169 3259 tlt
193 3205 363 3277 interpretes
392 3199 578 3278 δίδραχμον,
607 3206 659 3260 hoc
688 3212 730 3259 est
755 3205 868 3259 duarum
890 3204 1128 3259 Alexandrinarum

116 3287 298 3345 lraelrmarum
320 3290 441 3361 pondere
463 3306 494 3345 ac
516 3289 605 3345 valore
628 3290 778 3363 praeditum
795 3289 893 3344 Siclurn
917 3305 977 3344 esse
993 3290 1128 3350 dixerunt,

116 3389 166 3428 cum
190 3376 301 3429 interim
317 3376 419 3429 Atticas
442 3374 582 3430 drachmas
605 3374 717 3430 haheret
741 3384 866 3447 quatuor.
898 3374 976 3442 Quod
998 3391 1059 3430 curn
1083 3390 1130 3428 re-

115 3456 169 3530 liqui
191 3461 287 3514 miuus
310 3459 561 3516 animadvertissent
584 3469 611 3516 et
638 3460 670 3516 ad
705 3460 827 3532 vulgares
855 3461 1010 3533 htticasque
1040 3460 1130 3532 respi-

115 3555 215 3607 cerent,
246 3543 331 3616 duplo
359 3544 491 3600 minorem
520 3561 600 3617 quam
631 3555 689 3601 erat
711 3562 801 3600 revera
831 3544 932 3600 Siclum
956 3561 1017 3599 esse
1039 3544 1130 3599 credi-

113 3627 214 3685 derunt.
259 3628 319 3683 llon
343 3628 439 3684 melior
459 3628 547 3684 allerri
570 3646 664 3686 caussa
688 3639 779 3702 potest
801 3628 1017 3685 hallucinationis
1041 3631 1127 3692 istius,

113 3730 173 3786 quae
203 3723 296 3770 taum
325 3713 457 3769 hactenus
480 3713 573 3770 turbas
597 3725 624 3771 et
644 3716 801 3788 opinionum
825 3714 966 3770 varietates
988 3715 1128 3770 conscivit.

113 3797 267 3855 observatio
297 3797 340 3853 illa
363 3798 458 3854 lsidori
485 3799 520 3855 de
548 3800 646 3855 unciali
669 3800 740 3856 Siclo
769 3801 879 3855 nimium
909 3815 922 3852 a
951 3816 1014 3854 vero
1037 3799 1127 3854 distat.

113 3883 186 3940 lecte
217 3885 290 3938 enim
320 3883 429 3938 nonnisi
457 3884 629 3940 semuncialis
657 3885 786 3940 constitui
815 3883 945 3947 debehat,
975 3885 996 3939 si
1020 3885 1129 3957 quidem

112 3966 204 4042 leplex
229 3978 312 4032 esset,
337 3984 435 4041 nempe
457 3963 628 4043 δι’δριιχμος
649 3980 677 4025 et
699 3963 939 4044 τιτράδραχμος.

195 4053 292 4112 1831).
304 4044 660 4130 rheydpodyyicfflleest
670 4070 809 4117 numerus,
818 4056 862 4127 qui
871 4065 953 4127 qanta
963 4070 1024 4126 pars
1034 4054 1130 4109 unciae

111 4137 236 4196 uuum
250 4140 287 4196 sit
302 4139 443 4213 exprimat.
468 4138 580 4197 Scribo:
597 4142 651 4215 τῆς
664 4134 723 4216 γὰρ
739 4133 862 4215 οὐγγιας
876 4147 895 4213 ῆ
909 4123 980 4213 ἦνῆ
996 4129 1131 4215 δραχμή.
