2586 4822
114 386 117 398 l

1025 416 1029 423 ι

439 859 552 910 aerim
571 844 741 908 artimino.
1015 862 1100 939 nixis

79 1017 147 1071 einis
164 1016 312 1088 postulare
332 1016 378 1070 nel
398 1021 548 1085 expectare
571 1016 685 1077 debeas,
708 1029 766 1069 non
787 1013 913 1070 habebis.
957 1015 1098 1083 Haeccine,

80 1117 201 1174 qiiaeso,
231 1100 263 1154 de
286 1098 426 1172 Epiphauii
451 1099 561 1154 Pinario
585 1098 764 1171 Augustiuum
788 1098 929 1155 scribere?
957 1101 1098 1167 affirmare,

81 1201 154 1258 opus
177 1201 238 1240 esse
260 1184 399 1257 perbreve,
424 1184 495 1239 etsi
518 1185 543 1238 iu
567 1201 649 1238 unum
667 1183 785 1240 libellum
802 1185 947 1256 redigatur,
973 1195 1024 1241 tani
1042 1204 1101 1242 me-

82 1271 168 1326 diocri
198 1269 268 1325 mole
297 1279 324 1325 et
346 1269 520 1341 amplitudine
543 1266 685 1324 loturum?
714 1286 812 1340 negare
835 1271 951 1344 denique
974 1271 1044 1325 aliud
1069 1272 1101 1327 iis

82 1356 110 1410 iu
132 1354 217 1418 libris,
242 1365 350 1427 praeter
371 1354 518 1426 simplicem
536 1353 689 1409 Haereseon
708 1354 856 1417 historiam,
880 1357 939 1410 sine
955 1356 1006 1411 ulla
1023 1373 1101 1413 tucn-⁰

81 1440 151 1495 dacii
175 1441 376 1511 oppugnatione
399 1436 527 1493 tractari‘l
553 1439 631 1510 Atqui
656 1447 683 1494 et
706 1439 834 1494 uberrimi
857 1449 921 1495 suut
944 1441 976 1495 de
999 1441 1102 1497 Haere-

82 1524 160 1579 sibus
182 1525 322 1597 Epiphania
345 1523 415 1586 libri,
439 1533 467 1578 et
488 1524 615 1578 adversus
638 1524 757 1595 singulas
776 1524 834 1578 lusc
850 1535 1028 1597 accurateque
1044 1527 1102 1581 dis-

82 1618 175 1682 putat,
206 1626 256 1664 uec
278 1609 344 1664 illud
366 1609 454 1681 ipsum
479 1618 626 1681 postremo,
649 1609 722 1680 quod
745 1610 873 1663 omissum
890 1610 923 1663 ab
940 1611 1098 1683 Epiphanio,

81 1713 95 1749 a
120 1712 150 1749 se
173 1711 234 1749 vero
257 1695 355 1748 lactum
379 1695 409 1748 iri
432 1694 543 1757 (tineent,
568 1703 596 1748 ut
618 1695 746 1748 adversos
762 1694 881 1766 singulas
898 1695 1028 1750 Haereses
1045 1697 1102 1752 dis·

81 1789 197 1842 sereret,
221 1788 267 1833 aut
289 1779 315 1833 iu
338 1778 384 1833 illo
407 1779 439 1833 de
463 1779 624 1833 Haeresibus
647 1778 754 1841 libello,
779 1787 824 1832 aut
848 1780 873 1833 in
897 1780 948 1834 alio
970 1781 1102 1852 hiigusti-

82 1882 136 1920 uus
160 1865 216 1937 ipse
239 1864 382 1936 praestitit.
413 1863 482 1919 Nihil
506 1864 576 1918 euim
601 1872 708 1935 practer
729 1873 864 1919 sectarum
887 1866 1005 1919 omnium
1025 1883 1102 1920 sitni-

81 1966 154 2004 mam
183 1965 361 2021 errorumque
390 1948 476 2020 capita
506 1949 661 2021 complexus
685 1958 735 2003 est.
781 1947 857 2016 Quod
880 1959 1048 2020 postremum
1072 1959 1102 2006 ut

81 2034 288 2088 admirationem
310 2043 400 2106 auget,
424 2035 459 2088 ita
481 2035 556 2106 prius
579 2032 644 2088 illud
660 2051 713 2088 non
731 2033 815 2088 levem
832 2035 1009 2106 suspitionem
1029 2035 1100 2100 lacit,

81 2119 224 2192 Hpiphauii
241 2119 382 2174 Paneriuni
403 2121 502 2190 ipsum,
526 2134 649 2191 opusque
665 2118 792 2173 adversus
809 2118 939 2174 Haereses
956 2120 1101 2193 integrum,

82 2205 263 2276 hangustinum
293 2202 427 2266 nondum,
457 2203 500 2258 illa
530 2220 591 2258 eum
614 2204 721 2274 scriptis
745 2204 887 2276 proderet,
913 2205 1024 2269 vidisse,
1055 2205 1102 2262 sed

82 2289 156 2344 illius
179 2290 306 2343 duntaxat
322 2289 473 2360 Epitomcu,
497 2298 577 2360 atque
601 2289 720 2343 eiusdem
745 2289 866 2343 fortassis
882 2290 1104 2362 hnaccphalaeo·

82 2376 137 2437 sin,
159 2374 214 2428 sire
238 2374 397 2429 breviarium
422 2391 452 2428 ex
476 2373 643 2445 singulorum
667 2373 811 2428 'laniorum
836 2384 862 2428 et
880 2373 1033 2429 Haereseon
1057 2392 1103 2431 ar·

83 2459 220 2531 mmeritis
244 2468 271 2513 et
293 2458 424 2530 capitibus
448 2458 600 2512 collectum.
632 2458 788 2530 Quanquam
812 2458 877 2513 illud
901 2460 980 2513 etiam
1003 2477 1100 2524 movet,

83 2543 155 2615 quod
183 2545 214 2597 in
242 2559 294 2598 erar
321 2544 407 2598 libros
430 2543 525 2596 asserit
548 2543 688 2614 Epiphauii
711 2559 780 2615 opus
804 2559 864 2598 esse
886 2545 1024 2616 partitum.
1071 2548 1103 2601 lt

83 2630 108 2684 id
123 2645 206 2683 secus
222 2647 252 2683 se
268 2629 358 2684 hahet.
390 2629 453 2682 Ham
477 2628 503 2681 in
528 2638 582 2683 tres
605 2627 732 2681 duntaxat
755 2628 838 2682 libros
863 2628 999 2683 tribuitur.
1031 2629 1102 2684 Libri

83 2730 179 2768 omues
206 2714 233 2768 in
257 2724 346 2768 tomos
369 2722 483 2786 septem.
529 2712 616 2779 Quare
639 2712 703 2767 illud
726 2714 868 2785 hiigustiui
891 2713 1029 2785 singulare
1050 2722 1101 2775 est,

84 2799 157 2871 quod
183 2802 219 2854 57
238 2798 356 2862 Haeresi,
381 2815 460 2870 quam
477 2797 671 2852 Psallianorum
695 2807 780 2858 vocat,
804 2797 1022 2853 Hassaliauorum
1039 2799 1104 2872 lipi-

85 2885 210 2956 phanius,
233 2883 386 2938 subtexuit:
410 2883 533 2937 Proinde
555 2884 604 2937 itte
626 2883 659 2936 de
681 2884 843 2952 octuaginta
866 2883 1041 2938 Haeresibns
1059 2898 1104 2938 aas

81 2969 196 3041 paratis
218 2970 325 3039 eipinti,
349 2985 420 3040 qnos
444 2977 509 3023 ante
526 2968 637 3022 Domini
660 2969 810 3022 adrentum
833 2969 967 3031 extitisse,
990 2971 1061 3023 sicut
1077 2969 1104 3024 el

85 3054 175 3108 mrum
198 3063 252 3117 est,
276 3055 462 3125 computruit,
485 3055 610 3125 reliquos
629 3061 693 3123 post
717 3053 829 3107 Domini
850 3069 996 3107 ascensum
1018 3063 1103 3110 notor

84 3140 244 3209 rmaginto,
261 3140 431 3193 brevissimis
447 3140 527 3194 libris
544 3139 663 3208 quinque
679 3138 894 3210 eornprehendit,
911 3147 995 3210 atque
1010 3154 1103 3194 ornnes

85 3225 112 3279 iu
140 3239 193 3279 sen
222 3225 309 3280 libros
332 3226 416 3277 totius
439 3224 560 3277 mundent
582 3224 626 3276 sni
649 3224 742 3294 operis
763 3224 830 3293 fecit
853 3225 990 3279 concludi.
1036 3225 1103 3280 Tres

86 3309 110 3363 iu
139 3308 225 3364 libros
254 3308 394 3363 Pinarium
425 3324 504 3362 omne
541 3308 675 3362 dividitur.
720 3307 827 3362 Primus
856 3308 953 3362 Tiiiuos
982 3311 1104 3367 continet

87 3402 155 3457 tres,
186 3409 302 3466 quorum
331 3393 357 3447 in
387 3393 477 3465 priore
506 3392 597 3465 viginti
625 3392 685 3447 illae
713 3401 777 3448 suut
802 3392 907 3448 Christo
937 3395 1104 3467 antiquiores

87 3478 227 3534 Haereses.
258 3479 333 3533 Alter
355 3495 456 3540 earum,
480 3494 549 3550 quae
572 3487 634 3550 post
658 3477 793 3532 Christum
816 3487 925 3533 exortae
948 3489 1020 3544 suut,
1047 3490 1105 3534 tre·

87 3564 172 3618 decim
196 3563 307 3635 colligit.
339 3563 460 3618 'lotidem
485 3571 650 3635 postremus.
680 3564 717 3616 hc
740 3563 762 3617 si
778 3563 908 3617 librorum
924 3565 1032 3619 nouiiue
1049 3565 1104 3619 Το-

86 3665 143 3703 mos
167 3649 334 3720 Augustinus
357 3648 491 3719 intelligit,
515 3648 624 3720 dempto
646 3647 787 3719 superiore
810 3646 864 3709 illo,
888 3648 933 3721 qui
957 3650 1048 3721 viginti
1073 3667 1104 3705 ex

88 3732 251 3788 Haeresibus
273 3741 389 3795 constat,
412 3733 509 3804 reliqui
528 3742 679 3795 scierunt,
704 3750 757 3786 mm
774 3742 887 3804 septem.
920 3732 1007 3802 Quare
1024 3734 1105 3790 luerit

87 3817 157 3873 illius
181 3819 292 3891 Operis,
316 3819 370 3873 sive
393 3818 543 3890 Epitomes,
568 3818 616 3871 alia
640 3818 708 3872 ratio
732 3818 894 3890 partitioque
917 3834 1029 3873 haeresse
1052 3827 1103 3881 est,

89 3902 160 3976 quod
185 3919 215 3958 se
236 3904 404 3976 Augustinus
427 3903 525 3974 legisse
549 3911 575 3958 et
598 3903 693 3957 imitari
717 3903 833 3957 volitissc
857 3903 1033 3959 demonstrat.

173 3988 228 4044 Sed
256 4004 271 4043 a
297 3989 399 4043 minuta
429 3989 471 4043 illa
502 3997 528 4043 et
556 3997 669 4061 angusta
698 3987 885 4058 disquisitione
908 3987 940 4041 ad
963 3988 988 4042 id
1012 3987 1103 4050 redeo,

88 4073 158 4144 quod
182 4075 217 4129 de
239 4073 343 4128 Pinarii
365 4072 598 4128 commendatione
628 4090 657 4127 ac
680 4074 768 4126 lrurtu
792 4073 929 4144 disputare
951 4084 1103 4143 coeperam.

90 4156 150 4214 Ham
174 4158 208 4214 ad
230 4159 312 4222 illud,
342 4158 375 4214 de
398 4175 452 4230 quo
474 4157 619 4230 agebatur,
651 4156 802 4211 Catholicae
825 4157 962 4228 religionis
985 4155 1106 4228 patroci-
