2586 4822
74 39 1285 321 ῃ

504 360 506 364 ,
532 324 541 353 Ι

124 806 149 865 a
202 786 262 847 176
544 798 621 849 ainai
639 797 679 847 aa
696 798 736 848 aa
757 797 869 848 annuis

199 955 292 1011 dieunt
320 952 505 1026 amygdalino,
534 950 577 1008 aiii
605 954 731 1024 susinot’)
759 953 930 1027 praecepisse
959 960 1079 1008 montem
1108 953 1215 1026 rigare:

200 1040 243 1097 aiii
265 1057 328 1094 vero
344 1054 524 1113 nequaquam,
547 1040 594 1095 sed
611 1040 686 1094 aiunt
701 1038 844 1102 Neronem,
869 1038 908 1094 uei
925 1037 1105 1093 Domitianum
1121 1038 1214 1094 oleum
1231 1044 1256 1094 it

200 1124 318 1181 invasis
341 1124 417 1180 aenei
439 1124 542 1179 nicenis
552 1127 576 1194 Ἰ)
598 1124 759 1187 immittere,
783 1122 856 1197 quoii
879 1140 911 1179 ea
933 1123 1002 1178 aeris
1025 1123 1110 1196 ipsius
1132 1139 1217 1179 aeru-

200 1210 263 1281 gine
284 1226 335 1284 per
356 1218 463 1283 tempus
485 1208 668 1271 viridesceret,
693 1217 719 1264 ut
744 1208 783 1263 sie
805 1225 837 1264 ea
854 1225 886 1264 eo
902 1217 1021 1263 montem
1037 1209 1141 1280 rigare:
1165 1224 1219 1282 pe-

175 1302 324 1368 {utramque
352 1294 544 1367 suscipientem
574 1294 625 1349 boc
648 1292 737 1348 oleum
760 1293 821 1367 pius
843 1293 870 1348 in
893 1292 1024 1349 viriditate
1046 1302 1129 1366 atque
1151 1309 1220 1367 pet·-

199 1380 342 1454 spicuitate
365 1379 526 1443 florescere;
549 1378 592 1433 aiii
615 1395 677 1434 vero
700 1378 818 1442 minime,
842 1378 890 1434 sed
914 1386 1037 1434 vocatum
1059 1378 1144 1433 luisse
1162 1377 1220 1434 Ne-

109 1456 114 1463 ’
200 1482 294 1521 ronem
318 1463 459 1537 quemdam
483 1472 633 1518 memorant
655 1464 794 1535 antiquum
811 1463 876 1518 artis
893 1463 1039 1536 pinariae')
1063 1461 1221 1519 scientissi-

200 1566 288 1612 mum,
319 1559 346 1604 et
374 1549 400 1603 in
430 1548 583 1604 liariusmodi
612 1548 729 1620 lapidum
760 1548 854 1620 peritia
883 1548 958 1603 vaide
980 1547 1139 1611 callentem,
1171 1547 1220 1621 qui

201 1634 336 1690 adiuvenit
357 1633 427 1689 banc
449 1632 581 1705 smaragdi
604 1633 782 1689 necessariam
806 1633 934 1706 speciem,
957 1642 985 1688 et
1007 1650 1039 1688 ea
1054 1632 1112 1706 ipso
1129 1631 1222 1688 Nero-

160 1719 308 1776 tentanum
331 1718 455 1791 primitus
478 1718 616 1792 appellari.
648 1719 684 1774 iio
708 1735 770 1774 vero
793 1718 883 1781 niodo,
907 1735 961 1792 quo
984 1718 1097 1773 diximus
1112 1717 1148 1774 de
1163 1717 1224 1774 Ne-

201 1804 330 1868 ronianis,
354 1804 437 1859 etde
460 1803 616 1858 Domitianis
638 1802 831 1859 advertentium
855 1812 905 1858 est.
947 1803 1007 1858 Fuit
1030 1803 1100 1858 eninr
1124 1801 1224 1859 llomi-

202 1889 290 1946 tianus
313 1889 460 1961 imperator
482 1898 545 1962 post
560 1888 751 1961 Vespasianum
776 1898 803 1943 et
825 1888 934 1943 fratrem
952 1905 1031 1942 suum
1047 1887 1146 1952 litum,
1172 1888 1221 1961 qui

202 1975 340 2044 vastarit⁵i
368 1972 590 2046 Hierosolymam.
635 1977 774 2029 Amatores
805 1984 895 2029 autem
924 1990 1051 2029 ranarum
1079 1989 1172 2029 rerum
1202 1973 1222 2029 ii

18 1278 30 1309 ii

471 2137 665 2187 ttEithTOiiES
686 2137 794 2188 uttam
815 2139 938 2188 stuata:

202 2208 379 2255 l.ibcrtiiienses
399 2210 420 2253 in
440 2208 517 2254 ati-tea
536 2207 610 2254 luisse
629 2207 706 2254 statim
726 2208 831 2266 memini,
860 2224 902 2254 nee
921 2207 1024 2268 fugiebat
1043 2207 1163 2271 quandam
1184 2207 1226 2255 tt-

201 2276 349 2322 bertinorum
369 2282 462 2335 gentem
481 2289 628 2323 meruurasse
647 2275 762 2324 suidam:
789 2276 831 2323 sed
851 2277 945 2325 tandem
964 2290 1017 2323 cum
1038 2290 1064 2323 ex
1083 2269 1114 2321 τὸ
1135 2277 1170 2323 eei
1187 2275 1226 2323 ri-

201 2344 299 2392 deretur
322 2357 402 2391 rocem
422 2344 559 2393 liberisliao
585 2357 639 2391 esse
657 2344 759 2405 positam
779 2350 891 2407 tanquam
910 2357 1077 2407 synemmena,
1102 2350 1128 2390 ut
1147 2344 1225 2405 aiunt,

200 2412 250 2460 roci
270 2413 360 2475 Spano,
382 2425 467 2472 nempe
485 2412 603 2474 Hispano,
623 2412 700 2473 primo
720 2421 797 2460 utrum
817 2415 947 2462 Liberitaao
967 2411 1131 2474 reponendum
1150 2411 1224 2471 leret,

200 2479 355 2542 acceperim,
381 2479 482 2527 celebris
502 2479 564 2527 enim
584 2480 606 2528 in
627 2481 740 2543 Hispania
764 2481 839 2529 estitit
859 2480 915 2528 iirhs
934 2480 1030 2528 nomine
1049 2480 1166 2540 illiberis,
1191 2480 1224 2528 de

200 2564 247 2612 qua
267 2548 355 2596 Plinius
374 2547 456 2596 libili
477 2561 528 2610 cap.
538 2548 561 2608 3,
583 2550 673 2607 iliberi,
694 2551 756 2612 quod
774 2551 883 2598 tiberini.
919 2548 1010 2596 Deinde
1028 2562 1082 2596 rero
1101 2548 1167 2596 haud
1184 2547 1223 2596 iu·

200 2618 265 2666 scius
284 2616 433 2665 librariorum
452 2616 506 2664 citio
525 2630 598 2678 saepe
616 2616 703 2664 iactum
723 2630 785 2677 esse,
804 2624 830 2664 ut
847 2615 948 2664 litteram
968 2616 1073 2664 ultimam
1087 2616 1223 2680 superioris

199 2686 262 2734 veriti
288 2686 309 2732 iu
335 2685 452 2747 principio
477 2685 601 2746 sequentis
620 2699 677 2732 mss.
696 2685 792 2733 codices
811 2685 930 2733 interdum
949 2691 1071 2746 repetant,
1096 2693 1223 2746 praeterea

200 2755 281 2801 ridens
300 2753 453 2815 interpretem
474 2767 520 2799 nun
540 2768 587 2800 uno
607 2753 629 2800 ia
650 2753 702 2800 ioco
722 2754 811 2801 Graeca
829 2767 876 2800 non
896 2767 950 2800 esse
968 2761 1120 2811 assecutum,
1147 2753 1224 2801 corri-

201 2821 302 2882 gendum
323 2836 384 2880 esse,
404 2828 518 2882 qiiantum
538 2822 674 2869 coniectura
694 2822 790 2884 assequi
809 2821 873 2882 iicet,
892 2821 1035 2869 censebam:
1054 2823 1090 2870 eei
1104 2822 1177 2880 ibero,
1198 2821 1222 2869 in

202 2892 293 2936 tiraeco
318 2898 396 2936 autem
416 2889 490 2935 luisse
509 2879 523 2945 ἢ
540 2880 611 2953 Ἰβὴρ
629 2883 701 2947 θὴν,
727 2904 789 2951 quae
808 2889 890 2937 ultima
907 2904 948 2938 vor
967 2889 1029 2952 apud
1049 2888 1155 2937 Graecos
1173 2902 1222 2937 nou

201 2970 253 3005 raro
273 2955 348 3003 soiius
367 2956 499 3003 ornamenti
519 2957 592 3015 gratia
611 2957 747 3018 adponitur.

289 3027 312 3085 p)
336 3015 474 3069 Σούσινον
491 3023 578 3072 dicitur
596 3026 684 3084 olerent,
704 3039 746 3073 scu
765 3024 838 3073 mavis
857 3032 1002 3085 unguentum
1021 3038 1048 3072 er
1065 3023 1123 3072 liliis
1142 3022 1225 3072 conio

201 3099 274 3148 ctum,
293 3091 361 3138 cuius
381 3090 487 3139 trieniinit
506 3093 594 3153 passim
614 3092 778 3154 iiippocrates,
799 3102 820 3141 et
839 3092 878 3140 aiii
898 3101 943 3140 etc.

287 3161 312 3221 q)
331 3159 408 3207 Locus
427 3160 450 3207 in
470 3159 551 3221 primis
570 3160 708 3209 mendosus.
744 3161 853 3223 Epitame
865 3161 963 3209 Gesneri
977 3160 1055 3213 babet.
1074 3151 1104 3206 lv
1118 3152 1224 3208 medear

201 3223 293 3288 βαλεῖν
311 3217 421 3282 ἱκανοῖς,
442 3228 507 3290 quod
526 3228 586 3276 iolas
604 3230 672 3276 vertit
690 3232 714 3277 in
732 3232 805 3278 malta
821 3245 876 3278 uasa
890 3231 1013 3291 infudisse.
1048 3227 1137 3276 Noster
1151 3230 1225 3277 inter·

203 3310 266 3356 iiras,
285 3296 307 3342 ni
327 3294 403 3353 iaiior,
422 3296 509 3345 invenit
525 3296 655 3351 νικανοῖς,
675 3296 752 3345 littera
770 3311 801 3351 ν,
826 3310 887 3360 quae
906 3297 929 3344 in
948 3295 1068 3358 superiori
1086 3297 1158 3343 rerba
1176 3297 1225 3359 βα-

201 3360 256 3410 λεῖν
275 3361 356 3411 ultima
375 3373 418 3422 est,
438 3364 565 3427 duplicata,
584 3374 610 3414 ut
626 3366 648 3414 in
668 3379 725 3414 mss.
745 3379 792 3413 non
811 3379 865 3413 raro
885 3366 969 3421 euenit,
989 3372 1010 3411 et
1030 3378 1144 3426 ignorans
1163 3379 1225 3428 quo·

201 3432 272 3479 iiiedo
292 3431 427 3494 explicaret,
445 3434 513 3482 vertit
526 3435 625 3484 Nicenis.
662 3434 694 3481 ita
715 3448 744 3482 ue
764 3433 828 3482 baud
846 3440 936 3482 temere
954 3433 1023 3481 liceat
1042 3432 1180 3493 corrigere:
1199 3436 1224 3482 is

201 3515 257 3549 uass
275 3516 344 3548 aerico
361 3503 448 3560 multa,
468 3509 535 3565 apta,
555 3505 650 3566 capacia
666 3503 702 3564 βα
731 3501 758 3548 ἰν
775 3503 904 3565 infudisse,
930 3508 1002 3565 atque
1021 3500 1082 3549 adeo
1100 3503 1226 3563 infrendere

201 3570 314 3617 iussisse:
338 3569 377 3616 iiic
402 3570 464 3617 euim
481 3564 574 3631 βαλεῖν
591 3585 634 3632 pro
652 3570 785 3633 imperandi
804 3570 876 3618 modu
895 3577 947 3632 est,
972 3569 1037 3632 quod
1057 3568 1158 3617 Graecis
1176 3583 1225 3618 uon

203 3636 331 3684 insuetum.

287 3705 307 3753 ri
333 3703 454 3759 Quaenam
474 3711 510 3752 est
528 3721 567 3754 ors
583 3708 694 3768 pinaria?
730 3704 838 3767 Epitume
858 3704 957 3753 Gesneri
977 3705 1008 3752 ita
1024 3703 1149 3766 loquitur:
1170 3696 1228 3753 'At-

201 3767 244 3819 lat
268 3766 298 3819 δέ
322 3784 394 3834 φασι
411 3768 450 3821 Ni
470 3765 527 3819 ωνά
551 3786 613 3819 τινα
631 3767 756 3853 τεχνίτην
773 3772 830 3819 τῶν
845 3769 972 3820 παλαιῶν
987 3767 1174 3839 πιναροποιὸν
1190 3765 1229 3822 εἴ·

203 3854 267 3887 roua
284 3833 434 3903 baoepytv
451 3786 577 3905 ἳφευρεῑν
595 3834 625 3887 τὸ
645 3833 865 3903 αναγκαιότατον
884 3840 932 3888 τοῦ
951 3833 1123 3906 σμαράγδου.
1163 3840 1228 3890 iolas

202 3909 409 3958 ilierotarantinus
427 3909 450 3957 ia
470 3923 512 3958 sua
528 3910 636 3957 versione
648 3910 814 3972 praetermittit
827 3911 925 3958 omnino
935 3924 1016 3958 rocem
1028 3902 1226 3976 πιναροποιόν.

202 3976 229 4025 tt
248 3977 355 4039 prolecto
374 3977 488 4039 quidnam
507 3978 552 4025 sibi
570 3977 636 4026 ruit?
671 3977 705 4025 (Ii.
723 3977 758 4025 rir
776 3979 866 4026 amicus
885 3993 954 4027 meua
972 3979 1129 4039 restituebat,
1146 3991 1230 4026 aava·

203 4039 325 4100 κοποιὸν,
345 4047 475 4096 tabularum
493 4048 665 4109 [uinculorum.

287 4118 308 4167 sl
327 4113 350 4160 ia
370 4114 423 4163 cod.
442 4116 554 4174 uastabat,
578 4121 603 4162 ut
621 4121 678 4177 puto
696 4127 740 4177 pro
757 4117 864 4175 trastulit,
883 4116 987 4165 eustacii.
