2586 4822
216 827 237 889 6
622 841 827 891 mmm!

212 990 340 1069 λέξεσιν
366 997 441 1066 ταῖς
467 989 562 1073 παρὰ
589 1000 661 1069 τοῖς
689 988 912 1076 ἑβδομήκοντα
934 988 994 1055 δὺσ
1017 988 1231 1075 ἑρμηνευταίς

212 1093 386 1171 κειμέναις,
410 1086 503 1169 παρὰ
526 1089 562 1155 δὲ
583 1099 656 1167 τοῖς
677 1088 754 1172 περὶ
767 1083 907 1152 Ἀκόλαν
923 1086 977 1153 καί
994 1086 1169 1170 Σύμμαχον
1184 1087 1229 1173 μη

213 1184 462 1273 ίμφερσμέναις.
493 1179 550 1271 ἀφ’
567 1184 692 1252 ἑαυτῶν
714 1184 775 1271 γὰρ
799 1184 831 1250 οἱ
854 1183 1077 1270 ἑβδομήκοντα
1099 1184 1159 1250 δύο
1177 1185 1231 1268 ἑρ-

212 1284 367 1368 μηνευταλ
390 1280 511 1359 ταύτας
531 1279 591 1360 τὰς
613 1282 716 1361 λέξεις
730 1286 954 1367 προσέθηκαν,
978 1276 1038 1347 οὑκ
1053 1282 1100 1360 εἷς
1113 1282 1230 1368 μάτην,

189 1375 298 1447 sm&
312 1378 444 1464 Ιμάλλον
467 1378 515 1456 είς
538 1374 710 1465 ὠφέλειαν.
740 1390 815 1457 ταῖς
836 1377 897 1463 γάρ
920 1379 1065 1458 ἐλλιπῶς
1080 1378 1233 1461 ἐχούσαις

212 1478 320 1556 λέξεσι
351 1477 628 1559 προστεθεικότες
660 1476 708 1555 εἷς
740 1475 924 1563 σαφήνειαν
955 1476 1014 1563 την
1046 1472 1231 1562 ἀνάγνωσιν

209 1573 418 1661 παρήγαγον,
442 1568 526 1639 ὥσθ’
553 1570 799 1659 ὑπολαμβάνειν
813 1569 900 1658 ἡμᾶς
914 1577 966 1640 καλ
984 1568 1157 1657 εὑμσίρους
1172 1569 1232 1639 αὖε

210 1671 289 1750 τοὺς
309 1673 507 1758 γεγενῆσθαι
528 1670 715 1754 πνεύματος
738 1665 841 1756 ἁγίου.
873 1661 918 1737 ιὺν
933 1671 994 1758 γὰρ
1010 1666 1068 1738 οὑκ
1084 1662 1122 1758 ἦν
1137 1677 1231 1755 χρεία

211 1769 419 1852 δισσολσγείν
447 1772 607 1854 παρῆκαν.
653 1764 740 1835 ὅπου
768 1770 804 1835 δέ
823 1767 931 1852 χωλὸν
953 1768 1059 1835 ἐδόκει
1079 1767 1118 1834 τό
1140 1770 1280 1853 ῥημαιΰι

175 1860 298 1934 ιυελναι
320 1866 367 1944 είς
384 1861 567 1953 Ἑλληνικὴν
590 1865 759 1933 διάλεκτον
780 1865 1056 1954 μεταφερόμενον,
1085 1866 1150 1933 ἐκεῖ
1171 1866 1230 1952 την

210 1962 408 2050 προσθήκην
431 1963 642 2050 ἐποιήσαντο.
673 1963 849 2046 θαυμάσαι
872 1965 908 2031 δέ
931 1965 1020 2031 ἔστιν
1044 1964 1099 2031 ἐπὶ
1122 1964 1230 2050 τούτῳ

102 2146 105 2151 ¹
210 2064 265 2128 καλ
292 2060 335 2149 μη
358 2062 483 2143 τολμᾶν
504 2067 633 2144 μέμψιν
656 2060 806 2146 ἐπάγειν,
836 2057 921 2128 άλλὰ
941 2063 1067 2146 μᾶλλον
1090 2061 1231 2128 ἔπαινον

210 2154 258 2238 ὥς
279 2158 313 2225 ἐκ
334 2160 454 2245 βουλῆς
475 2162 559 2225 θεοῦ
581 2165 790 2245 γεγενημένον
813 2165 960 2226 συνιέναι
981 2157 1039 2225 τόν
1062 2155 1193 2246 εὐλαβῆ.

292 2251 531 2343 Ἑβδομηκοντα
560 2255 619 2323 δύο
647 2255 709 2341 γὰρ
733 2252 824 2335 όντες
845 2256 903 2323 τόν
926 2252 1089 2342 ἀριθμὸν,
1118 2260 1173 2324 καλ
1196 2257 1232 2324 ἐν

175 2357 250 2442 ιυτῇ
281 2358 392 2440 Φαρίρ
419 2353 522 2440 νησφ,
551 2356 732 2469 καλουμένη
765 2355 800 2419 δέ
828 2351 897 2420 άνω
925 2358 981 2442 γῇ,
1012 2352 1144 2439 άντικρυ
1172 2358 1233 2441 τῆς

207 2445 456 2535 Ἀλεξανδρείας
485 2451 519 2518 ίν
548 2454 567 2516 λ
605 2454 660 2517 καλ
689 2454 724 2530 ἓξ
745 2452 919 2531 οἰκίσκοις,
950 2452 1025 2538 ζυγὴ
1048 2452 1124 2537 ζυγη
1147 2452 1232 2521 κατὰ

210 2549 366 2629 οἰκίσκον,
388 2543 445 2636 ἀφ’
464 2550 570 2617 ἕωθεν
594 2550 655 2627 έως
678 2549 821 2634 ἑσπέρας
844 2549 1096 2635 συγκλειόμεναι,
1119 2550 1230 2617 καὶτὸ

210 2647 368 2731 ἑσπέρας·
383 2646 416 2713 έν
436 2647 613 2731 τριάκοντα
635 2649 671 2727 ἓξ
692 2649 883 2735 σκαφιδίοις
905 2647 1157 2733 περαιούμενοι,
1182 2648 1230 2726 είς

208 2743 249 2809 τό
270 2748 329 2810 τοῦ
352 2746 562 2827 Πτολεμαίου
578 2748 636 2810 τοὺ
652 2746 867 2832 Φιλαδέλφου
890 2745 1064 2826 παλάτιον,
1087 2749 1144 2812 καὶ
1157 2744 1254 2828 μετό

163 2836 310 2909 ·ἱυαὺτοῦ
334 2840 536 2923 ἑστιώμενοι,
559 2845 612 2908 καὶ
636 2842 720 2908 κατὰ
742 2842 836 2928 ζυγην
851 2843 886 2909 ἐν
901 2847 1038 2910 κσιτῶσι
1051 2843 1228 2927 τριάκοντα

209 2940 247 3019 ἓξ
259 2937 488 3016 καθεύδοντες,
512 2938 559 3015 είς
575 2938 672 3024 τὸμὴ
690 2940 872 3005 συνδυάσαι
886 2937 954 3023 μετ’
973 2938 1132 3028 άλληλων,
1156 2936 1226 3008 ἀλλ’

205 3030 400 3113 άνοθεύτως
422 3034 626 3121 ἑρμηνεῦσαι,
650 3030 754 3114 οὑτως
770 3040 944 3104 διετέλουν.
974 3039 1052 3118 τσὺς
1065 3039 1127 3123 γὰρ
1143 3062 1229 3121 προ·

209 3138 398 3220 ειρημένους
417 3132 594 3217 τριάκοντα
616 3133 652 3213 ἓξ
672 3133 836 3213 οἷκίσκους
851 3130 869 3199 ὁ
885 3136 1002 3222 ῥηθεὶς
1016 3139 1228 3219 Πτολεμαῖος

207 3229 454 3310 κατασκευάσας
481 3231 514 3297 έν
539 3234 585 3317 τηῑ
608 3237 713 3316 πέραν
735 3232 782 3310 είς
803 3231 862 3319 τὴν
884 3237 998 3320 νῆσον,
1029 3236 1170 3311 διπλοῦς
1192 3259 1228 3301 τε

169 3323 329 3407 Ἇοὺτοὺς
351 3328 495 3414 ποιήσας
517 3327 576 3395 δύο
598 3329 657 3396 δόο
680 3329 867 3409 ἐνέκλεισεν,
892 3328 938 3409 ιὺς
960 3332 1051 3419 έφην,
1075 3335 1128 3399 καλ
1145 3342 1228 3398 παῖ-

208 3427 270 3505 δας
292 3425 350 3492 δύο
365 3422 540 3512 ὑπηρετεῖν
555 3423 669 3506 αὐτοῖς
684 3424 753 3511 ἅμα
768 3428 933 3508 ἐνέκλειεν,
957 3424 1143 3515 ὀψοποιίας
1158 3430 1227 3497 ἕνε-

208 3548 261 3592 κεν
290 3526 342 3590 καὶ
371 3521 568 3609 ὑπηρεσίας,
597 3524 681 3609 μετὰ
707 3530 760 3592 καλ
783 3526 1009 3615 ταχυγράφων.
1054 3521 1124 3593 ἀλλ’
1148 3521 1227 3594 οὑδὲ

208 3623 351 3709 θυρίδας
379 3634 450 3700 τοῖς
477 3623 635 3701 οἰκίσκοις
663 3623 798 3702 ἐκείνοις
824 3624 859 3690 ἐκ
879 3628 946 3691 τῶν
966 3632 1087 3707 τοίχων
1110 3624 1255 3712 ἐπείη-ε’

208 3742 275 3798 σεν,
297 3714 366 3785 ἀλλ’
384 3719 516 3787 άνωθεν
538 3720 572 3787 ἐκ
594 3724 659 3786 τῶν
679 3720 840 3804 δωμάτων
854 3722 914 3800 τὰς
928 3723 1131 3807 καλουμένας
1146 3717 1226 3788 άνα-

168 3818 356 3907 ωφωτίδας
378 3812 525 3903 ἀνέῳξεν.
556 3818 589 3884 σί
612 3819 647 3903 δὲ
669 3815 774 3897 οὑτως
797 3819 964 3904 διάγοντες
985 3816 1055 3886 άπὸ
1070 3825 1226 3904 πρωίθεν

208 3916 270 3995 ἕως
298 3914 440 3998 ἑσπέρας
467 3910 535 3981 ὑπό
556 3915 669 3982 κλεῖδα
691 3918 973 4002 συγκεκλεισμένον
995 3914 1101 3996 οὑτως
1121 3913 1226 4006 ἡρμη-

208 4037 335 4083 νευσσν.
366 4013 484 4100 ἑκάστη
501 4013 537 4078 δέ
553 4012 628 4101 ζυγῇ
642 4015 757 4099 βίβλος
769 4021 832 4098 μία
847 4014 1032 4096 έπεόίδστο,
1056 4010 1101 4095 ιὺς
1116 4015 1225 4084 εἰπεῖν

207 4104 228 4198 ἡ
247 4112 364 4197 βίβλος
384 4114 443 4201 τῆς
464 4114 523 4177 τοῦ
545 4107 670 4197 κόσμου
684 4116 850 4193 Γενέσεως
871 4116 934 4200 μιᾷ
949 4113 1035 4201 ζυγῇ,
1058 4107 1227 4201 ἧἜξοδος
