2586 4822
149 735 189 798 78
603 749 717 799 rernvu

149 904 243 961 obrem
272 921 327 961 non
356 903 504 960 secuudum
533 893 750 980 ἀκριβολογίαν
777 915 804 961 et
828 899 1020 982 κοριολιξιάν
1042 902 1171 960 ΗοΙιηὶω

148 1007 196 1045 vox
219 982 403 1066 θεραπεύειν
424 999 516 1054 sonat,
547 990 595 1045 sed
616 987 861 1064 μεταληπτικῶς,
884 999 915 1046 ut
938 998 966 1045 et
988 990 1097 1053 lesum,
1124 989 1169 1062 qui

148 1076 258 1149 proprie
285 1076 413 1130 salvator
441 1084 496 1139 est,
525 1075 660 1129 medicum
686 1091 718 1130 ao
740 1083 896 1131 curatorem
918 1092 973 1131 non
996 1074 1168 1130 incommode

148 1161 321 1234 interpretari
342 1159 431 1216 boeot.
460 1159 525 1232 lpse
548 1161 620 1215 enim
641 1160 751 1215 solvam
770 1161 857 1231 societ
875 1162 1016 1233 populum
1036 1177 1056 1213 ο
1068 1175 1167 1231 pecce-

149 1247 184 1300 tis
207 1263 311 1310 eorum,
335 1246 372 1301 ait
393 1244 522 1317 Angelus,
545 1245 610 1300 buc.
628 1245 655 1300 2.
702 1244 779 1313 Quod
802 1245 1032 1320 quemadmodum
1055 1243 1168 1318 praesti·

149 1332 220 1395 terit,
244 1330 361 1386 declarat
384 1330 480 1385 Petrus
503 1332 620 1386 tct.ttt.
653 1329 710 1398 Qut
727 1331 896 1402 pertransiit
918 1330 1123 1400 benefaciendo
1143 1335 1168 1382 et

148 1417 296 1471 liberando
320 1431 413 1471 omnes
436 1430 584 1487 oppressos
607 1433 625 1470 ιτ
647 1414 778 1471 Diabolo.
809 1415 883 1471 tude
906 1415 956 1470 iam
982 1414 1117 1470 Graecum
1138 1430 1167 1468 ex

149 1501 302 1574 propinquo
332 1499 506 1565 vocabulum,
536 1501 609 1575 quod
637 1499 670 1555 ab
694 1499 816 1556 llebraeo
844 1510 871 1556 et
893 1501 1122 1573 pronunciatione
1141 1507 1166 1554 et

149 1602 213 1640 vero
243 1594 378 1658 potestate
407 1602 461 1640 non
489 1585 632 1641 admodum
662 1584 840 1641 abhorrebat:
871 1585 943 1641 unde
974 1584 1093 1640 nominis
1121 1586 1167 1639 ista

150 1671 254 1725 notatio
278 1672 384 1744 prodiit.
416 1670 513 1726 Eadem
538 1688 620 1743 porro
636 1669 765 1743 leguntur
779 1669 850 1743 apud
866 1669 994 1743 Cyrillum
1012 1670 1120 1725 catech.
1134 1670 1165 1724 6:

149 1745 276 1829 Ἰησοῦς,
299 1757 395 1830 inquit,
419 1751 521 1812 τοίνυν
535 1748 598 1812 ἔστι
614 1746 692 1812 κατὰ
706 1749 762 1826 μὲν
773 1748 937 1832 Ἑβραίους
952 1749 1071 1831 σωτὴρ,
1091 1745 1166 1809 κατὰ

151 1834 184 1896 δι’
213 1833 268 1915 τὴν
285 1833 421 1897 ‘Ettdto
447 1839 590 1915 γλῶσσαν
618 1834 652 1897 τὸ
682 1834 824 1912 ἰώμενος·
853 1833 956 1913 ἐπειδὴ
980 1831 1088 1915 ἰατρός
1108 1833 1165 1894 ἔστι

149 1929 262 2000 ψυχῶν
289 1923 338 1982 καὶ
372 1919 525 1998 σωμάτιον
552 1920 601 1980 καὶ
634 1919 828 2000 θεραπιοτῆς
859 1916 1056 1997 πνευμάτων.
1099 1925 1166 1992 Quae

151 2013 238 2068 omnia
262 2012 375 2066 comiter
398 2010 550 2082 accipienda
573 2020 645 2074 sunt,
670 2027 724 2066 non
748 2020 777 2066 ut
800 2010 832 2065 ab
855 2001 1011 2066 ἰάσασθαι
1026 2011 1165 2065 deductum

150 2099 205 2152 τοῦ
227 2086 326 2168 Ἰησοῦ
348 2093 507 2149 vocabulum
530 2094 645 2149 dixerint
660 2095 764 2159 Patres,
788 2095 836 2150 sed
858 2105 889 2150 ut
911 2096 1026 2150 notione
1043 2112 1075 2150 ac
1090 2093 1166 2167 signi·

151 2180 276 2235 ficatione
300 2180 431 2234 Graecum
454 2196 551 2234 nornen
575 2195 635 2234 oum
658 2179 781 2236 llebraeo
805 2181 948 2237 convenire
972 2180 1163 2236 demonstrent.

242 2266 297 2321 120
313 2263 340 2318 b.
371 2254 471 2337 εὕροις
494 2254 519 2318 d'
544 2256 592 2335 ἂν,
615 2248 639 2319 ῶ
663 2255 819 2340 φιλολόγε]
853 2264 920 2320 llinc
942 2263 1004 2320 illae
1028 2265 1162 2337 lacrymae

152 2349 266 2421 Scripsit
288 2349 364 2405 Philo
388 2347 501 2404 ludaeus
530 2350 563 2404 de
586 2349 706 2413 llssaeis,
737 2351 778 2406 vel
807 2350 915 2405 Essenis
944 2349 1031 2406 libros
1061 2350 1161 2423 aliquot

152 2435 272 2502 Quorum
302 2452 372 2489 unus
401 2434 571 2498 inscribitur,
601 2429 669 2508 περὶ
698 2437 753 2490 τοῦ
781 2425 881 2490 πάντα
903 2430 1080 2490 σπουδαῖον
1101 2423 1168 2496 εἶναι

151 2510 329 2596 ἐλεύθερον,
367 2520 434 2575 alius
458 2515 524 2595 περὶ
547 2514 618 2590 βίου
640 2518 842 2595 θεωρητικοῦ,
864 2514 883 2594 η’
902 2513 1024 2575 Ἱκετῶν
1048 2511 1159 2596 ἀρετῶν.

151 2604 179 2658 ln
212 2604 243 2659 iis
273 2604 326 2660 duo
349 2605 513 2661 Essenorum
536 2621 636 2677 genera
665 2605 821 2669 constituit,
852 2622 935 2659 unum
958 2607 1022 2661 τῶν
1044 2620 1160 2680 προκο-

152 2689 228 2758 κῶν,
259 2690 303 2761 qui
326 2691 353 2744 iu
376 2690 481 2764 oppidis
504 2690 629 2745 socialem
652 2690 730 2744 vitam
753 2689 914 2753 instituunt,
944 2690 1104 2763 nuptiarum
1126 2704 1160 2744 ct·

152 2782 258 2846 portes,
290 2774 403 2829 alterum
431 2775 494 2831 τῶν
520 2773 734 2850 θεωρητικῶν,
771 2775 817 2849 qui
846 2775 1073 2848 contemplationi
1101 2782 1160 2830 totos

152 2876 213 2915 sese
236 2859 401 2914 tradiderant
424 2876 454 2914 ac
476 2860 573 2932 procul
594 2858 626 2914 ab
645 2859 749 2914 urbano
765 2860 880 2932 strepitu
896 2860 921 2914 in
938 2860 1022 2931 agris,
1047 2877 1080 2916 ao
1094 2867 1161 2933 prae

152 2944 245 3000 sertim
268 2943 301 2998 ad
316 2943 498 3007 llareotidem,
523 2945 549 2999 in
572 2939 720 3016 σιμνείοις
742 2953 769 3000 et
790 2940 1009 3017 μονοιστηρίοις
1031 2946 1161 3019 degerent.

152 3030 309 3085 Postremos
332 3029 400 3084 istos
423 3027 555 3085 Eusebius
579 3029 744 3085 Christianos
766 3028 850 3085 luisse
872 3029 985 3086 eredidit
1002 3029 1073 3086 Hist.
1088 3030 1163 3095 211,

153 3116 302 3188 eademque
324 3112 479 3187 Hieronymi
502 3122 726 3188 caeterorumque
749 3114 859 3169 Patrum
882 3114 973 3187 opinio
998 3115 1058 3180 luit,
1094 3127 1163 3188 quan

112 3202 141 3253 ut
152 3198 319 3271 Epiphanius
347 3208 458 3254 secutus
487 3207 538 3254 est.
583 3199 636 3254 Sed
663 3201 715 3254 hoc
744 3216 827 3254 unum
856 3199 928 3255 addit
950 3217 982 3254 ex
1007 3201 1164 3260 coniectum

151 3283 275 3338 lessaeos
297 3282 357 3340 illos
380 3282 413 3339 ab
436 3283 525 3340 lessae
543 3283 647 3339 llavidis
669 3294 746 3357 patre
769 3285 930 3340 nominatos.
962 3284 1041 3353 Quod
1066 3292 1168 3358 postre-

152 3384 226 3424 mum
250 3368 339 3423 minus
362 3368 506 3425 verisimile
524 3379 600 3441 puto.
631 3369 724 3441 Neque
741 3369 820 3434 enim,
845 3370 950 3442 opinor,
974 3387 1093 3442 usquam
1109 3368 1169 3442 legi·

152 3449 207 3519 tur,
231 3453 399 3509 lessaeorum
421 3470 520 3509 nomen
544 3453 702 3510 Christianis
724 3454 894 3517 attributum,
919 3464 946 3510 et
963 3454 1082 3511 Essaeos
1105 3454 1169 3517 illut,

152 3555 208 3594 uon
231 3538 352 3595 lessaeos
374 3538 519 3595 aPhilone
542 3538 691 3612 appellatos
713 3556 774 3596 esse
796 3548 911 3595 constat.
943 3539 1013 3594 Sane
1037 3540 1060 3595 si
1076 3536 1169 3596 tessisi

152 3639 273 3698 unquam
297 3622 440 3680 Christiani
468 3624 554 3680 vocati
582 3632 661 3689 sunt,
692 3624 806 3680 multum
837 3624 862 3679 id
885 3625 917 3680 ad
940 3633 1080 3697 receptam
1103 3623 1171 3680 illam

152 3725 183 3764 ae
206 3715 326 3764 veterem
348 3709 503 3783 opinionem
526 3709 728 3765 asseverandam
745 3709 832 3774 saciet,
856 3726 925 3784 quae
939 3709 1105 3767 lissaeorum
1123 3723 1175 3764 no·

153 3793 225 3850 mine
249 3792 416 3850 Christianos
439 3811 455 3849 a
476 3792 590 3850 Philone
613 3795 826 3866 comprehensos
848 3795 951 3850 statuit.
990 3795 1029 3851 hc
1050 3795 1173 3867 proiecto

153 3878 211 3935 ficri
234 3878 307 3934 istud
329 3880 427 3952 potuit,
450 3887 482 3934 ut
503 3894 564 3935 cum
587 3889 649 3935 ante
665 3878 832 3935 Christianae
855 3878 992 3953 religionis
1015 3887 1109 3936 ortum
1124 3877 1177 3935 es-

153 3965 213 4020 seni
241 3963 283 4019 his
312 3963 450 4031 moribus,
480 3979 568 4036 eoque
589 3964 657 4020 vitae
675 3963 814 4030 instituto,
844 3965 917 4037 quod
939 3964 967 4019 iu
989 3965 1083 4037 priore
1106 3963 1177 4020 libro

153 4048 231 4105 Philo
261 4049 414 4123 praedicat,
443 4049 615 4124 iuhegypto
640 4047 784 4117 llorerent,
813 4059 894 4122 atque
917 4050 988 4106 inter
1010 4049 1126 4107 ludaeos
1148 4056 1177 4105 et
