2586 4822
281 812 327 865 rr.
362 818 401 867 au
421 817 556 868 iotnruu
575 818 670 868 cresc.
689 818 768 868 ntea
1012 802 1054 865 77

55 966 154 1029 cunctis
173 968 353 1044 haeresibus,
376 968 572 1032 dilectissime..
619 970 708 1031 Video
731 969 809 1030 enim
831 968 909 1048 quud
932 978 1054 1049 propter

56 1062 122 1123 hauc
139 1085 251 1128 causam
280 1068 377 1128 omnis
404 1077 499 1130 restra
530 1068 691 1147 indignatio
718 1067 860 1128 concitata
890 1067 942 1139 sit,
974 1066 1052 1145 qarod

58 1158 196 1226 dixerimus
218 1165 311 1239 robis,
334 1165 392 1225 nm
416 1176 538 1245 patrem,
563 1165 720 1244 Origenem
739 1165 857 1237 scilicet,
880 1174 909 1224 ot
930 1163 1052 1225 aliarum

59 1256 197 1322 haereseon
221 1263 347 1323 raclicent
371 1273 400 1324 et
427 1275 578 1343 parentem
608 1264 726 1324 laudare
754 1282 814 1323 uon
844 1261 966 1323 debetis.
1016 1261 1052 1321 Et

59 1373 112 1416 rum
131 1378 178 1420 ros
200 1378 344 1438 rogarem,
368 1381 405 1421 ne
427 1362 466 1423 ita
482 1362 627 1435 erraretis,
652 1372 680 1422 et
696 1379 855 1430 monerem,
878 1359 1076 1420 cointradixi·5

60 1452 113 1525 stis,
140 1468 165 1517 et
188 1476 236 1518 mc
264 1459 301 1518 ad
329 1458 475 1519 tristitiam
503 1470 589 1538 atrprte
619 1459 753 1519 lacrimas
781 1458 957 1518 adduxistis:
992 1476 1052 1517 nou

12 1549 136 1613 arantum
155 1566 252 1615 autem
274 1575 330 1630 nie,
362 1557 412 1616 sed
436 1568 464 1618 et
486 1557 558 1617 alios
581 1556 723 1636 pltmimos
751 1555 909 1616 catholicos
937 1555 984 1633 qui
1008 1554 1055 1613 in·

61 1656 174 1713 tererent.
220 1653 302 1726 lnde,
325 1662 357 1715 ut
379 1654 518 1731 intelligo,
553 1655 625 1714 iaaac
646 1664 691 1714 est
713 1654 809 1713 uentris
831 1652 1002 1730 indignatio,
1024 1660 1054 1711 et

61 1744 102 1804 iste
119 1749 203 1810 furor.
249 1750 286 1811 lit
308 1751 416 1811 idcirco
439 1752 668 1821 contemnamini,
698 1751 774 1830 qttod
805 1751 924 1811 mittatis
953 1750 1054 1810 adror-

61 1858 110 1903 rom
128 1866 171 1908 me
193 1849 340 1923 epistolas,
376 1859 407 1910 ut
429 1850 487 1911 lruc
508 1851 632 1928 illucque
660 1868 758 1909 sermo
780 1859 877 1910 restet·
898 1848 1093 1919 discurrat,l⁰

61 1949 83 1998 tl
99 1956 209 2024 propter
231 1947 429 2007 delcnsionem
454 1949 618 2017 haereseos,
641 1948 793 2007 adversum
818 1965 864 2006 nte
880 1946 945 2006 odia
961 1944 1054 2006 susci·

62 2044 145 2113 lantes,
166 2045 302 2123 rumpitis
323 2046 482 2117 caritatem,
506 2064 591 2124 tritum
615 2045 646 2104 in
669 2064 720 2104 rus
744 2044 907 2116 indidimus,
937 2042 966 2103 iu
991 2052 1054 2102 tau·

64 2142 108 2195 tum
126 2150 155 2200 ut
176 2141 302 2202 feceritis
324 2161 381 2201 nos
403 2143 488 2201 etiam
511 2142 719 2221 poenitentiam
741 2160 836 2219 agere,
860 2160 950 2219 qttare
971 2139 1053 2199 rolris

64 2239 358 2309 communicarerimus,
389 2240 427 2299 ila
451 2240 587 2318 Origenis
608 2258 725 2300 errores
748 2246 777 2299 et
798 2239 931 2317 dogmata
954 2238 1054 2297 deleu-

64 2328 150 2395 denles.
195 2336 373 2414 Simpliciter
394 2336 507 2416 loqnor,
532 2357 595 2409 noS,
626 2337 788 2397 secuudum
811 2336 888 2414 qnod
912 2334 1093 2413 seriptumll't

64 2437 103 2497 lli
125 2452 176 2494 uec
197 2434 283 2493 oculo
305 2445 407 2495 nostro
436 2434 592 2513 parcimus,
627 2447 658 2495 ut
687 2454 746 2494 trun
777 2434 946 2494 ellodiamus
976 2451 1052 2504 euru,

65 2523 142 2591 siuos
162 2531 414 2592 scattdalizarerit:
448 2551 502 2593 nec
529 2530 642 2604 rrrauui,
677 2552 772 2610 ucqac
802 2530 885 2609 pedi,
920 2529 944 2590 si
967 2529 1054 2589 rttlltis

44 2627 207 2689 Buaudalum
231 2629 338 2689 lecerit.
372 2629 408 2689 Et
429 2649 482 2690 rus
503 2648 583 2707 ergo,
607 2629 666 2689 sire
688 2629 763 2689 oculi
786 2629 888 2700 nostri,
912 2627 971 2687 sire
994 2646 1056 2687 trra·

64 2736 116 2793 otis,
141 2727 199 2787 sire
227 2727 318 2805 pedes
344 2726 472 2798 inieritis,
502 2727 605 2787 similia
632 2726 822 2787 sustinebitis.
875 2725 947 2795 Quis
975 2725 1053 2784 enim

64 2820 247 2885 catholicorum
271 2824 363 2902 possit
385 2843 477 2902 aequo
500 2825 598 2885 animo
622 2825 776 2892 sustinere,
806 2833 834 2883 ct
864 2841 976 2891 euroin,
1004 2822 1094 2901 quiid

64 2915 128 2979 tidem
147 2941 230 2982 suam
252 2922 339 2982 bortis
367 2923 505 3001 operibns
533 2931 686 2994 exornant,
716 2931 746 2982 ut
776 2921 895 2982 audiant
919 2920 1054 2999 Origenis

65 3011 200 3079 doctrinam
222 3030 310 3099 atque
332 3020 496 3093 cormilium,
520 3030 547 3080 ct
563 3020 684 3080 credaut.
699 3018 863 3098 praeclarae
880 3019 956 3078 illius
972 3036 1056 3097 prae-

65 3108 190 3189 diatoni,
221 3138 280 3178 utin
304 3128 401 3198 pititost
424 3118 499 3177 lilius
522 3117 618 3177 ridere
647 3127 776 3195 patrem,
810 3136 904 3196 neqtte
933 3116 1055 3194 spiritus

65 3222 157 3276 uncus
179 3217 276 3276 ridere
298 3214 412 3276 tilium?
443 3216 520 3276 Haec
543 3216 572 3276 in
595 3215 676 3275 libris
692 3214 768 3296 περὶ
792 3205 898 3294 ἀρχῶν
922 3213 1056 3273 scriltun·

65 3314 107 3382 tor,
123 3311 165 3373 lris
186 3313 284 3374 serbis
304 3313 438 3393 legimus,
462 3325 492 3374 ct
513 3313 550 3374 ita
574 3313 712 3392 loquutus
728 3328 772 3373 ese
788 3312 939 3389 Origenes.
975 3310 1095 3372 Sicut2⁵

64 3404 122 3467 enim
140 3412 335 3489 incongruum
358 3420 403 3471 est
425 3412 521 3473 dicere
549 3412 627 3489 quod
662 3411 755 3490 possit
782 3410 858 3469 illius
886 3409 983 3469 ridere
1005 3428 1057 3489 pa·

66 3508 129 3579 trem,
155 3510 197 3570 sic
219 3510 437 3588 inconsequens
466 3518 511 3569 est
533 3510 656 3588 opinari,
686 3509 763 3588 qttod
794 3508 914 3586 spiritus
937 3516 1056 3568 sartctus

65 3603 136 3673 possit
155 3608 252 3667 videre
275 3607 374 3666 tilium.
407 3606 480 3667 illud
503 3626 619 3685 quotide
641 3606 706 3685 (ptris
730 3604 886 3683 Origeuctn
911 3605 1055 3665 dicentem

44 3698 173 3778 [liliatum
197 3706 275 3784 qtiod
298 3704 412 3765 atrimae
434 3705 528 3782 augeli
551 3705 659 3767 itteriut
681 3704 710 3764 in
734 3702 831 3772 coelis,
855 3714 883 3763 et
901 3713 1055 3783 postquam

63 3803 219 3868 peecarerint
244 3803 273 3863 in
298 3803 443 3881 strpernis,
468 3803 590 3863 directas
613 3822 678 3863 esse
701 3802 730 3861 in
747 3801 835 3862 istum
851 3803 1003 3868 mundum,
1027 3805 1095 3860 etao

62 3896 125 3967 quasi
143 3901 173 3959 iu
196 3898 326 3961 turriculos
348 3907 378 3959 et
399 3900 540 3979 sepulcro,
571 3901 614 3960 sic
636 3901 665 3959 in
689 3919 812 3979 conplura
834 3900 888 3960 ista
904 3899 1054 3976 relegatus

59 4006 150 4066 poenas
170 3999 359 4077 antiquorum
391 3997 471 4057 luere
494 4006 694 4076 peccatoram,
725 4007 754 4058 ct
782 4015 906 4077 corpora
935 3997 1057 4056 creden-

58 4089 125 4163 tium,
145 4112 204 4155 non
227 4095 336 4176 templa
359 4094 468 4156 Cluisti
491 4114 565 4169 csse,
595 4098 645 4156 sed
675 4114 807 4157 carceres
830 4090 1056 4156 dominatorum?
