<?xml version="1.0" encoding="UTF-8"?>
<!DOCTYPE html PUBLIC "-//W3C//DTD XHTML 1.0 Transitional//EN"
    "http://www.w3.org/TR/xhtml1/DTD/xhtml1-transitional.dtd">
<html xmlns="http://www.w3.org/1999/xhtml" xml:lang="en" lang="en">
 <head>
  <title>
</title>
<meta http-equiv="Content-Type" content="text/html;charset=utf-8" />
  <meta name='ocr-system' content='tesseract 3.04.00' />
  <meta name='ocr-capabilities' content='ocr_page ocr_carea ocr_par ocr_line ocrx_word'/>
</head>
<body>
  <div class='ocr_page' id='page_1' title='image "./opera02dindgoog_0109.png"; bbox 0 0 2586 4822; ppageno 0'>
   <div class='ocr_carea' id='block_1_1' title="bbox 212 820 921 888">
    <p class='ocr_par' dir='ltr' id='par_1_1' title="bbox 212 820 921 888">
     <span class='ocr_line' id='line_1_1' title="bbox 212 820 921 888; baseline 0.001 -4"><span class='ocrx_word' id='word_1_1' title='bbox 212 820 253 884; x_wconf 83' lang='lat'>80</span> <span class='ocrx_word' id='word_1_2' title='bbox 509 836 621 887; x_wconf 79' lang='lat' dir='ltr'>reram</span> <span class='ocrx_word' id='word_1_3' title='bbox 640 834 921 888; x_wconf 75' lang='lat' dir='ltr'>taruannensmnes</span> 
     </span>
    </p>
   </div>
   <div class='ocr_carea' id='block_1_2' title="bbox 154 991 1279 4201">
    <p class='ocr_par' dir='ltr' id='par_1_2' title="bbox 154 991 1279 4201">
     <span class='ocr_line' id='line_1_2' title="bbox 212 991 1222 1064; baseline -0.002 -17"><span class='ocrx_word' id='word_1_4' title='bbox 212 992 307 1054; x_wconf 85' lang='lat' dir='ltr'>lactus,</span> <span class='ocrx_word' id='word_1_5' title='bbox 330 991 402 1064; x_wconf 81' lang='lat' dir='ltr'>quoil</span> <span class='ocrx_word' id='word_1_6' title='bbox 425 992 490 1047; x_wconf 90' lang='lat' dir='ltr'>haec</span> <span class='ocrx_word' id='word_1_7' title='bbox 512 992 591 1047; x_wconf 87' lang='lat' dir='ltr'>verba</span> <span class='ocrx_word' id='word_1_8' title='bbox 614 992 807 1055; x_wconf 84' lang='lat' dir='ltr'>demonstrant,</span> <span class='ocrx_word' id='word_1_9' title='bbox 827 994 958 1063; x_wconf 78' lang='lat' dir='ltr'>proximo</span> <span class='ocrx_word' id='word_1_10' title='bbox 978 993 1123 1062; x_wconf 71' lang='lat' dir='ltr'><strong><em>superiore</em></strong></span> <span class='ocrx_word' id='word_1_11' title='bbox 1145 1006 1222 1045; x_wconf 79' lang='lat' dir='ltr'>emito</span> 
     </span>
     <span class='ocr_line' id='line_1_3' title="bbox 210 1075 1222 1149; baseline -0.002 -17"><span class='ocrx_word' id='word_1_12' title='bbox 210 1078 316 1149; x_wconf 76' lang='lat' dir='ltr'>sactum</span> <span class='ocrx_word' id='word_1_13' title='bbox 343 1086 391 1131; x_wconf 86' lang='lat' dir='ltr'>est.</span> <span class='ocrx_word' id='word_1_14' title='bbox 435 1078 520 1132; x_wconf 89' lang='lat' dir='ltr'>Porro</span> <span class='ocrx_word' id='word_1_15' title='bbox 550 1077 655 1132; x_wconf 75' lang='lat' dir='ltr'>Tacitus</span> <span class='ocrx_word' id='word_1_16' title='bbox 685 1077 727 1131; x_wconf 87' lang='lat' dir='ltr'>lll</span> <span class='ocrx_word' id='word_1_17' title='bbox 750 1076 806 1131; x_wconf 91' lang='lat' dir='ltr'>llal.</span> <span class='ocrx_word' id='word_1_18' title='bbox 830 1078 889 1132; x_wconf 83' lang='lat' dir='ltr'>tlct.</span> <span class='ocrx_word' id='word_1_19' title='bbox 913 1078 1060 1149; x_wconf 84' lang='lat' dir='ltr'>imperator</span> <span class='ocrx_word' id='word_1_20' title='bbox 1081 1094 1095 1130; x_wconf 90' lang='lat' dir='ltr'>a</span> <span class='ocrx_word' id='word_1_21' title='bbox 1119 1075 1222 1131; x_wconf 87' lang='lat' dir='ltr'>Senatu</span> 
     </span>
     <span class='ocr_line' id='line_1_4' title="bbox 211 1161 1220 1234; baseline -0.003 -16"><span class='ocrx_word' id='word_1_22' title='bbox 211 1162 383 1218; x_wconf 80' lang='lat' dir='ltr'>renunciatus</span> <span class='ocrx_word' id='word_1_23' title='bbox 406 1172 457 1225; x_wconf 88' lang='lat' dir='ltr'>est,</span> <span class='ocrx_word' id='word_1_24' title='bbox 480 1171 511 1217; x_wconf 92' lang='lat' dir='ltr'>nt</span> <span class='ocrx_word' id='word_1_25' title='bbox 533 1162 602 1217; x_wconf 89' lang='lat' dir='ltr'>idem</span> <span class='ocrx_word' id='word_1_26' title='bbox 626 1161 755 1234; x_wconf 80' lang='lat' dir='ltr'>Vopiscus</span> <span class='ocrx_word' id='word_1_27' title='bbox 779 1162 870 1216; x_wconf 80' lang='lat' dir='ltr'><strong>refert.</strong></span> <span class='ocrx_word' id='word_1_28' title='bbox 897 1162 1038 1234; x_wconf 80' lang='lat' dir='ltr'>Imperavit</span> <span class='ocrx_word' id='word_1_29' title='bbox 1062 1163 1079 1218; x_wconf 88' lang='lat'><strong>6</strong></span> <span class='ocrx_word' id='word_1_30' title='bbox 1102 1177 1220 1223; x_wconf 84' lang='lat' dir='ltr'>menses,</span> 
     </span>
     <span class='ocr_line' id='line_1_5' title="bbox 211 1245 1223 1318; baseline -0.003 -16"><span class='ocrx_word' id='word_1_31' title='bbox 211 1247 274 1311; x_wconf 73' lang='lat' dir='ltr'>sive,</span> <span class='ocrx_word' id='word_1_32' title='bbox 298 1256 328 1302; x_wconf 90' lang='lat' dir='ltr'>ut</span> <span class='ocrx_word' id='word_1_33' title='bbox 350 1247 387 1301; x_wconf 89' lang='lat' dir='ltr'>ait</span> <span class='ocrx_word' id='word_1_34' title='bbox 408 1247 507 1307; x_wconf 85' lang='lat' dir='ltr'>Victor,</span> <span class='ocrx_word' id='word_1_35' title='bbox 531 1247 587 1301; x_wconf 84' lang='lat' dir='ltr'>dies</span> <span class='ocrx_word' id='word_1_36' title='bbox 611 1249 686 1309; x_wconf 80' lang='lat'>200,</span> <span class='ocrx_word' id='word_1_37' title='bbox 710 1246 755 1317; x_wconf 89' lang='lat' dir='ltr'>qui</span> <span class='ocrx_word' id='word_1_38' title='bbox 778 1264 809 1302; x_wconf 82' lang='lat' dir='ltr'>ex</span> <span class='ocrx_word' id='word_1_39' title='bbox 831 1250 861 1301; x_wconf 83' lang='lat' dir='ltr'>A.</span> <span class='ocrx_word' id='word_1_40' title='bbox 887 1247 915 1300; x_wconf 87' lang='lat' dir='ltr'>ll.</span> <span class='ocrx_word' id='word_1_41' title='bbox 940 1246 980 1300; x_wconf 87' lang='lat' dir='ltr'>Vll</span> <span class='ocrx_word' id='word_1_42' title='bbox 1005 1245 1062 1300; x_wconf 87' lang='lat' dir='ltr'>llal.</span> <span class='ocrx_word' id='word_1_43' title='bbox 1086 1246 1144 1300; x_wconf 81' lang='lat' dir='ltr'>Oct.</span> <span class='ocrx_word' id='word_1_44' title='bbox 1168 1261 1223 1318; x_wconf 89' lang='lat' dir='ltr'>pu·</span> 
     </span>
     <span class='ocr_line' id='line_1_6' title="bbox 211 1330 1223 1403; baseline -0.002 -16"><span class='ocrx_word' id='word_1_45' title='bbox 211 1331 258 1387; x_wconf 86' lang='lat' dir='ltr'>tali</span> <span class='ocrx_word' id='word_1_46' title='bbox 281 1331 407 1387; x_wconf 84' lang='lat' dir='ltr'>desinunt</span> <span class='ocrx_word' id='word_1_47' title='bbox 430 1332 454 1385; x_wconf 91' lang='lat' dir='ltr'>in</span> <span class='ocrx_word' id='word_1_48' title='bbox 479 1332 549 1386; x_wconf 81' lang='lat' dir='ltr'>Priil.</span> <span class='ocrx_word' id='word_1_49' title='bbox 574 1331 610 1385; x_wconf 78' lang='lat' dir='ltr'>lrl.</span> <span class='ocrx_word' id='word_1_50' title='bbox 634 1335 696 1403; x_wconf 78' lang='lat' dir='ltr'>hpr.</span> <span class='ocrx_word' id='word_1_51' title='bbox 721 1331 775 1385; x_wconf 88' lang='lat' dir='ltr'>sive</span> <span class='ocrx_word' id='word_1_52' title='bbox 792 1331 889 1403; x_wconf 74' lang='lat' dir='ltr'>Aprilis</span> <span class='ocrx_word' id='word_1_53' title='bbox 910 1333 955 1387; x_wconf 81' lang='lat'>12.</span> <span class='ocrx_word' id='word_1_54' title='bbox 985 1330 1063 1402; x_wconf 75' lang='lat' dir='ltr'>Atqui</span> <span class='ocrx_word' id='word_1_55' title='bbox 1086 1347 1140 1384; x_wconf 89' lang='lat' dir='ltr'>nou</span> <span class='ocrx_word' id='word_1_56' title='bbox 1163 1339 1223 1385; x_wconf 85' lang='lat' dir='ltr'>sta·</span> 
     </span>
     <span class='ocr_line' id='line_1_7' title="bbox 210 1413 1223 1489; baseline -0.004 -17"><span class='ocrx_word' id='word_1_57' title='bbox 210 1417 257 1472; x_wconf 84' lang='lat' dir='ltr'>tim</span> <span class='ocrx_word' id='word_1_58' title='bbox 280 1425 343 1489; x_wconf 90' lang='lat' dir='ltr'>post</span> <span class='ocrx_word' id='word_1_59' title='bbox 361 1416 443 1471; x_wconf 81' lang='lat' dir='ltr'>Taciti</span> <span class='ocrx_word' id='word_1_60' title='bbox 467 1425 580 1470; x_wconf 84' lang='lat' dir='ltr'>auortem</span> <span class='ocrx_word' id='word_1_61' title='bbox 603 1416 719 1487; x_wconf 78' lang='lat' dir='ltr'>scriptae</span> <span class='ocrx_word' id='word_1_62' title='bbox 741 1417 805 1470; x_wconf 84' lang='lat' dir='ltr'>sunt</span> <span class='ocrx_word' id='word_1_63' title='bbox 827 1433 840 1469; x_wconf 88' lang='lat' dir='ltr'>a</span> <span class='ocrx_word' id='word_1_64' title='bbox 858 1415 946 1471; x_wconf 89' lang='lat' dir='ltr'>Probo</span> <span class='ocrx_word' id='word_1_65' title='bbox 968 1415 1071 1478; x_wconf 90' lang='lat' dir='ltr'>literae,</span> <span class='ocrx_word' id='word_1_66' title='bbox 1095 1413 1142 1469; x_wconf 85' lang='lat' dir='ltr'>sed</span> <span class='ocrx_word' id='word_1_67' title='bbox 1157 1422 1223 1487; x_wconf 88' lang='lat' dir='ltr'>post</span> 
     </span>
     <span class='ocr_line' id='line_1_8' title="bbox 209 1499 1221 1572; baseline -0.002 -16"><span class='ocrx_word' id='word_1_68' title='bbox 209 1517 304 1556; x_wconf 85' lang='lat' dir='ltr'>necem</span> <span class='ocrx_word' id='word_1_69' title='bbox 333 1500 464 1563; x_wconf 79' lang='lat' dir='ltr'>Floriani,</span> <span class='ocrx_word' id='word_1_70' title='bbox 495 1510 524 1554; x_wconf 91' lang='lat' dir='ltr'>ut</span> <span class='ocrx_word' id='word_1_71' title='bbox 553 1499 643 1555; x_wconf 90' lang='lat' dir='ltr'>eadem</span> <span class='ocrx_word' id='word_1_72' title='bbox 672 1499 791 1572; x_wconf 78' lang='lat' dir='ltr'><strong>Epistola</strong></span> <span class='ocrx_word' id='word_1_73' title='bbox 817 1500 943 1555; x_wconf 86' lang='lat' dir='ltr'>declarat.</span> <span class='ocrx_word' id='word_1_74' title='bbox 989 1500 1128 1555; x_wconf 73' lang='lat' dir='ltr'>Florianus</span> <span class='ocrx_word' id='word_1_75' title='bbox 1156 1515 1221 1554; x_wconf 80' lang='lat' dir='ltr'>sero</span> 
     </span>
     <span class='ocr_line' id='line_1_9' title="bbox 209 1583 1223 1658; baseline -0.002 -18"><span class='ocrx_word' id='word_1_76' title='bbox 209 1602 317 1640; x_wconf 89' lang='lat' dir='ltr'>menses</span> <span class='ocrx_word' id='word_1_77' title='bbox 340 1585 417 1649; x_wconf 80' lang='lat' dir='ltr'>tuos,</span> <span class='ocrx_word' id='word_1_78' title='bbox 441 1594 470 1640; x_wconf 89' lang='lat' dir='ltr'>ut</span> <span class='ocrx_word' id='word_1_79' title='bbox 492 1586 528 1640; x_wconf 86' lang='lat' dir='ltr'>ait</span> <span class='ocrx_word' id='word_1_80' title='bbox 550 1585 689 1658; x_wconf 81' lang='lat' dir='ltr'>Vopiscus,</span> <span class='ocrx_word' id='word_1_81' title='bbox 713 1585 767 1640; x_wconf 87' lang='lat' dir='ltr'>sive</span> <span class='ocrx_word' id='word_1_82' title='bbox 792 1588 829 1641; x_wconf 84' lang='lat'>60</span> <span class='ocrx_word' id='word_1_83' title='bbox 853 1585 919 1646; x_wconf 85' lang='lat' dir='ltr'>dies,</span> <span class='ocrx_word' id='word_1_84' title='bbox 943 1594 973 1640; x_wconf 89' lang='lat' dir='ltr'>ut</span> <span class='ocrx_word' id='word_1_85' title='bbox 995 1585 1093 1639; x_wconf 85' lang='lat' dir='ltr'>author</span> <span class='ocrx_word' id='word_1_86' title='bbox 1115 1593 1158 1638; x_wconf 89' lang='lat' dir='ltr'>est</span> <span class='ocrx_word' id='word_1_87' title='bbox 1177 1583 1223 1638; x_wconf 78' lang='lat' dir='ltr'>Vi-</span> 
     </span>
     <span class='ocr_line' id='line_1_10' title="bbox 187 1668 1221 1742; baseline -0.001 -18"><span class='ocrx_word' id='word_1_88' title='bbox 187 1679 284 1733; x_wconf 86' lang='lat' dir='ltr'>ctor,</span> <span class='ocrx_word' id='word_1_89' title='bbox 313 1670 454 1742; x_wconf 89' lang='lat' dir='ltr'>imperium</span> <span class='ocrx_word' id='word_1_90' title='bbox 485 1670 586 1732; x_wconf 89' lang='lat' dir='ltr'>tenuit,</span> <span class='ocrx_word' id='word_1_91' title='bbox 614 1685 711 1742; x_wconf 81' lang='lat' dir='ltr'>nempe</span> <span class='ocrx_word' id='word_1_92' title='bbox 733 1670 766 1724; x_wconf 86' lang='lat' dir='ltr'>ad</span> <span class='ocrx_word' id='word_1_93' title='bbox 787 1669 819 1724; x_wconf 95' lang='lat' dir='ltr'>lll</span> <span class='ocrx_word' id='word_1_94' title='bbox 843 1669 880 1725; x_wconf 84' lang='lat' dir='ltr'>ld.</span> <span class='ocrx_word' id='word_1_95' title='bbox 903 1669 992 1725; x_wconf 89' lang='lat' dir='ltr'>lulias.</span> <span class='ocrx_word' id='word_1_96' title='bbox 1036 1668 1126 1724; x_wconf 77' lang='lat' dir='ltr'>hiliiee</span> <span class='ocrx_word' id='word_1_97' title='bbox 1147 1685 1221 1723; x_wconf 88' lang='lat' dir='ltr'>nunc</span> 
     </span>
     <span class='ocr_line' id='line_1_11' title="bbox 210 1753 1220 1829; baseline -0.003 -19"><span class='ocrx_word' id='word_1_98' title='bbox 210 1755 267 1810; x_wconf 89' lang='lat' dir='ltr'>dies</span> <span class='ocrx_word' id='word_1_99' title='bbox 295 1754 412 1829; x_wconf 88' lang='lat' dir='ltr'>aliquot,</span> <span class='ocrx_word' id='word_1_100' title='bbox 440 1755 486 1827; x_wconf 90' lang='lat' dir='ltr'>qui</span> <span class='ocrx_word' id='word_1_101' title='bbox 515 1772 528 1809; x_wconf 93' lang='lat' dir='ltr'>a</span> <span class='ocrx_word' id='word_1_102' title='bbox 553 1754 666 1809; x_wconf 78' lang='lat' dir='ltr'>Floriani</span> <span class='ocrx_word' id='word_1_103' title='bbox 695 1753 770 1809; x_wconf 91' lang='lat' dir='ltr'>obitu</span> <span class='ocrx_word' id='word_1_104' title='bbox 798 1754 829 1808; x_wconf 74' lang='lat' dir='ltr'>acl</span> <span class='ocrx_word' id='word_1_105' title='bbox 853 1755 925 1810; x_wconf 87' lang='lat' dir='ltr'>illum</span> <span class='ocrx_word' id='word_1_106' title='bbox 949 1754 1018 1809; x_wconf 90' lang='lat' dir='ltr'>diem</span> <span class='ocrx_word' id='word_1_107' title='bbox 1041 1753 1124 1825; x_wconf 88' lang='lat' dir='ltr'>elapsi</span> <span class='ocrx_word' id='word_1_108' title='bbox 1144 1761 1220 1816; x_wconf 90' lang='lat' dir='ltr'>sunt,</span> 
     </span>
     <span class='ocr_line' id='line_1_12' title="bbox 209 1837 1279 1912; baseline 0 -18"><span class='ocrx_word' id='word_1_109' title='bbox 209 1856 264 1912; x_wconf 88' lang='lat' dir='ltr'>quo</span> <span class='ocrx_word' id='word_1_110' title='bbox 293 1840 409 1912; x_wconf 87' lang='lat' dir='ltr'>acceptis</span> <span class='ocrx_word' id='word_1_111' title='bbox 431 1839 515 1894; x_wconf 89' lang='lat' dir='ltr'>literis</span> <span class='ocrx_word' id='word_1_112' title='bbox 538 1839 587 1895; x_wconf 89' lang='lat' dir='ltr'>SC.</span> <span class='ocrx_word' id='word_1_113' title='bbox 610 1849 652 1893; x_wconf 87' lang='lat' dir='ltr'>est</span> <span class='ocrx_word' id='word_1_114' title='bbox 674 1839 782 1895; x_wconf 85' lang='lat' dir='ltr'>iactum.</span> <span class='ocrx_word' id='word_1_115' title='bbox 813 1838 954 1907; x_wconf 80' lang='lat' dir='ltr'>Quomodo</span> <span class='ocrx_word' id='word_1_116' title='bbox 978 1839 1010 1894; x_wconf 98' lang='lat' dir='ltr'>lll</span> <span class='ocrx_word' id='word_1_117' title='bbox 1032 1854 1117 1894; x_wconf 90' lang='lat' dir='ltr'>nonas</span> <span class='ocrx_word' id='word_1_118' title='bbox 1140 1837 1221 1892; x_wconf 83' lang='lat' dir='ltr'>Febr.</span> <span class='ocrx_word' id='word_1_119' title='bbox 1275 1885 1279 1894; x_wconf 84' lang='lat'><em>.</em></span> 
     </span>
     <span class='ocr_line' id='line_1_13' title="bbox 179 1921 1223 1994; baseline -0.003 -15"><span class='ocrx_word' id='word_1_120' title='bbox 179 1923 180 1927; x_wconf 69' lang='grc'>’</span> <span class='ocrx_word' id='word_1_121' title='bbox 208 1923 295 1980; x_wconf 86' lang='lat' dir='ltr'>lectae</span> <span class='ocrx_word' id='word_1_122' title='bbox 324 1925 350 1980; x_wconf 91' lang='lat' dir='ltr'>in</span> <span class='ocrx_word' id='word_1_123' title='bbox 374 1926 473 1979; x_wconf 89' lang='lat' dir='ltr'>Senatu</span> <span class='ocrx_word' id='word_1_124' title='bbox 498 1922 577 1978; x_wconf 86' lang='lat' dir='ltr'>Probi</span> <span class='ocrx_word' id='word_1_125' title='bbox 599 1923 693 1978; x_wconf 87' lang='lat' dir='ltr'>literae</span> <span class='ocrx_word' id='word_1_126' title='bbox 716 1921 862 1979; x_wconf 70' lang='lat' dir='ltr'>dicunntur?</span> <span class='ocrx_word' id='word_1_127' title='bbox 901 1924 982 1978; x_wconf 87' lang='lat' dir='ltr'>lliror</span> <span class='ocrx_word' id='word_1_128' title='bbox 1003 1923 1145 1994; x_wconf 73' lang='lat' dir='ltr'>diligentes</span> <span class='ocrx_word' id='word_1_129' title='bbox 1168 1923 1223 1977; x_wconf 91' lang='lat' dir='ltr'>ho-</span> 
     </span>
     <span class='ocr_line' id='line_1_14' title="bbox 208 2008 1222 2081; baseline -0.002 -17"><span class='ocrx_word' id='word_1_130' title='bbox 208 2009 309 2072; x_wconf 86' lang='lat' dir='ltr'>mines,</span> <span class='ocrx_word' id='word_1_131' title='bbox 333 2010 378 2081; x_wconf 85' lang='lat' dir='ltr'>qui</span> <span class='ocrx_word' id='word_1_132' title='bbox 400 2009 538 2063; x_wconf 76' lang='lat' dir='ltr'>historiam</span> <span class='ocrx_word' id='word_1_133' title='bbox 561 2008 631 2063; x_wconf 88' lang='lat' dir='ltr'>illam</span> <span class='ocrx_word' id='word_1_134' title='bbox 655 2009 858 2063; x_wconf 78' lang='lat' dir='ltr'>Commentariis</span> <span class='ocrx_word' id='word_1_135' title='bbox 880 2009 936 2064; x_wconf 91' lang='lat' dir='ltr'>suis</span> <span class='ocrx_word' id='word_1_136' title='bbox 958 2008 1141 2070; x_wconf 88' lang='lat' dir='ltr'>illustrarunt,</span> <span class='ocrx_word' id='word_1_137' title='bbox 1167 2017 1222 2063; x_wconf 83' lang='lat' dir='ltr'>tant</span> 
     </span>
     <span class='ocr_line' id='line_1_15' title="bbox 208 2091 1224 2166; baseline 0.001 -19"><span class='ocrx_word' id='word_1_138' title='bbox 208 2092 340 2165; x_wconf 78' lang='lat' dir='ltr'>insignem</span> <span class='ocrx_word' id='word_1_139' title='bbox 368 2093 457 2148; x_wconf 91' lang='lat' dir='ltr'>locum</span> <span class='ocrx_word' id='word_1_140' title='bbox 485 2093 707 2166; x_wconf 73' lang='lat' dir='ltr'>praetermisisse.</span> <span class='ocrx_word' id='word_1_141' title='bbox 751 2093 875 2148; x_wconf 79' lang='lat' dir='ltr'>blondum</span> <span class='ocrx_word' id='word_1_142' title='bbox 906 2093 1050 2165; x_wconf 78' lang='lat' dir='ltr'>igiturest</span> <span class='ocrx_word' id='word_1_143' title='bbox 1071 2091 1142 2163; x_wconf 81' lang='lat' dir='ltr'>aputl</span> <span class='ocrx_word' id='word_1_144' title='bbox 1167 2092 1224 2148; x_wconf 88' lang='lat' dir='ltr'>Vo-</span> 
     </span>
     <span class='ocr_line' id='line_1_16' title="bbox 207 2175 1222 2251; baseline 0 -19"><span class='ocrx_word' id='word_1_145' title='bbox 207 2177 322 2251; x_wconf 88' lang='lat' dir='ltr'>piscum,</span> <span class='ocrx_word' id='word_1_146' title='bbox 346 2178 419 2251; x_wconf 89' lang='lat' dir='ltr'>quod</span> <span class='ocrx_word' id='word_1_147' title='bbox 441 2177 463 2232; x_wconf 90' lang='lat' dir='ltr'>is</span> <span class='ocrx_word' id='word_1_148' title='bbox 486 2177 635 2239; x_wconf 85' lang='lat' dir='ltr'>sustulerit,</span> <span class='ocrx_word' id='word_1_149' title='bbox 659 2178 703 2249; x_wconf 88' lang='lat' dir='ltr'>qui</span> <span class='ocrx_word' id='word_1_150' title='bbox 726 2194 776 2250; x_wconf 92' lang='lat' dir='ltr'>pro</span> <span class='ocrx_word' id='word_1_151' title='bbox 792 2178 975 2242; x_wconf 76' lang='lat' dir='ltr'>Februarius,</span> <span class='ocrx_word' id='word_1_152' title='bbox 998 2175 1136 2248; x_wconf 67' lang='lat' dir='ltr'>tepescas</span> <span class='ocrx_word' id='word_1_153' title='bbox 1152 2176 1222 2232; x_wconf 85' lang='lat' dir='ltr'>sub·</span> 
     </span>
     <span class='ocr_line' id='line_1_17' title="bbox 208 2261 1222 2334; baseline 0 -17"><span class='ocrx_word' id='word_1_154' title='bbox 208 2262 336 2318; x_wconf 84' lang='lat' dir='ltr'>stituerit.</span> <span class='ocrx_word' id='word_1_155' title='bbox 366 2261 458 2334; x_wconf 84' lang='lat' dir='ltr'>Neque</span> <span class='ocrx_word' id='word_1_156' title='bbox 480 2262 550 2317; x_wconf 88' lang='lat' dir='ltr'>enim</span> <span class='ocrx_word' id='word_1_157' title='bbox 572 2262 713 2317; x_wconf 86' lang='lat' dir='ltr'>verisimile</span> <span class='ocrx_word' id='word_1_158' title='bbox 736 2271 786 2326; x_wconf 89' lang='lat' dir='ltr'>est,</span> <span class='ocrx_word' id='word_1_159' title='bbox 811 2267 904 2334; x_wconf 75' lang='lat' dir='ltr'>posti</span> <span class='ocrx_word' id='word_1_160' title='bbox 929 2264 984 2318; x_wconf 88' lang='lat' dir='ltr'>lere</span> <span class='ocrx_word' id='word_1_161' title='bbox 999 2279 1115 2325; x_wconf 87' lang='lat' dir='ltr'>meuses,</span> <span class='ocrx_word' id='word_1_162' title='bbox 1139 2279 1222 2334; x_wconf 88' lang='lat' dir='ltr'>quam</span> 
     </span>
     <span class='ocr_line' id='line_1_18' title="bbox 209 2345 1224 2420; baseline 0.001 -18"><span class='ocrx_word' id='word_1_163' title='bbox 209 2364 223 2402; x_wconf 91' lang='lat' dir='ltr'>a</span> <span class='ocrx_word' id='word_1_164' title='bbox 245 2345 374 2402; x_wconf 90' lang='lat' dir='ltr'>militibus</span> <span class='ocrx_word' id='word_1_165' title='bbox 403 2347 504 2402; x_wconf 83' lang='lat' dir='ltr'>electus</span> <span class='ocrx_word' id='word_1_166' title='bbox 531 2356 587 2409; x_wconf 91' lang='lat' dir='ltr'>est,</span> <span class='ocrx_word' id='word_1_167' title='bbox 615 2346 755 2420; x_wconf 88' lang='lat' dir='ltr'>imperium</span> <span class='ocrx_word' id='word_1_168' title='bbox 779 2345 867 2402; x_wconf 87' lang='lat' dir='ltr'>Probo</span> <span class='ocrx_word' id='word_1_169' title='bbox 890 2347 923 2402; x_wconf 90' lang='lat' dir='ltr'>ab</span> <span class='ocrx_word' id='word_1_170' title='bbox 945 2347 1046 2403; x_wconf 86' lang='lat' dir='ltr'>Senatu</span> <span class='ocrx_word' id='word_1_171' title='bbox 1069 2363 1129 2402; x_wconf 76' lang='lat' dir='ltr'>esse</span> <span class='ocrx_word' id='word_1_172' title='bbox 1152 2363 1224 2403; x_wconf 87' lang='lat' dir='ltr'>con·</span> 
     </span>
     <span class='ocr_line' id='line_1_19' title="bbox 207 2431 1222 2505; baseline -0.001 -17"><span class='ocrx_word' id='word_1_173' title='bbox 207 2431 352 2495; x_wconf 79' lang='lat' dir='ltr'>firmatum,</span> <span class='ocrx_word' id='word_1_174' title='bbox 375 2448 445 2486; x_wconf 90' lang='lat' dir='ltr'>anno</span> <span class='ocrx_word' id='word_1_175' title='bbox 469 2432 539 2488; x_wconf 79' lang='lat'><strong>277.</strong></span> <span class='ocrx_word' id='word_1_176' title='bbox 576 2431 642 2499; x_wconf 83' lang='lat' dir='ltr'>Quia</span> <span class='ocrx_word' id='word_1_177' title='bbox 665 2449 720 2488; x_wconf 94' lang='lat' dir='ltr'>non</span> <span class='ocrx_word' id='word_1_178' title='bbox 740 2431 820 2504; x_wconf 82' lang='lat' dir='ltr'>longe</span> <span class='ocrx_word' id='word_1_179' title='bbox 843 2442 905 2505; x_wconf 89' lang='lat' dir='ltr'>post</span> <span class='ocrx_word' id='word_1_180' title='bbox 927 2432 1041 2488; x_wconf 88' lang='lat' dir='ltr'>militare</span> <span class='ocrx_word' id='word_1_181' title='bbox 1063 2431 1222 2505; x_wconf 76' lang='lat' dir='ltr'>sullragium</span> 
     </span>
     <span class='ocr_line' id='line_1_20' title="bbox 208 2516 1222 2589; baseline -0.004 -15"><span class='ocrx_word' id='word_1_182' title='bbox 208 2516 325 2574; x_wconf 87' lang='lat' dir='ltr'>Senatus</span> <span class='ocrx_word' id='word_1_183' title='bbox 348 2517 497 2573; x_wconf 89' lang='lat' dir='ltr'>authoritas</span> <span class='ocrx_word' id='word_1_184' title='bbox 520 2517 641 2580; x_wconf 86' lang='lat' dir='ltr'>accessit,</span> <span class='ocrx_word' id='word_1_185' title='bbox 665 2516 737 2589; x_wconf 83' lang='lat' dir='ltr'>quod</span> <span class='ocrx_word' id='word_1_186' title='bbox 760 2517 791 2571; x_wconf 91' lang='lat' dir='ltr'>iis</span> <span class='ocrx_word' id='word_1_187' title='bbox 815 2516 901 2572; x_wconf 87' lang='lat' dir='ltr'>verbis</span> <span class='ocrx_word' id='word_1_188' title='bbox 924 2517 1054 2589; x_wconf 83' lang='lat' dir='ltr'>Vopiscus</span> <span class='ocrx_word' id='word_1_189' title='bbox 1076 2516 1222 2588; x_wconf 79' lang='lat' dir='ltr'>siguificat.</span> 
     </span>
     <span class='ocr_line' id='line_1_21' title="bbox 208 2601 1223 2674; baseline -0.001 -18"><span class='ocrx_word' id='word_1_190' title='bbox 208 2601 253 2658; x_wconf 85' lang='lat' dir='ltr'>lto</span> <span class='ocrx_word' id='word_1_191' title='bbox 274 2603 300 2656; x_wconf 86' lang='lat' dir='ltr'>ei</span> <span class='ocrx_word' id='word_1_192' title='bbox 320 2603 381 2656; x_wconf 85' lang='lat' dir='ltr'>sime</span> <span class='ocrx_word' id='word_1_193' title='bbox 402 2603 463 2657; x_wconf 81' lang='lat' dir='ltr'>ullo</span> <span class='ocrx_word' id='word_1_194' title='bbox 483 2602 611 2657; x_wconf 84' lang='lat' dir='ltr'>molestie</span> <span class='ocrx_word' id='word_1_195' title='bbox 633 2603 814 2658; x_wconf 66' lang='lat' dir='ltr'>toties-orbis</span> <span class='ocrx_word' id='word_1_196' title='bbox 835 2602 986 2674; x_wconf 76' lang='lat' dir='ltr'>Imperium</span> <span class='ocrx_word' id='word_1_197' title='bbox 1008 2610 1033 2656; x_wconf 87' lang='lat' dir='ltr'>et</span> <span class='ocrx_word' id='word_1_198' title='bbox 1054 2603 1175 2657; x_wconf 78' lang='lat' dir='ltr'>militum</span> <span class='ocrx_word' id='word_1_199' title='bbox 1196 2609 1223 2655; x_wconf 85' lang='lat' dir='ltr'>et</span> 
     </span>
     <span class='ocr_line' id='line_1_22' title="bbox 207 2685 1222 2760; baseline -0.002 -18"><span class='ocrx_word' id='word_1_200' title='bbox 207 2686 328 2743; x_wconf 75' lang='lat' dir='ltr'>semotam</span> <span class='ocrx_word' id='word_1_201' title='bbox 350 2688 453 2742; x_wconf 75' lang='lat' dir='ltr'>iudicio</span> <span class='ocrx_word' id='word_1_202' title='bbox 475 2688 597 2742; x_wconf 81' lang='lat' dir='ltr'>delatum</span> <span class='ocrx_word' id='word_1_203' title='bbox 619 2696 667 2742; x_wconf 85' lang='lat' dir='ltr'>est.</span> <span class='ocrx_word' id='word_1_204' title='bbox 712 2686 779 2742; x_wconf 88' lang='lat' dir='ltr'>&#39;lum</span> <span class='ocrx_word' id='word_1_205' title='bbox 802 2687 868 2743; x_wconf 85' lang='lat' dir='ltr'>illud</span> <span class='ocrx_word' id='word_1_206' title='bbox 890 2696 1049 2760; x_wconf 79' lang='lat' dir='ltr'>argumento</span> <span class='ocrx_word' id='word_1_207' title='bbox 1072 2694 1123 2749; x_wconf 86' lang='lat' dir='ltr'>est,</span> <span class='ocrx_word' id='word_1_208' title='bbox 1147 2685 1222 2759; x_wconf 81' lang='lat' dir='ltr'>qnod</span> 
     </span>
     <span class='ocr_line' id='line_1_23' title="bbox 208 2769 1223 2845; baseline -0.001 -18"><span class='ocrx_word' id='word_1_209' title='bbox 208 2771 280 2827; x_wconf 85' lang='lat' dir='ltr'>haud</span> <span class='ocrx_word' id='word_1_210' title='bbox 301 2771 396 2844; x_wconf 90' lang='lat' dir='ltr'>procul</span> <span class='ocrx_word' id='word_1_211' title='bbox 419 2771 500 2835; x_wconf 90' lang='lat' dir='ltr'>ltalia,</span> <span class='ocrx_word' id='word_1_212' title='bbox 523 2789 620 2845; x_wconf 88' lang='lat' dir='ltr'>nempe</span> <span class='ocrx_word' id='word_1_213' title='bbox 643 2772 669 2826; x_wconf 93' lang='lat' dir='ltr'>in</span> <span class='ocrx_word' id='word_1_214' title='bbox 692 2771 805 2844; x_wconf 75' lang='lat' dir='ltr'>lllyrieo,</span> <span class='ocrx_word' id='word_1_215' title='bbox 830 2781 860 2828; x_wconf 90' lang='lat' dir='ltr'>ut</span> <span class='ocrx_word' id='word_1_216' title='bbox 881 2773 917 2827; x_wconf 89' lang='lat' dir='ltr'>ait</span> <span class='ocrx_word' id='word_1_217' title='bbox 934 2771 1030 2834; x_wconf 84' lang='lat' dir='ltr'>Victor,</span> <span class='ocrx_word' id='word_1_218' title='bbox 1054 2788 1068 2826; x_wconf 91' lang='lat' dir='ltr'>a</span> <span class='ocrx_word' id='word_1_219' title='bbox 1091 2769 1223 2826; x_wconf 83' lang='lat' dir='ltr'>militibus</span> 
     </span>
     <span class='ocr_line' id='line_1_24' title="bbox 208 2855 1222 2928; baseline 0.001 -18"><span class='ocrx_word' id='word_1_220' title='bbox 208 2865 250 2910; x_wconf 88' lang='lat' dir='ltr'>est</span> <span class='ocrx_word' id='word_1_221' title='bbox 271 2864 388 2911; x_wconf 89' lang='lat' dir='ltr'>creatus.</span> <span class='ocrx_word' id='word_1_222' title='bbox 419 2855 506 2923; x_wconf 82' lang='lat' dir='ltr'>Quare</span> <span class='ocrx_word' id='word_1_223' title='bbox 530 2856 622 2928; x_wconf 83' lang='lat' dir='ltr'>paucis</span> <span class='ocrx_word' id='word_1_224' title='bbox 644 2856 739 2911; x_wconf 81' lang='lat' dir='ltr'>‹liebus</span> <span class='ocrx_word' id='word_1_225' title='bbox 755 2856 865 2911; x_wconf 88' lang='lat' dir='ltr'>Senatui</span> <span class='ocrx_word' id='word_1_226' title='bbox 888 2857 940 2912; x_wconf 88' lang='lat' dir='ltr'>hoc</span> <span class='ocrx_word' id='word_1_227' title='bbox 962 2855 1105 2928; x_wconf 79' lang='lat' dir='ltr'>signilleari</span> <span class='ocrx_word' id='word_1_228' title='bbox 1120 2856 1222 2928; x_wconf 90' lang='lat' dir='ltr'>potuit.</span> 
     </span>
     <span class='ocr_line' id='line_1_25' title="bbox 297 2933 1223 3017; baseline 0 -22"><span class='ocrx_word' id='word_1_229' title='bbox 297 2941 353 2995; x_wconf 83' lang='grc'>176</span> <span class='ocrx_word' id='word_1_230' title='bbox 370 2956 393 2993; x_wconf 87' lang='lat' dir='ltr'>e.</span> <span class='ocrx_word' id='word_1_231' title='bbox 423 2933 501 3011; x_wconf 76' lang='grc' dir='ltr'><em>μετὰ</em></span> <span class='ocrx_word' id='word_1_232' title='bbox 529 2942 637 2996; x_wconf 79' lang='grc' dir='ltr'><em>τοῦτον</em></span> <span class='ocrx_word' id='word_1_233' title='bbox 663 2935 839 3011; x_wconf 73' lang='grc' dir='ltr'>ἐβασίλευσε</span> <span class='ocrx_word' id='word_1_234' title='bbox 869 2938 986 3017; x_wconf 75' lang='grc' dir='ltr'><strong><em>Κῦρος]</em></strong></span> <span class='ocrx_word' id='word_1_235' title='bbox 1024 2942 1105 2996; x_wconf 86' lang='lat' dir='ltr'>llecte</span> <span class='ocrx_word' id='word_1_236' title='bbox 1133 2957 1223 2996; x_wconf 84' lang='lat' dir='ltr'>annos</span> 
     </span>
     <span class='ocr_line' id='line_1_26' title="bbox 207 3023 1223 3098; baseline 0 -18"><span class='ocrx_word' id='word_1_237' title='bbox 207 3023 276 3080; x_wconf 81' lang='lat' dir='ltr'>(loos</span> <span class='ocrx_word' id='word_1_238' title='bbox 300 3023 385 3078; x_wconf 89' lang='lat' dir='ltr'>trihus</span> <span class='ocrx_word' id='word_1_239' title='bbox 408 3023 617 3095; x_wconf 86' lang='lat' dir='ltr'>lmperatoribus</span> <span class='ocrx_word' id='word_1_240' title='bbox 640 3026 747 3088; x_wconf 87' lang='lat' dir='ltr'>ethic,</span> <span class='ocrx_word' id='word_1_241' title='bbox 777 3035 804 3080; x_wconf 89' lang='lat' dir='ltr'>et</span> <span class='ocrx_word' id='word_1_242' title='bbox 826 3025 974 3089; x_wconf 86' lang='lat' dir='ltr'>Eusebius,</span> <span class='ocrx_word' id='word_1_243' title='bbox 1004 3035 1084 3098; x_wconf 84' lang='lat' dir='ltr'>atque</span> <span class='ocrx_word' id='word_1_244' title='bbox 1107 3026 1223 3080; x_wconf 82' lang='lat' dir='ltr'>Orosius</span> 
     </span>
     <span class='ocr_line' id='line_1_27' title="bbox 206 3107 1224 3181; baseline 0.001 -17"><span class='ocrx_word' id='word_1_245' title='bbox 206 3108 355 3181; x_wconf 82' lang='lat' dir='ltr'>imputant,</span> <span class='ocrx_word' id='word_1_246' title='bbox 385 3107 418 3162; x_wconf 86' lang='lat' dir='ltr'>ab</span> <span class='ocrx_word' id='word_1_247' title='bbox 446 3108 521 3163; x_wconf 87' lang='lat' dir='ltr'>initio</span> <span class='ocrx_word' id='word_1_248' title='bbox 545 3109 665 3165; x_wconf 84' lang='lat' dir='ltr'>videlicet</span> <span class='ocrx_word' id='word_1_249' title='bbox 688 3109 745 3165; x_wconf 92' lang='lat' dir='ltr'>Cari</span> <span class='ocrx_word' id='word_1_250' title='bbox 768 3111 800 3165; x_wconf 78' lang='lat' dir='ltr'>acl</span> <span class='ocrx_word' id='word_1_251' title='bbox 823 3110 927 3166; x_wconf 87' lang='lat' dir='ltr'>initium</span> <span class='ocrx_word' id='word_1_252' title='bbox 951 3110 1115 3166; x_wconf 81' lang='lat' dir='ltr'>Diocletiani.</span> <span class='ocrx_word' id='word_1_253' title='bbox 1162 3109 1224 3165; x_wconf 84' lang='lat' dir='ltr'>llon</span> 
     </span>
     <span class='ocr_line' id='line_1_28' title="bbox 209 3192 1224 3266; baseline 0.002 -18"><span class='ocrx_word' id='word_1_254' title='bbox 209 3202 296 3248; x_wconf 89' lang='lat' dir='ltr'>tamen</span> <span class='ocrx_word' id='word_1_255' title='bbox 320 3192 397 3247; x_wconf 88' lang='lat' dir='ltr'>solidi</span> <span class='ocrx_word' id='word_1_256' title='bbox 421 3193 463 3247; x_wconf 90' lang='lat' dir='ltr'>isti</span> <span class='ocrx_word' id='word_1_257' title='bbox 486 3203 558 3256; x_wconf 87' lang='lat' dir='ltr'>sunt,</span> <span class='ocrx_word' id='word_1_258' title='bbox 582 3194 629 3248; x_wconf 85' lang='lat' dir='ltr'>sed</span> <span class='ocrx_word' id='word_1_259' title='bbox 646 3194 748 3266; x_wconf 88' lang='lat' dir='ltr'>aliquot</span> <span class='ocrx_word' id='word_1_260' title='bbox 763 3194 901 3250; x_wconf 88' lang='lat' dir='ltr'>mensibus</span> <span class='ocrx_word' id='word_1_261' title='bbox 916 3196 1052 3251; x_wconf 82' lang='lat' dir='ltr'>secundus</span> <span class='ocrx_word' id='word_1_262' title='bbox 1066 3196 1224 3251; x_wconf 86' lang='lat' dir='ltr'>inchoatur.</span> 
     </span>
     <span class='ocr_line' id='line_1_29' title="bbox 208 3277 1223 3352; baseline 0.004 -21"><span class='ocrx_word' id='word_1_263' title='bbox 208 3279 237 3332; x_wconf 90' lang='lat' dir='ltr'>ln</span> <span class='ocrx_word' id='word_1_264' title='bbox 259 3277 405 3332; x_wconf 77' lang='lat' dir='ltr'>Annalibus</span> <span class='ocrx_word' id='word_1_265' title='bbox 427 3277 619 3333; x_wconf 84' lang='lat' dir='ltr'>Ecclesiasticis</span> <span class='ocrx_word' id='word_1_266' title='bbox 642 3279 723 3335; x_wconf 87' lang='lat' dir='ltr'>Probi</span> <span class='ocrx_word' id='word_1_267' title='bbox 746 3280 870 3352; x_wconf 87' lang='lat' dir='ltr'>lmpcrat.</span> <span class='ocrx_word' id='word_1_268' title='bbox 900 3279 991 3336; x_wconf 89' lang='lat' dir='ltr'>obitus</span> <span class='ocrx_word' id='word_1_269' title='bbox 1016 3289 1126 3336; x_wconf 89' lang='lat' dir='ltr'>notatur</span> <span class='ocrx_word' id='word_1_270' title='bbox 1148 3297 1223 3335; x_wconf 87' lang='lat' dir='ltr'>anno</span> 
     </span>
     <span class='ocr_line' id='line_1_30' title="bbox 208 3362 1223 3437; baseline 0.003 -20"><span class='ocrx_word' id='word_1_271' title='bbox 208 3362 306 3418; x_wconf 84' lang='lat' dir='ltr'>Christi</span> <span class='ocrx_word' id='word_1_272' title='bbox 330 3364 405 3427; x_wconf 79' lang='lat'>283,</span> <span class='ocrx_word' id='word_1_273' title='bbox 430 3362 496 3417; x_wconf 86' lang='lat' dir='ltr'>Caro</span> <span class='ocrx_word' id='word_1_274' title='bbox 519 3373 547 3419; x_wconf 90' lang='lat' dir='ltr'>et</span> <span class='ocrx_word' id='word_1_275' title='bbox 569 3363 663 3419; x_wconf 88' lang='lat' dir='ltr'>Carino</span> <span class='ocrx_word' id='word_1_276' title='bbox 687 3364 761 3420; x_wconf 87' lang='lat' dir='ltr'>Coss.</span> <span class='ocrx_word' id='word_1_277' title='bbox 785 3364 935 3437; x_wconf 84' lang='lat' dir='ltr'>eodemque</span> <span class='ocrx_word' id='word_1_278' title='bbox 958 3381 1028 3420; x_wconf 90' lang='lat' dir='ltr'>anno</span> <span class='ocrx_word' id='word_1_279' title='bbox 1052 3364 1135 3419; x_wconf 85' lang='lat' dir='ltr'>Carus</span> <span class='ocrx_word' id='word_1_280' title='bbox 1157 3382 1223 3420; x_wconf 84' lang='lat' dir='ltr'>cum</span> 
     </span>
     <span class='ocr_line' id='line_1_31' title="bbox 154 3446 1225 3522; baseline 0.004 -20"><span class='ocrx_word' id='word_1_281' title='bbox 154 3499 165 3522; x_wconf 50' lang='lat'>0</span> <span class='ocrx_word' id='word_1_282' title='bbox 207 3446 302 3502; x_wconf 86' lang='lat' dir='ltr'>Carino</span> <span class='ocrx_word' id='word_1_283' title='bbox 325 3456 352 3502; x_wconf 89' lang='lat' dir='ltr'>et</span> <span class='ocrx_word' id='word_1_284' title='bbox 367 3446 526 3504; x_wconf 89' lang='lat' dir='ltr'>Numeriano</span> <span class='ocrx_word' id='word_1_285' title='bbox 549 3447 609 3503; x_wconf 81' lang='lat' dir='ltr'>filiis</span> <span class='ocrx_word' id='word_1_286' title='bbox 632 3467 744 3504; x_wconf 87' lang='lat' dir='ltr'>exorsus</span> <span class='ocrx_word' id='word_1_287' title='bbox 767 3458 817 3504; x_wconf 90' lang='lat' dir='ltr'>est.</span> <span class='ocrx_word' id='word_1_288' title='bbox 848 3449 907 3505; x_wconf 92' lang='lat' dir='ltr'>Cari</span> <span class='ocrx_word' id='word_1_289' title='bbox 929 3459 1018 3504; x_wconf 87' lang='lat' dir='ltr'>autern</span> <span class='ocrx_word' id='word_1_290' title='bbox 1042 3450 1128 3506; x_wconf 80' lang='lat' dir='ltr'>exitus</span> <span class='ocrx_word' id='word_1_291' title='bbox 1152 3466 1225 3506; x_wconf 83' lang='lat' dir='ltr'>con-</span> 
     </span>
     <span class='ocr_line' id='line_1_32' title="bbox 205 3530 1223 3597; baseline 0.003 -11"><span class='ocrx_word' id='word_1_292' title='bbox 205 3530 293 3587; x_wconf 77' lang='lat' dir='ltr'>fertur</span> <span class='ocrx_word' id='word_1_293' title='bbox 315 3533 341 3586; x_wconf 90' lang='lat' dir='ltr'>in</span> <span class='ocrx_word' id='word_1_294' title='bbox 363 3548 462 3586; x_wconf 83' lang='lat' dir='ltr'>anntlm</span> <span class='ocrx_word' id='word_1_295' title='bbox 486 3532 584 3588; x_wconf 83' lang='lat' dir='ltr'>Christi</span> <span class='ocrx_word' id='word_1_296' title='bbox 609 3536 683 3597; x_wconf 76' lang='lat'>284,</span> <span class='ocrx_word' id='word_1_297' title='bbox 707 3534 802 3589; x_wconf 87' lang='lat' dir='ltr'>Carino</span> <span class='ocrx_word' id='word_1_298' title='bbox 827 3536 844 3590; x_wconf 83' lang='lat'><strong>2</strong></span> <span class='ocrx_word' id='word_1_299' title='bbox 868 3543 895 3589; x_wconf 94' lang='lat' dir='ltr'>et</span> <span class='ocrx_word' id='word_1_300' title='bbox 916 3533 1078 3589; x_wconf 88' lang='lat' dir='ltr'>Numeriano</span> <span class='ocrx_word' id='word_1_301' title='bbox 1098 3535 1116 3590; x_wconf 79' lang='lat'><strong>2</strong></span> <span class='ocrx_word' id='word_1_302' title='bbox 1143 3534 1223 3589; x_wconf 85' lang='lat' dir='ltr'>Coss.</span> 
     </span>
     <span class='ocr_line' id='line_1_33' title="bbox 206 3616 1223 3689; baseline 0.004 -19"><span class='ocrx_word' id='word_1_303' title='bbox 206 3616 265 3685; x_wconf 79' lang='lat' dir='ltr'>Quo</span> <span class='ocrx_word' id='word_1_304' title='bbox 294 3617 372 3671; x_wconf 90' lang='lat' dir='ltr'>ctiam</span> <span class='ocrx_word' id='word_1_305' title='bbox 400 3633 470 3671; x_wconf 90' lang='lat' dir='ltr'>auno</span> <span class='ocrx_word' id='word_1_306' title='bbox 493 3617 654 3673; x_wconf 87' lang='lat' dir='ltr'>Numeriano</span> <span class='ocrx_word' id='word_1_307' title='bbox 687 3635 765 3674; x_wconf 87' lang='lat' dir='ltr'>caeso</span> <span class='ocrx_word' id='word_1_308' title='bbox 795 3618 957 3689; x_wconf 77' lang='lat' dir='ltr'>subrogatus</span> <span class='ocrx_word' id='word_1_309' title='bbox 987 3627 1029 3674; x_wconf 89' lang='lat' dir='ltr'>est</span> <span class='ocrx_word' id='word_1_310' title='bbox 1051 3636 1064 3673; x_wconf 91' lang='lat' dir='ltr'>a</span> <span class='ocrx_word' id='word_1_311' title='bbox 1088 3617 1223 3675; x_wconf 88' lang='lat' dir='ltr'>militibus</span> 
     </span>
     <span class='ocr_line' id='line_1_34' title="bbox 202 3700 1223 3776; baseline 0.001 -19"><span class='ocrx_word' id='word_1_312' title='bbox 202 3700 394 3762; x_wconf 86' lang='lat' dir='ltr'>llioeletianus,</span> <span class='ocrx_word' id='word_1_313' title='bbox 419 3701 544 3757; x_wconf 86' lang='lat' dir='ltr'>Palilibus</span> <span class='ocrx_word' id='word_1_314' title='bbox 567 3703 640 3774; x_wconf 89' lang='lat' dir='ltr'>ipsis,</span> <span class='ocrx_word' id='word_1_315' title='bbox 663 3713 693 3758; x_wconf 92' lang='lat' dir='ltr'>ut</span> <span class='ocrx_word' id='word_1_316' title='bbox 716 3720 747 3758; x_wconf 86' lang='lat' dir='ltr'>ex</span> <span class='ocrx_word' id='word_1_317' title='bbox 763 3703 926 3776; x_wconf 79' lang='lat' dir='ltr'>Panegyrico</span> <span class='ocrx_word' id='word_1_318' title='bbox 949 3703 1089 3776; x_wconf 88' lang='lat' dir='ltr'>probatur.</span> <span class='ocrx_word' id='word_1_319' title='bbox 1122 3703 1223 3760; x_wconf 85' lang='lat' dir='ltr'>Verum</span> 
     </span>
     <span class='ocr_line' id='line_1_35' title="bbox 205 3786 1224 3860; baseline 0.001 -17"><span class='ocrx_word' id='word_1_320' title='bbox 205 3802 237 3843; x_wconf 83' lang='lat' dir='ltr'>ex</span> <span class='ocrx_word' id='word_1_321' title='bbox 265 3803 298 3843; x_wconf 91' lang='lat' dir='ltr'>eo</span> <span class='ocrx_word' id='word_1_322' title='bbox 327 3786 450 3858; x_wconf 87' lang='lat' dir='ltr'>sequitur</span> <span class='ocrx_word' id='word_1_323' title='bbox 477 3787 516 3842; x_wconf 86' lang='lat' dir='ltr'>vix</span> <span class='ocrx_word' id='word_1_324' title='bbox 551 3787 637 3842; x_wconf 88' lang='lat' dir='ltr'>tribus</span> <span class='ocrx_word' id='word_1_325' title='bbox 667 3796 814 3860; x_wconf 89' lang='lat' dir='ltr'>quatuorve</span> <span class='ocrx_word' id='word_1_326' title='bbox 836 3787 975 3844; x_wconf 87' lang='lat' dir='ltr'>mensibus</span> <span class='ocrx_word' id='word_1_327' title='bbox 998 3789 1146 3860; x_wconf 82' lang='lat' dir='ltr'>imperasse</span> <span class='ocrx_word' id='word_1_328' title='bbox 1169 3787 1224 3844; x_wconf 79' lang='lat' dir='ltr'>Cn-</span> 
     </span>
     <span class='ocr_line' id='line_1_36' title="bbox 204 3870 1222 3945; baseline 0.002 -18"><span class='ocrx_word' id='word_1_329' title='bbox 204 3888 274 3934; x_wconf 86' lang='lat' dir='ltr'>rum,</span> <span class='ocrx_word' id='word_1_330' title='bbox 298 3870 371 3944; x_wconf 81' lang='lat' dir='ltr'>quod</span> <span class='ocrx_word' id='word_1_331' title='bbox 394 3888 454 3926; x_wconf 90' lang='lat' dir='ltr'>cnm</span> <span class='ocrx_word' id='word_1_332' title='bbox 476 3872 587 3926; x_wconf 86' lang='lat' dir='ltr'>historia</span> <span class='ocrx_word' id='word_1_333' title='bbox 605 3881 714 3945; x_wconf 77' lang='lat' dir='ltr'>pugnat.</span> <span class='ocrx_word' id='word_1_334' title='bbox 746 3872 850 3927; x_wconf 90' lang='lat' dir='ltr'>Probus</span> <span class='ocrx_word' id='word_1_335' title='bbox 873 3873 1021 3944; x_wconf 83' lang='lat' dir='ltr'>Imperator</span> <span class='ocrx_word' id='word_1_336' title='bbox 1036 3890 1131 3928; x_wconf 90' lang='lat' dir='ltr'>mense</span> <span class='ocrx_word' id='word_1_337' title='bbox 1153 3873 1222 3929; x_wconf 88' lang='lat' dir='ltr'>lulio</span> 
     </span>
     <span class='ocr_line' id='line_1_37' title="bbox 204 3955 1224 4035; baseline 0 -23"><span class='ocrx_word' id='word_1_338' title='bbox 204 3957 326 4035; x_wconf 82' lang='lat' dir='ltr'>circiter,</span> <span class='ocrx_word' id='word_1_339' title='bbox 363 3963 393 4010; x_wconf 89' lang='lat' dir='ltr'>ut</span> <span class='ocrx_word' id='word_1_340' title='bbox 428 3955 507 4028; x_wconf 92' lang='lat' dir='ltr'>paulo</span> <span class='ocrx_word' id='word_1_341' title='bbox 536 3966 598 4012; x_wconf 86' lang='lat' dir='ltr'>aute</span> <span class='ocrx_word' id='word_1_342' title='bbox 625 3956 787 4013; x_wconf 80' lang='lat' dir='ltr'>declaratum</span> <span class='ocrx_word' id='word_1_343' title='bbox 817 3968 874 4022; x_wconf 90' lang='lat' dir='ltr'>est,</span> <span class='ocrx_word' id='word_1_344' title='bbox 909 3959 1051 4031; x_wconf 89' lang='lat' dir='ltr'>imperium</span> <span class='ocrx_word' id='word_1_345' title='bbox 1083 3958 1158 4020; x_wconf 90' lang='lat' dir='ltr'>imit,</span> <span class='ocrx_word' id='word_1_346' title='bbox 1192 3968 1224 4013; x_wconf 88' lang='lat' dir='ltr'>et</span> 
     </span>
     <span class='ocr_line' id='line_1_38' title="bbox 202 4036 1225 4114; baseline 0.002 -18"><span class='ocrx_word' id='word_1_347' title='bbox 202 4051 301 4114; x_wconf 76' lang='lat' dir='ltr'>quarto</span> <span class='ocrx_word' id='word_1_348' title='bbox 336 4057 428 4096; x_wconf 88' lang='lat' dir='ltr'>mense</span> <span class='ocrx_word' id='word_1_349' title='bbox 463 4057 544 4113; x_wconf 88' lang='lat' dir='ltr'>supra</span> <span class='ocrx_word' id='word_1_350' title='bbox 578 4050 682 4096; x_wconf 83' lang='lat' dir='ltr'>sextum</span> <span class='ocrx_word' id='word_1_351' title='bbox 711 4059 809 4098; x_wconf 91' lang='lat' dir='ltr'>annum</span> <span class='ocrx_word' id='word_1_352' title='bbox 838 4036 927 4106; x_wconf 80' lang='lat' dir='ltr'>obiit,‘</span> <span class='ocrx_word' id='word_1_353' title='bbox 952 4060 1046 4099; x_wconf 84' lang='lat' dir='ltr'>merrse</span> <span class='ocrx_word' id='word_1_354' title='bbox 1074 4042 1132 4098; x_wconf 83' lang='lat' dir='ltr'>sere</span> <span class='ocrx_word' id='word_1_355' title='bbox 1165 4042 1225 4098; x_wconf 84' lang='lat' dir='ltr'>llo-</span> 
     </span>
     <span class='ocr_line' id='line_1_39' title="bbox 203 4125 1225 4201; baseline 0.008 -25"><span class='ocrx_word' id='word_1_356' title='bbox 203 4125 319 4190; x_wconf 82' lang='lat' dir='ltr'>vembri‚</span> <span class='ocrx_word' id='word_1_357' title='bbox 357 4125 429 4183; x_wconf 79' lang='lat' dir='ltr'>unic</span> <span class='ocrx_word' id='word_1_358' title='bbox 465 4141 579 4181; x_wconf 87' lang='lat' dir='ltr'>exorsus</span> <span class='ocrx_word' id='word_1_359' title='bbox 615 4134 657 4182; x_wconf 86' lang='lat' dir='ltr'>est</span> <span class='ocrx_word' id='word_1_360' title='bbox 674 4128 791 4201; x_wconf 83' lang='lat' dir='ltr'>Canis,</span> <span class='ocrx_word' id='word_1_361' title='bbox 829 4126 861 4182; x_wconf 88' lang='lat' dir='ltr'>lV</span> <span class='ocrx_word' id='word_1_362' title='bbox 883 4127 972 4183; x_wconf 88' lang='lat' dir='ltr'>Nonas</span> <span class='ocrx_word' id='word_1_363' title='bbox 1008 4127 1153 4184; x_wconf 70' lang='lat' dir='ltr'>Novembr.</span> <span class='ocrx_word' id='word_1_364' title='bbox 1191 4139 1225 4185; x_wconf 88' lang='lat' dir='ltr'>ut</span> 
     </span>
    </p>
   </div>
   <div class='ocr_carea' id='block_1_3' title="bbox 0 0 1298 4822">
    <p class='ocr_par' dir='ltr' id='par_1_3' title="bbox 0 0 1298 4822">
     <span class='ocr_line' id='line_1_40' title="bbox 0 0 1298 4822; baseline 0 1"><span class='ocrx_word' id='word_1_365' title='bbox 0 0 1298 4822; x_wconf 95' lang='lat' dir='ltr'> </span> 
     </span>
    </p>
   </div>
  </div>
 </body>
</html>
