2586 4822
463 835 755 889 unrasnsenstones.
1060 822 1117 893 tn

101 989 223 1047 animem
249 1006 284 1047 ac
311 998 441 1047 retentam
469 1008 503 1048 ex
523 992 601 1048 arinis
622 990 762 1049 lunaribus
784 990 951 1065 simplicibus
972 992 1123 1057 constituit,

102 1092 187 1151 quem
209 1073 244 1131 ab
265 1075 338 1133 indis
352 1075 416 1132 olim
432 1086 598 1150 usurpatam,
622 1085 717 1150 postea
731 1076 812 1133 ctiam
826 1075 861 1133 ab
875 1074 1019 1141 subitus.
1041 1092 1125 1150 prae·

102 1160 257 1236 sertimque
272 1160 472 1217 llalrumerlanis
494 1160 585 1217 docet.
613 1161 679 1217 Nam
701 1161 748 1233 qui
770 1160 804 1218 ab
826 1160 923 1235 llegira
946 1171 1126 1219 numerantur

102 1245 184 1310 enni,
214 1246 289 1302 nullo
316 1245 527 1324 intercalationis
555 1247 649 1303 lraeno
669 1246 781 1304 coerciti
804 1264 853 1321 per
874 1245 1001 1302 lulianam
1024 1246 1124 1303 seriem

102 1330 217 1403 impune
239 1340 378 1403 vagantur.
419 1330 541 1400 Quodsi
563 1332 624 1404 quis
646 1332 777 1407 requirat,
800 1331 872 1389 unde
895 1330 1032 1404 Scaligero
1055 1348 1125 1388 con-

101 1424 161 1473 stet
182 1425 305 1471 vetustos
319 1416 421 1472 Arabes
444 1415 618 1473 desultoriam
642 1416 712 1472 illam
734 1416 910 1473 intercalandi
926 1416 1038 1473 sormam
1055 1415 1123 1473 ciuili

101 1501 265 1575 praesertim
288 1517 340 1555 usu
363 1501 493 1566 tenuisse,
517 1510 564 1558 nut
579 1502 691 1557 eandem
706 1501 822 1558 subinde
838 1500 988 1558 retexuisse
1002 1518 1033 1557 ac
1048 1518 1123 1559 mere

100 1584 227 1641 lunarem
250 1585 420 1659 praetulisse,
444 1603 478 1641 ne
500 1603 584 1642 unum
606 1586 715 1659 quidem
737 1587 898 1660 scriptorem
919 1586 1007 1649 all'ert,
1030 1586 1076 1659 qui
1095 1586 1123 1643 id

101 1669 147 1727 nel
175 1669 308 1727 levissime
333 1670 453 1727 suadeat.
498 1671 587 1739 Quare
608 1672 671 1727 dum
695 1672 824 1728 confictas
846 1672 905 1727 illas
926 1670 1045 1727 Arabum
1069 1671 1174 1728 lle-tdl

102 1754 198 1827 modos
220 1755 411 1828 operosissime
433 1756 576 1821 describit,
606 1757 659 1813 boc
686 1764 728 1813 est
749 1756 854 1813 somnia
875 1773 923 1813 sua
946 1757 1123 1831 prosequitur

100 1848 134 1897 et
154 1857 205 1895 suo
228 1850 256 1897 et
277 1840 388 1897 lectoris
409 1841 466 1897 otio
489 1840 701 1913 intemperanter
721 1841 852 1897 abutitur.
882 1841 942 1910 Quo
964 1840 1073 1915 quidem
1094 1841 1123 1899 in

101 1925 216 1998 negotio
239 1934 281 1981 est
303 1924 368 1981 illud
391 1942 456 1981 sane
478 1925 634 1991 iucundum,
658 1926 732 2001 quod
754 1926 865 1983 eandem
887 1926 959 1983 illam
975 1926 1037 1982 Per.
1052 1942 1122 1999 quae

100 2026 138 2069 en
161 2012 221 2068 228
244 2010 351 2065 lulianus
374 2010 466 2075 annis,
490 2010 610 2067 Arabicis
631 2028 712 2074 vero,
738 2012 779 2067 vel
801 2011 898 2069 solutis
921 2013 982 2069 235
1004 2019 1122 2076 connotat,

100 2092 203 2153 alicubi
232 2095 445 2168 excogitatama
467 2113 498 2151 se
520 2097 606 2160 dicat,
633 2096 696 2153 alibi
719 2113 783 2153 sero
805 2095 839 2152 nb
861 2095 994 2153 trabibus
1017 2104 1046 2152 et
1067 2094 1123 2153 tte-

101 2181 213 2255 fflrenia
234 2179 267 2235 ab
290 2180 366 2236 initio
388 2180 483 2237 luliani
504 2183 567 2237 anni
589 2191 734 2254 repertam,
757 2190 786 2238 et
800 2181 950 2237 institutam
965 2181 1122 2255 imprudens

101 2275 218 2321 asserat.
262 2265 366 2323 Etenim
389 2264 407 2321 l.
426 2267 442 2322 2
466 2266 499 2322 de
521 2266 633 2321 Emend.
656 2284 682 2340 p.
698 2270 752 2325 134
783 2265 829 2323 ubi
857 2266 891 2323 de
913 2282 984 2323 anno
1006 2265 1121 2339 Hegirao

100 2349 228 2405 disserit:
254 2350 530 2415 Contumacissimus,
556 2351 657 2424 inquit,
680 2350 727 2407 bic
748 2368 841 2407 annua
863 2359 904 2407 est
925 2368 1014 2425 nepus
1035 2352 1122 2423 focile

101 2436 178 2491 redit
199 2436 230 2490 in
249 2436 374 2505 pretione
394 2452 456 2491 curn
471 2454 547 2491 anno
561 2436 675 2492 loliano
689 2444 741 2492 etc.
766 2436 862 2505 Quare
880 2437 962 2492 salla
975 2436 1122 2493 senodes

100 2518 169 2575 bisc
190 2521 289 2593 confici
307 2528 408 2592 potest.
457 2521 553 2575 Tutior
573 2537 678 2591 mopso
699 2521 850 2586 Pen‘odsts,
873 2538 957 2593 quone
978 2522 1122 2592 accepite·

101 2605 202 2669 dnus,
225 2620 364 2660 annorum
389 2607 464 2669 228,
494 2607 791 2661 enneadecaeteridem
813 2606 968 2662 duodecies.
1010 2608 1046 2661 At
1066 2605 1121 2663 lb

103 2706 133 2763 p.
148 2692 210 2747 485
234 2689 280 2745 ubi
301 2690 336 2746 de
358 2690 453 2746 eodem
469 2707 540 2745 anno
555 2690 691 2763 loquitur:
714 2690 831 2755 Arabe,
853 2690 950 2762 inqiut,
972 2689 1123 2761 anoress'

103 2772 255 2831 Pomodusn
277 2776 338 2832 228
361 2792 499 2831 annonem
520 2776 702 2831 instituerant
722 2792 758 2831 ea
772 2773 804 2831 A.
819 2774 854 2830 1).
871 2774 919 2831 111
931 2774 1031 2831 Iduum
1041 2773 1123 2831 Mar·

103 2860 138 2915 ta's'
159 2861 230 2915 oneri
253 2858 448 2931 Consasions‘s,
475 2859 558 2930 Cyclo
580 2860 680 2917 Lunae
707 2863 752 2917 13.
796 2859 871 2917 Solia
894 2861 943 2918 20.
985 2858 1020 2915 lit
1041 2858 1122 2932 poulo

103 2952 176 3019 post.
211 2945 360 3017 Triplicern
382 2945 455 2999 enim
475 2946 625 3017 periodum
644 2945 820 3001 babuerunt:
842 2944 984 3002 Minorem
1006 2946 1045 3001 30
1068 2960 1122 3001 ass·

101 3046 205 3085 mm
232 3031 402 3085 solutorum.-
429 3028 571 3086 Maiorem
599 3031 658 3088 uto
688 3046 842 3087 annonas:
874 3028 1032 3086 Morimene
1060 3029 1122 3088 228

102 3130 246 3171 annorum
266 3115 425 3179 Solarium,
449 3116 509 3173 235
532 3122 626 3171 cutem
646 3112 846 3179 Arublcorant,
876 3130 933 3187 quo
952 3112 1124 3173 tentamus

99 3214 155 3273 per
174 3206 260 3255 totam
287 3207 446 3255 contentam
473 3200 544 3256 ansi
564 3198 676 3256 Solaria
702 3207 823 3271 capatus
850 3199 925 3255 redit
945 3200 985 3255 od
1005 3200 1124 3257 sesses

102 3284 187 3341 tim.
230 3285 302 3340 lderu
325 3292 353 3340 et
375 3285 400 3341 iu
423 3285 477 3343 ld
500 3285 569 3357 lsag.
594 3285 658 3341 Can.
681 3289 789 3358 repetit.
834 3284 904 3353 Quid
932 3284 985 3342 boc
1012 3283 1124 3342 bomine
1184 3276 1187 3281 ’

102 3368 195 3434 ficies,
218 3378 266 3425 aut
280 3386 360 3442 quam
377 3370 401 3425 ei
416 3370 523 3426 demum
540 3369 640 3426 babeas
655 3369 745 3435 lldem,
768 3370 814 3442 qui
830 3387 879 3427 sua
895 3386 925 3427 se
940 3369 998 3443 ipsc
1012 3369 1124 3427 conlas-

103 3452 182 3511 aione
204 3464 258 3510 tam
280 3463 374 3527 aperte
396 3472 427 3511 ac
448 3455 535 3529 palam
558 3455 654 3519 induit,
677 3464 708 3511 ut
729 3455 806 3512 cuius
828 3455 891 3511 anni
907 3456 1009 3513 lemnae
1023 3472 1055 3513 nc
1068 3454 1124 3511 Pe-

103 3538 173 3596 riodi
201 3539 370 3596 inventorem
392 3557 422 3595 se
444 3540 524 3601 dicit,
553 3556 611 3597 cam
635 3541 719 3613 ipsam
742 3540 932 3597 vetustissimis
955 3538 1123 3613 temporibus

102 3622 132 3681 iu
160 3641 213 3679 usu
242 3624 326 3681 luisse
348 3622 510 3681 conllrmet‘l
553 3625 608 3681 Sed
630 3642 661 3681 ea
683 3625 748 3682 mibi
769 3625 836 3681 lesia
858 3642 891 3681 ac
912 3624 1060 3681 tolerabilia
1083 3624 1124 3681 vi·

102 3708 213 3773 dentur,
237 3726 297 3766 cum
320 3708 354 3765 ad
375 3710 425 3765 alia
441 3709 567 3783 respicio,
590 3710 701 3782 quaein
717 3719 835 3783 utroque
850 3709 896 3767 illo
911 3726 995 3783 opere
1008 3718 1123 3775 temere,

102 3792 307 3859 inconstanter,
337 3811 368 3851 ac
398 3794 457 3851 sine
485 3795 601 3851 authore
633 3794 688 3851 ullo
715 3795 817 3868 passim
839 3793 952 3859 ellutiit,
979 3810 1050 3867 quae
1072 3811 1123 3851 nos

102 3876 190 3943 brevi,
212 3879 235 3935 si
251 3879 380 3936 Dominus
402 3879 516 3943 dederit,
538 3879 566 3934 in
587 3878 676 3936 lucam
698 3888 877 3954 apertumque
891 3878 1070 3952 proferemus,
1093 3888 1125 3936 ut

102 3964 151 4037 qui
175 3963 381 4036 chronologicis
408 3965 435 4020 in
464 3962 547 4021 rebus
569 3963 654 4021 ileum
683 3964 758 4021 illum
786 3962 983 4038 propemodum
1012 3964 1123 4028 laciuut,

101 4048 172 4105 nibil
194 4048 284 4122 ipsum
306 4050 340 4105 ad
362 4066 420 4105 earn
442 4066 500 4105 ram
522 4058 632 4123 praeter
648 4049 746 4105 lasturn
762 4058 790 4105 at
804 4048 984 4122 arrogantiam
999 4047 1123 4105 attulisse

102 4130 219 4191 discant.
263 4134 405 4192 Postremo
433 4150 514 4209 quam
541 4135 569 4191 in
591 4134 753 4192 Andoclteni
780 4134 844 4191 anui
873 4134 977 4207 epocha
1004 4132 1123 4191 bominis
1207 4200 1221 4227 ὓ
