2586 4822
136 782 231 839 ιιιιιι
552 792 578 841 s.
597 772 748 842 ιιιιιιιιιιι

141 948 222 1006 etlam
251 948 366 1005 loannes
394 947 422 1004 iu
453 946 521 1003 uriae
550 946 673 1021 liphesu.
709 954 737 1002 et
766 946 881 1020 l‘lrilippi
910 945 982 1001 liliae
1011 942 1157 1018 llierapoli:

136 1033 306 1108 multosque,
328 1040 383 1090 tam
406 1048 439 1089 ex
459 1032 577 1105 antiquis
599 1046 680 1105 quam
702 1046 735 1087 en
758 1040 869 1088 nostrae
881 1030 1031 1104 memoriae
1045 1030 1096 1107 pila
1109 1028 1159 1087 lta-

138 1117 273 1181 minibus,
297 1118 390 1175 eadem
413 1132 611 1192 saepenumero
631 1116 752 1190 gessisse
772 1118 965 1190 comperimus.
1011 1114 1042 1172 id
1062 1124 1157 1177 anun.

140 1203 215 1280 quod
236 1203 328 1260 dicere
350 1204 491 1279 proposui,
514 1201 669 1258 lmiusmorli
691 1210 744 1257 est.

227 1290 278 1346 25.
323 1288 403 1344 “lluo
430 1286 540 1362 quidam
563 1286 694 1350 mendici,
723 1302 786 1342 oum
809 1285 989 1361 Epiphaniam
1011 1286 1160 1343 vesicam

140 1372 341 1437 observassent.
364 1381 396 1429 ut
418 1371 479 1446 plus
501 1372 632 1444 pecuniae
653 1368 688 1426 ab
711 1387 744 1428 eo
759 1379 948 1445 emungerent,
971 1371 1043 1427 alter
1056 1370 1160 1446 quidam

138 1474 246 1523 uorum,
270 1472 355 1532 super
375 1458 464 1514 sotim
486 1464 625 1521 ostensus,
648 1465 756 1513 mortuo
779 1455 873 1514 similis
896 1457 992 1522 iaeuit3
1017 1456 1160 1513 alternare

141 1559 229 1619 prope
251 1552 326 1599 stans
344 1541 478 1616 plorabat,
501 1541 581 1597 simul
595 1541 694 1597 sodalis
709 1542 752 1597 sui
769 1550 883 1599 mortem
899 1540 1062 1605 lamentans,
1085 1538 1160 1598 sind

142 1636 292 1702 egestatem
314 1644 390 1683 suam
413 1642 540 1701 querens,
564 1625 637 1702 quod
659 1626 734 1683 illum
756 1626 873 1701 sepelire
894 1642 949 1683 non
965 1637 1072 1701 posset.
1101 1624 1158 1701 epta

141 1714 259 1791 plrauius
275 1728 348 1778 vero,
373 1713 471 1770 iacenti
486 1713 608 1786 requiem
623 1721 795 1785 apprecatus.
813 1728 843 1768 ea
860 1728 930 1787 qnae
945 1712 979 1767 ad
994 1711 1159 1787 sepultam

142 1798 296 1856 necessaria
325 1808 403 1855 erant
424 1797 586 1854 mendicanti
609 1798 732 1861 amalarii,
762 1796 892 1870 neptique
915 1797 996 1853 dixit:
1019 1798 1098 1854 'Cura
1118 1810 1161 1853 se*

142 1884 280 1960 pultumm
308 1892 336 1940 et
364 1883 472 1957 plorare
494 1883 597 1947 desine,
621 1882 674 1947 illi:
704 1882 886 1955 nequeenim
911 1882 937 1937 in
959 1883 1099 1956 praesenti
1119 1888 1160 1939 tr*

143 1977 254 2043 surget:
283 1968 357 2044 quod
385 1985 450 2025 aero
479 1964 575 2024 accidit
603 1966 756 2024 inevitabile
781 1982 811 2023 ac
833 1982 947 2041 prorsus
969 1967 1159 2030 neeessariam

143 2053 171 2110 id
193 2053 255 2110 lorti
278 2054 368 2110 animo
390 2054 530 2109 terendum
553 2062 604 2108 est.
645 2052 678 2109 llt
700 2051 868 2127 Epiphanius
890 2052 1000 2125 quidem
1023 2053 1068 2109 iris
1089 2051 1160 2109 didit

144 2137 286 2196 abscessit.
317 2139 383 2193 Cum
406 2146 497 2194 autern
519 2153 599 2193 nemo
621 2136 673 2192 iam
696 2138 724 2192 in
746 2144 895 2211 conspeetu
918 2146 1002 2201 esset,
1027 2137 1160 2194 mendicat

145 2230 221 2280 stans
249 2223 382 2279 iacentem
411 2220 480 2296 pede
509 2222 618 2296 pulsare
646 2223 753 2296 coepit,
784 2220 895 2279 laudans
923 2222 997 2295 quod
1027 2230 1160 2280 mortu!

47 2306 51 2313 '
144 2307 255 2382 egregie
276 2307 445 2365 simulasset:
469 2316 505 2373 et,
529 2307 627 2381 Surge,
650 2307 754 2381 inquit3
778 2324 810 2363 es
831 2307 924 2364 lalrore
947 2316 996 2363 tuo
1021 2307 1162 2365 huncine*

144 2402 204 2460 tum
226 2393 408 2466 transigemus
429 2392 510 2449 diem.
541 2392 594 2449 Sed
617 2408 677 2449 curn
694 2393 739 2449 ille
754 2401 889 2466 perpetuo
905 2396 1015 2456 iaceret,
1041 2402 1069 2450 et
1083 2392 1161 2451 nildo'

143 2478 207 2554 plus
230 2494 280 2534 uec
301 2478 461 2535 clamantem
484 2478 604 2543 audiret,
634 2494 684 2534 nee
711 2479 776 2534 totis
797 2477 899 2533 nimbus
921 2488 1086 2536 monentem·
1103 2490 1180 2549 affl,

145 2564 223 2629 tinen
252 2564 360 2620 concito
389 2581 470 2620 ctrrsu
499 2564 657 2636 episcopum
685 2573 842 2626 assecutus,
872 2562 994 2619 fraudem
1026 2563 1162 2621 ambone!

146 2649 302 2714 eoulessus,
332 2649 497 2723 ploransque
520 2660 546 2705 et
569 2648 659 2704 crines
685 2648 811 2705 vellicans
844 2647 939 2704 orabat
967 2657 998 2704 ut
1021 2650 1115 2705 socius
1134 2646 1164 2705 ad

145 2735 226 2790 vitam
249 2743 430 2791 revocaretur.
462 2734 560 2791 Verum
582 2732 749 2807 Epiphanius
773 2733 909 2789 hominem
932 2732 1051 2798 dimisit,
1074 2733 1164 2791 llud*

147 2829 191 2875 tus
220 2829 251 2875 ut
279 2819 305 2875 id
335 2820 407 2893 quod
430 2819 563 2876 acciderat
585 2834 674 2893 aequo
696 2818 786 2874 animo
809 2818 907 2874 lenset:
937 2835 991 2874 non
1016 2819 1090 2875 euim
1111 2816 1165 2875 dia·

147 2904 252 2961 solvere
275 2904 359 2960 soluit
381 2904 452 2961 dens
474 2904 501 2960 id
523 2904 596 2999 quod
619 2904 718 2960 uerum
740 2903 841 2968 luerat,
868 2903 1036 2977 persuadere
1058 2904 1165 2960 omnint

147 2988 240 3045 voleus
263 2988 428 3052 laominilrus
452 3007 499 3045 eos
522 2990 568 3062 qui
585 3006 615 3045 se
631 2989 699 3045 tales
714 2987 846 3062 praebent
861 3004 925 3061 erga
941 2987 1080 3045 lamulos
1074 2989 1165 3083 ipsius,

146 3073 199 3147 ipsi
220 3072 267 3145 qui
289 3073 378 3129 omnia
399 3072 474 3130 audit
495 3090 526 3130 ae
549 3074 620 3129 videt
642 3073 761 3130 fraudem
788 3074 920 3129 struere'ss

233 3158 283 3215 26.
328 3158 491 3231 Prophetiae
514 3175 596 3232 porro
619 3158 748 3215 donum
742 3175 768 3214 ιι
792 3158 957 3233 Epiphanio
983 3172 1040 3231 quo
1062 3156 1166 3215 meana

148 3250 176 3298 et
197 3256 293 3298 arcuna
321 3242 462 3317 pervidere
484 3243 609 3300 divinitus
633 3243 656 3298 ei
679 3260 762 3318 saepe
783 3242 911 3303 dabatur.
941 3243 1043 3299 inducat
1065 3243 1110 3300 illa
1131 3240 1169 3299 si*

148 3324 285 3401 gnideatio
307 3342 386 3384 verae
407 3329 502 3384 mortis
525 3329 599 3393 cius,
621 3329 668 3402 qui
690 3344 749 3384 eam
771 3327 898 3384 simulare
920 3327 1051 3385 duntaxat
1072 3328 1169 3385 ereda·-

148 3410 229 3468 batur
251 3426 266 3467 a
288 3413 372 3478 socio,
396 3429 457 3469 uum
480 3415 504 3470 ei
527 3414 606 3469 dixit:
635 3413 749 3487 “Neque
770 3414 841 3469 euim
865 3412 890 3468 in
913 3414 1053 3486 praesenti
1075 3428 1169 3471 mur*

148 3497 221 3571 pet’.
251 3497 323 3554 ldem
347 3497 448 3553 donum
470 3500 557 3572 primo
580 3516 612 3554 cx
629 3498 766 3554 communi
782 3500 859 3561 loma,
882 3498 981 3555 deinde
996 3499 1108 3573 propria
1123 3514 1169 3555 et*

148 3581 280 3656 parientia
302 3593 471 3656 agnoverunt
492 3584 546 3640 duo
570 3583 673 3644 illido
695 3582 795 3659 quibus
817 3583 933 3640 narrem
955 3598 1039 3640 senex
1062 3583 1168 3658 quidara

149 3668 176 3722 in
203 3666 270 3725 Vitis
292 3667 418 3732 Putrem,
441 3667 532 3725 libello
547 3668 600 3733 xv,
623 3685 698 3724 ιιιιιιι.
715 3670 771 3733 88
800 3666 952 3747 interprete
972 3667 1100 3743 Pelagio.
1129 3668 1169 3725 lais

149 3751 255 3808 verbis:
279 3753 360 3809 “lluo
382 3752 488 3826 quidam
512 3762 589 3809 erunt
612 3753 764 3810 saeculares
780 3752 914 3826 religiosi:
938 3762 965 3809 et
980 3752 1169 3828 colloquentes

149 3852 252 3902 seeum,
275 3838 378 3912 egressi
400 3847 474 3902 sunt,
498 3822 526 3895 e't
547 3838 608 3894 laeti
632 3847 695 3894 saint
717 3839 851 3894 monaehi.
882 3837 1099 3897 aemulationem
1122 3854 1171 3895 au·

148 3930 204 3979 tom
232 3922 365 3980 hebentes
392 3924 465 3980 vocis
488 3922 670 3997 euangelicos
700 3924 748 3980 aed
769 3940 824 3979 nou
848 3924 997 3979 seeundum
1019 3925 1170 3988 scientiam,

149 4016 335 4067 castraverunt
357 4024 388 4065 se
410 4010 487 4082 quasi
508 4017 623 4084 propter
644 4025 727 4082 regna
750 4007 899 4083 coelorum.
937 4009 1059 4066 Audiens
1081 4020 1171 4067 autem

148 4094 370 4171 mhiepiaeopus
397 4092 638 4153 excommunicavit
660 4110 718 4151 eos.
759 4093 799 4151 lili
821 4103 927 4157 auten,
957 4104 1089 4167 putantes
1110 4096 1173 4173 qaia
