2586 4822
425 816 714 870 nnininraastones.
1020 806 1080 870 115

58 974 164 1033 mensis
185 973 356 1031 maian
380 974 398 1030 b
420 972 507 1030 1111111
529 972 741 1039 constituebant,
765 993 796 1033 11
817 976 887 1032 dnos
904 994 1085 1035 111111111-

58 1074 159 1117 nunes
180 1056 327 1124 habebant.
351 1072 421 1132 quoa
443 1060 541 1134 reliqui
562 1059 782 1126 Embolismicos,
809 1061 935 1118 nimirum
958 1062 1040 1136 Cyclo
1063 1065 1083 1124 8

59 1160 92 1200 ac
119 1144 166 1201 19.
196 1145 332 1201 Adversus
355 1160 434 1219 quos,
459 1161 608 1217 eorumque
632 1145 789 1218 signiferum
806 1147 970 1204 Victorinum
987 1149 1083 1221 dispu-

60 1238 101 1286 tat
125 1229 195 1285 beda
217 1246 272 1285 non
295 1246 350 1284 uno
373 1229 400 1283 in
424 1228 493 1286 loco.
539 1233 627 1303 Atque
653 1232 704 1286 etsi
727 1233 801 1287 Luna
829 1237 862 1290 14
887 1248 1082 1306 nonnunquam

59 1315 107 1371 isti
130 1314 233 1370 Pasebn
248 1314 387 1371 bominico
411 1314 454 1370 die
477 1314 656 1378 celebrarent,
680 1333 817 1389 nunquam
837 1326 926 1374 tamen
949 1328 1012 1374 ante
1027 1323 1083 1374 Ae·

57 1400 239 1472 quinoetium,
264 1400 336 1474 quod
353 1399 443 1455 ludaei
464 1400 631 1465 lectitabant,
655 1409 686 1455 ut
707 1401 769 1456 alibi
791 1402 904 1458 dicetur.
934 1404 1000 1476 [Sed
1016 1404 1133 1460 innectat

58 1501 132 1560 quae
154 1485 189 1540 dc
210 1485 312 1540 Latinis
335 1484 425 1541 obiter
446 1486 541 1541 iniecta
565 1495 644 1550 sunt,
670 1485 794 1541 nimirum
817 1504 864 1543 eos
887 1505 1081 1561 nonnunquam

58 1569 166 1626 Pascha
188 1569 290 1625 decima
313 1580 408 1644 quarta
432 1571 504 1626 Luna
527 1570 681 1642 peregisse,
709 1572 833 1629 cantione
855 1589 886 1629 ae
909 1573 1083 1629 distinctione

57 1671 132 1729 opus
162 1653 272 1711 babent.
318 1654 421 1728 Duplex
452 1656 523 1710 enim
544 1655 715 1720 Latinorum,
745 1656 786 1712 vel
808 1674 904 1714 eorum
926 1667 999 1714 secta
1022 1658 1081 1724 luit,

58 1739 109 1814 qni
130 1756 193 1794 cum
208 1739 348 1797 Dominico
371 1739 414 1796 die
430 1741 532 1795 Pascha
548 1741 723 1804 conticerent,
747 1760 760 1795 a
778 1741 922 1798 Catholicis
943 1742 1083 1800 nibilomi-

58 1840 114 1880 nus
137 1824 336 1898 discrepabant.
369 1826 433 1881 ttam
457 1825 499 1881 alii
528 1829 562 1882 tt
587 1826 669 1885 Luna.
694 1826 716 1880 si
738 1826 765 1881 in
788 1827 955 1883 homininum
978 1829 1083 1884 incide·

58 1919 113 1975 ret,
136 1909 287 1966 celebritati
310 1910 449 1967 vacabant.
479 1910 529 1965 Alii
552 1910 658 1966 nonnisi
682 1911 783 1966 decima
807 1921 880 1968 sexta
903 1913 987 1976 Luna,
1012 1930 1082 1985 qnos

58 1995 174 2069 proprie
195 1994 305 2052 Latinos
326 1996 397 2051 lleda
420 2005 448 2051 et
470 1995 604 2051 Victorius
626 1995 771 2070 appellant.
816 1999 936 2066 Quorum
960 1997 1083 2053 doctrina

58 2081 180 2136 breviter
201 2080 255 2137 boc
277 2081 337 2137 loco
360 2081 518 2137 declaranda
541 2080 656 2136 videtur.
687 2082 842 2138 Latinorum
865 2082 949 2156 igitur
970 2083 1039 2138 ritus
1055 2084 1082 2138 11

58 2163 223 2239 quibusdam
247 2183 308 2222 cum
323 2167 509 2222 Alexandrinis
525 2165 710 2230 conveniebat,
734 2168 761 2223 11
778 2168 835 2224 aliis
852 2185 914 2224 vero
930 2166 1080 2224 dillerebat.

59 2250 246 2324 congruebat,
270 2260 404 2324 quatenus
427 2269 481 2306 non
504 2251 556 2307 alio
580 2252 622 2306 die
645 2269 724 2324 qnam
747 2252 886 2309 1111111111
909 2253 1012 2308 Pascha
1034 2270 1083 2310 ce-

59 2334 212 2399 lebrabant,
236 2344 293 2391 tum
317 2336 389 2408 quod
412 2353 550 2408 nunquam
573 2338 646 2391 Luna
668 2341 712 2401 14,
736 2338 907 2410 quantumuis
926 2337 1081 2394 bominicus

59 2420 85 2475 in
109 2436 171 2476 eam
193 2420 254 2476 dies·
274 2421 434 2476 incurreret.
466 2421 610 2477 llillerebat
633 2439 696 2477 vero
720 2424 844 2495 primum,
869 2424 995 2496 quoniam
1019 2424 1082 2478 illu-

58 2522 120 2561 run
143 2504 288 2562 Pascbales
312 2506 472 2561 Neomeniae
502 2523 532 2561 ac
565 2506 683 2562 decimae
712 2517 823 2579 quartae
851 2507 980 2563 Nicaenas
1002 2518 1082 2564 ante-

58 2589 213 2655 nertebant,
236 2591 263 2646 11
287 2590 373 2664 Cyclis
397 2591 520 2656 duobus;
550 2608 647 2664 nempe
675 2594 803 2656 19118,
827 2593 872 2666 qui
895 2592 1081 2648 Alexandrinis

58 2675 231 2732 embolimaei
254 2675 373 2739 11111111,
398 2677 497 2732 latinis
520 2692 687 2732 communes.
718 2675 930 2749 Respondebam
945 2677 1016 2733 enim
1032 2694 1081 2751 cy·

58 2760 107 2817 clis
130 2761 288 2816 Latinorum
318 2764 396 2817 1611
414 2765 441 2816 5.
487 2761 641 2816 Latinorum
672 2761 751 2816 Nisan
782 2761 862 2834 Cyclo
889 2761 1006 2817 Nicaeno
1035 2767 1080 2827 19,

59 2847 158 2920 quinto
182 2844 267 2900 llartii
296 2847 397 2902 mensis
425 2846 529 2901 initium
561 2845 669 2901 babuit:
701 2846 780 2920 Cyclo
803 2856 893 2901 autem
917 2857 1011 2902 octavo
1034 2846 1082 2902 lli-

57 2948 155 2995 eaeno,
179 2931 335 2986 Latinorum
359 2932 469 3003 quinto,
493 2931 573 2985 Nisan
597 2931 682 2986 llartii
707 2934 723 2988 6
748 2930 930 3003 congruebat,
954 2932 1001 3005 qui
1024 2932 1080 2987 dies

58 3026 134 3072 extra
150 3014 308 3071 Pascbalem
323 3015 564 3072 Alexandrinorum
580 3016 723 3071 tenninum
739 3017 902 3072 consistunt.
932 3016 1081 3089 Propterea

58 3101 85 3157 11
108 3100 187 3156 annis
210 3099 262 3156 illis
285 3100 371 3156 latini
399 3118 453 3156 uno
480 3117 573 3156 niense
596 3101 697 3157 Pascha
720 3101 865 3157 Nicaenum
889 3101 1080 3175 anticipabant.

58 3186 146 3260 igitur
167 3184 330 3241 Neomeniae
354 3186 495 3241 Pascbales
512 3186 667 3241 Latinorum
690 3204 705 3241 a
730 3190 756 3243 5.
775 3187 859 3242 Martii
881 3187 913 3242 ad
939 3189 965 3244 2.
982 3186 1081 3260 Aprilis

57 3287 157 3327 norem
187 3279 214 3326 et
243 3271 335 3343 viginti
358 3271 453 3326 diebus
477 3270 700 3327 extendebantur.
747 3271 869 3327 decimae
892 3281 1004 3346 quartae
1027 3272 1132 3327 tna-ut

55 3355 203 3412 schalesa
230 3357 266 3412 18
283 3355 369 3410 llartii
391 3356 434 3410 die
456 3365 569 3429 coeptae
592 3357 624 3410 ad
653 3360 686 3413 15
703 3357 801 3429 Aprilis
831 3357 975 3429 perductae
1005 3366 1079 3421 sunt,

57 3441 157 3497 diebus
185 3440 313 3504 totidem,
344 3441 396 3496 boe
425 3450 466 3496 est
490 3443 539 3496 211.
584 3441 737 3498 [1111111111
760 3442 877 3515 denique
899 3442 1080 3498 Pascbalesa

59 3528 96 3583 21
115 3524 203 3580 llartii
231 3525 263 3579 ad
287 3527 326 3582 24
342 3525 455 3598 Aprilis,
485 3525 580 3580 diebus
610 3530 648 3584 35
678 3528 866 3582 decurrerunt.
911 3531 999 3601 Atque
1028 3529 1081 3583 boc

56 3609 191 3683 imprimis
213 3610 299 3665 Latini
322 3609 459 3674 cavebant,
485 3628 517 3665 11
540 3619 602 3666 1111
618 3613 719 3666 Lunam
741 3615 786 3676 16,
810 3612 926 3678 Pascba3
950 3620 1012 3668 ante
1034 3615 1078 3677 14,

56 3695 217 3751 Passionem
240 3694 404 3750 Dominicam
427 3696 585 3750 indicerent.
617 3697 705 3764 Quare
728 3697 750 3752 si
778 3701 811 3754 14
837 3698 910 3753 buna
933 3696 959 3752 in
975 3696 1080 3752 Sabba-

56 3790 116 3837 tum
140 3778 260 3843 caderet,
284 3797 338 3836 nnn
361 3780 500 3854 postridie,
524 3782 597 3835 Luna
619 3785 664 3846 15,
688 3781 735 3837 sed
759 3791 852 3836 octavo
869 3782 989 3855 postilio
1004 3782 1079 3837 Luna

56 3867 98 3922 22
123 3863 307 3921 celebrabant.
338 3865 411 3934 Quae
427 3866 515 3921 omnia
532 3883 563 3920 ex
580 3866 688 3922 Victorii
703 3867 821 3939 Prologo
837 3876 979 3923 constant:
1002 3867 1079 3922 cuius

56 3950 210 4023 fragmenta
232 3951 303 4023 apud
327 3951 423 4006 Bedam
446 3959 551 4014 extant,
575 3952 632 4006 Lib.
657 3951 689 4007 de
712 3950 806 4024 Temp.
830 3960 880 4007 rat.
904 3969 928 4007 1.
946 3954 996 4008 49.
1034 3952 1080 4006 ln·

55 4044 168 4108 tegrum
184 4044 276 4090 autem
291 4052 351 4091 cnm
368 4035 487 4091 eiusdem
505 4036 591 4091 Fastis
604 4036 687 4092 habet
703 4037 900 4110 blanuscriptus
916 4038 1009 4099 codex,
1033 4034 1080 4107 qui

55 4130 99 4175 est
123 4136 209 4194 penes
225 4120 256 4177 ll.
272 4120 303 4176 P.
317 4121 499 4179 sirmondum.
530 4121 584 4177 Sed
607 4131 649 4177 est
671 4121 720 4178 alia
743 4131 885 4195 praeterea
906 4122 1004 4185 cautio,
1028 4136 1080 4176 cu-
