2586 4822
165 744 227 807 atto
250 714 257 732 ⁶
617 752 730 802 runaut

5 898 10 906 ⁸
111 925 157 977 3³9
251 913 330 972 1092
345 910 374 969 b.
405 905 454 967 nal
477 898 542 967 ὅσοι
564 902 618 967 τὸν
639 899 1026 988 σαλλόνοῖναστρέφοντες]
1054 909 1173 979 Quodab

162 999 301 1072 Aegyptiis
328 998 444 1053 manavit
471 1006 498 1053 et
521 996 630 1052 Osiridis
658 998 749 1052 saeris.
795 995 927 1051 [liodorus
950 995 1010 1052 l.l.
1056 996 1111 1051 Sed
1131 1012 1174 1069 pro

163 1077 386 1160 φαλαρίζοοσαι
410 1083 478 1138 lorte
502 1076 700 1160 φαλλίζοοσαι
718 1081 926 1154 reponendum·
944 1079 1011 1136 Vide
1027 1081 1066 1136 sis
1082 1080 1173 1136 Euseb.

162 1168 216 1225 l.2
241 1168 273 1224 du
288 1169 413 1241 Praepar.
437 1167 483 1240 qui
506 1184 565 1222 oum
589 1167 622 1222 de
644 1167 790 1242 plerisque,
813 1183 881 1241 quae
905 1166 958 1221 hoc
982 1166 1044 1222 loeo
1062 1183 1175 1222 eorume-

163 1264 311 1318 morantur,
336 1252 532 1325 superstitiosis
550 1262 669 1307 vetorum
687 1251 781 1307 ritibus
797 1251 854 1324 agit¹
867 1250 1017 1315 uberrime,
1041 1260 1100 1306 tum
1114 1268 1175 1325 quas

163 1339 285 1412 plerique
307 1337 391 1393 latere
414 1336 463 1392 sub
487 1335 537 1392 illis
560 1336 700 1408 allegorias
723 1335 921 1400 asseverabant,
945 1338 1056 1393 erudite
1076 1336 1173 1391 refellit.

164 1424 237 1492 Quae
260 1424 322 1478 duni
344 1423 414 1477 forte
437 1439 582 1494 percurro,
612 1422 688 1477 loeus
710 1422 817 1493 quidam
840 1420 933 1476 incidit
955 1422 1126 1484 eouiectura,
1147 1428 1173 1474 ut

163 1509 268 1582 opinor,
291 1516 384 1562 nostra
407 1506 459 1562 luci
481 1523 512 1561 ao
534 1524 611 1562 verae
635 1507 783 1562 sententiae
806 1506 959 1561 restitutus.
998 1507 1024 1562 ls
1037 1516 1079 1563 est
1093 1524 1119 1579 p.
1129 1507 1170 1569 53.

163 1592 209 1648 ubi
238 1593 272 1647 ita
302 1592 438 1665 loquitur:
467 1583 508 1658 ὡς
537 1582 599 1666 ἄρα
628 1586 677 1646 καὶ
699 1583 718 1666 ἡ
741 1584 909 1665 θαυμαστὴ
933 1585 985 1646 καὶ
1009 1584 1173 1667 ἀπόρρητος

163 1672 344 1756 φυσιολογία
365 1679 419 1752 τῆς
436 1668 611 1751 Ἑλληνικῆς
632 1671 794 1752 θεολογίας
815 1674 903 1730 θεῖον
915 1669 975 1748 μὲν
991 1667 1085 1745 οὐδὲν,
1106 1665 1174 1729 οὐδέ

163 1782 192 1819 τι
213 1756 300 1839 μέγα,
324 1756 374 1817 καὶ
395 1755 571 1839 θεοπρεπὲς,
595 1756 644 1816 καὶ
667 1764 721 1836 τῆς
735 1751 930 1826 ἀναστάσεως
944 1752 1036 1828 ἄξιον
1049 1753 1171 1834 ἐπήγετο.

164 1847 259 1904 Scribo
282 1842 331 1902 καὶ
354 1849 408 1922 τῆς
429 1838 603 1913 ἀνατάσεως
618 1838 712 1916 ἄξιον,
735 1847 787 1901 hoe
803 1854 844 1901 est
859 1845 1045 1918 promissione
1060 1847 1170 1919 dignum,

164 1933 338 1989 translatione
367 1949 381 1987 a
410 1931 590 2003 praeconibus
612 1931 707 1995 dueta,
736 1939 782 1986 aut
803 1931 836 1985 iis
859 1929 1004 1994 omatibus,
1033 1932 1080 2002 qui
1101 1927 1173 1984 verba

162 2018 258 2073 laeturi
281 2017 349 2072 elata
371 2030 451 2070 uranu
474 2015 610 2070 silentium
633 2016 763 2069 indicunt.
794 2016 838 2070 Sic
860 2014 1014 2087 utythologi
1035 2015 1083 2070 isti
1098 2013 1174 2068 mutu

163 2110 190 2157 et
212 2100 349 2174 praeclara
371 2100 503 2154 minantes
526 2099 686 2171 ineptissimi
716 2108 795 2165 sunt,
825 2117 914 2172 neque
936 2099 1088 2172 quiequam
1107 2106 1173 2154 tanto

163 2185 272 2258 dignum
296 2184 371 2239 hiatu
393 2183 572 2256 promissores
594 2183 638 2238 isti
660 2184 759 2239 lerunt.

246 2263 297 2323 καὶ
318 2260 373 2341 τὴν
394 2262 581 2346 κρεανομίαν
600 2269 758 2340 μοοῦντες]
789 2269 819 2324 In
841 2269 925 2325 saeris
947 2277 977 2324 et
1000 2269 1085 2324 initiis
1101 2267 1173 2323 Cere-

163 2355 200 2410 ris
222 2353 306 2411 tnulta
329 2354 409 2409 eertis
431 2352 528 2409 ritibus
551 2352 703 2409 adumbrari
729 2353 867 2426 solebant,
898 2370 968 2429 quae
992 2354 1025 2408 ad
1050 2353 1175 2409 Bnecbum

162 2438 344 2513 pertinebant.
389 2437 544 2494 Cuiusmodi
572 2447 630 2495 erat
656 2439 727 2494 illius
754 2438 872 2494 laniatio.
918 2438 955 2495 lle
980 2456 1036 2512 qua
1060 2439 1176 2495 Clemens

163 2525 237 2580 Alex.
260 2524 315 2598 agit
337 2523 363 2578 in
386 2524 522 2596 Protrept.

250 2600 403 2678 εὐάζοντες
429 2601 464 2664 τὸ
495 2600 553 2664 odd
579 2601 649 2680 odd]
694 2608 903 2664 declamationes
935 2609 1004 2664 istae
1033 2610 1062 2664 in
1085 2608 1177 2665 laetitia

164 2703 192 2752 et
215 2694 347 2751 hilaritate
370 2694 527 2766 frequenter
549 2702 703 2767 usurpatae.
749 2694 823 2749 Unde
845 2692 938 2749 Oratio
964 2694 1095 2749 deducta.
1136 2692 1179 2748 Xi-

164 2779 282 2853 philinus
304 2779 331 2834 in
354 2778 460 2834 Nerone
482 2777 576 2833 scribit
597 2778 697 2834 Itomae
714 2778 911 2851 Olympionicae
927 2777 1030 2834 Neroni
1051 2779 1178 2836 aectina-

165 2875 222 2921 tum
244 2881 319 2920 esse:
340 2855 559 2936 Ὀλυμπιονίκα
581 2854 649 2931 odd,
671 2859 850 2918 Ποθεονίκα
872 2853 939 2919 oriri.

248 2940 318 3005 Edu
337 2941 396 3024 γὰρ
419 2940 499 3003 κατὰ
519 2941 575 3021 τὴν
595 2939 703 3022 ψιλήν]
735 2948 797 3004 blihi
819 2947 891 3003 nulla
907 2965 957 3002 vos
972 2949 1098 3004 occurrit
1111 2948 1179 3003 eius

164 3034 251 3099 nrodi,
282 3051 350 3107 quae
378 3033 517 3088 mulierem
540 3031 671 3088 llebraice
694 3033 834 3105 significet.
878 3037 912 3088 dt
933 3043 1025 3093 &taut
1048 3034 1121 3088 idem
1141 3041 1179 3087 est

163 3136 195 3174 ae
216 3136 344 3191 serpens,
368 3117 441 3192 quod
465 3117 624 3173 vocabulum
646 3135 696 3191 per
716 3117 901 3173 donsissimam
924 3118 1121 3190 aspirationem
1141 3116 1178 3171 el·

163 3204 258 3266 lertur,
282 3202 408 3256 nimirum
431 3218 463 3267 tt,
487 3211 517 3258 ut
539 3212 567 3258 et
581 3202 652 3258 Euae
675 3219 772 3258 nomen
797 3216 870 3261 mart.
901 3203 1001 3258 Verum
1018 3204 1086 3258 lxx
1100 3192 1179 3257 Εὔαν

165 3286 239 3341 tenui
261 3284 358 3358 spiritu
379 3286 564 3343 reddiderunt.
610 3288 668 3355 Quo
691 3288 742 3341 nisi
764 3287 842 3343 lallor
864 3287 981 3360 respexit
1006 3288 1177 3361 Epiphanius.

91 3374 95 3381 ’
163 3370 238 3426 L'ude
261 3378 289 3424 et
311 3362 389 3424 κατὰ
410 3363 467 3443 τὴν
487 3363 582 3445 ψιλὴν
605 3362 761 3440 ἀπόδοσιν,
783 3373 878 3437 idest,
902 3373 981 3427 tenui
997 3375 1104 3445 spiritu
1118 3371 1177 3426 red·

162 3457 250 3511 ditem
272 3453 345 3518 dixit,
369 3471 466 3527 nempe
488 3455 521 3510 ad
537 3456 610 3513 Lxx.
642 3457 784 3513 Saniorum
807 3448 953 3512 ἀπόδοσιν
975 3466 1005 3512 et
1030 3457 1179 3513 translatio-

163 3557 225 3596 uem
248 3539 380 3596 alludens.
421 3538 551 3613 Egregius
574 3551 616 3597 est
638 3552 727 3598 nartem
751 3543 794 3598 liic
817 3542 957 3614 Epipltanii
979 3542 1060 3599 loeus
1082 3541 1112 3597 ad
1133 3557 1179 3595 ea·

163 3641 223 3678 rum
247 3642 342 3680 vocum
365 3623 547 3697 explicandam
571 3627 712 3699 originem,
735 3645 804 3700 quae
827 3629 853 3682 in
878 3627 972 3682 Bneohi
995 3628 1082 3683 sacris
1100 3642 1178 3682 usur·

163 3706 311 3778 pabantur:
342 3708 433 3773 Euan,
462 3710 552 3773 Euoe,
582 3711 675 3785 Eubye
698 3722 749 3769 etc.
795 3712 913 3780 Quarum
941 3712 1179 3784 interpretationes

163 3807 228 3845 sune
251 3791 376 3848 ridiculas
401 3794 489 3850 Critiei
512 3811 543 3849 ae
564 3795 712 3870 ilythologi
738 3796 827 3852 solent
849 3795 954 3852 afferre.
1001 3797 1070 3853 Vera
1092 3804 1178 3852 nutem

162 3874 230 3930 liaeo
253 3884 295 3929 est
316 3878 395 3942 ratio,
419 3895 499 3950 quarn
521 3879 565 3934 hie
587 3891 682 3937 noster
703 3882 800 3946 innuit,
823 3899 838 3937 a
860 3881 1047 3954 serpentibus,
1071 3882 1117 3956 qui
1131 3879 1179 3935 illis

163 3959 191 4013 in
220 3959 302 4014 sacris
331 3962 505 4028 colebantur,
536 3981 567 4019 ea
596 3966 712 4021 derivata
734 3966 872 4023 voeabula.
917 3967 995 4035 Quod
1020 3967 1129 4040 quidem
1149 3980 1180 4019 en

162 4041 281 4100 Eusebio
305 4048 457 4113 tratrstulit,
480 4049 526 4122 qui
549 4050 582 4106 de
604 4050 730 4125 Praepar.
753 4051 809 4111 t2
831 4070 857 4126 p.
876 4054 930 4111 39:
964 4044 1079 4110 αὐτίκα
1098 4052 1179 4128 γοῦν,
