2586 4822
336 844 376 895 nr
393 844 543 896 sensuris
562 845 599 897 er
618 845 815 899 ronnrnisus
1044 830 1082 897 st

62 1001 169 1057 autbor
191 1010 234 1057 est
257 999 395 1056 (lirulrius.
424 999 463 1056 ex
484 1003 514 1056 A.
531 999 562 1056 ll.
585 1000 862 1058 Manlianum.
885 1003 948 1059 anni
971 1003 1030 1062 283
1054 1002 1134 1062 adsit

64 1087 97 1142 Nl
122 1084 181 1140 lial.
206 1085 281 1150 Naii,
305 1085 361 1141 sive
383 1083 475 1140 Palilia
496 1085 558 1141 anui
581 1087 729 1160 sequentis,
752 1104 809 1159 quo
831 1087 920 1160 eoepit
941 1087 1087 1145 Diocletia-

64 1188 129 1233 nus,
152 1187 263 1226 menses
285 1179 350 1227 sunt
370 1172 398 1233 5,
420 1169 478 1226 dies
501 1170 557 1226 lere
574 1173 622 1228 20.
653 1171 776 1227 Totidem
799 1171 859 1228 (lari
881 1189 911 1228 ae
933 1172 1087 1229 Numeriani

66 1255 184 1327 imperio
208 1255 340 1311 eximendi
362 1265 435 1311 sunt.
481 1256 519 1312 lta
542 1255 626 1311 Carus
648 1257 816 1328 paucissimis
838 1256 978 1313 mensibus
1000 1258 1087 1330 impe·

65 1340 144 1397 sarit.
189 1340 272 1412 Atqui
300 1340 340 1395 vel
362 1339 541 1395 Numerianus
569 1341 627 1412 ipse
650 1349 712 1414 post
735 1341 794 1397 Gari
816 1358 910 1398 necem
933 1342 1086 1417 aliquandiu

67 1442 131 1479 eum
153 1423 253 1480 Carino
277 1424 360 1480 l'rntre
381 1424 523 1497 imperium
546 1424 648 1489 tenurit,
677 1434 708 1482 ut
728 1426 810 1498 paulo
832 1436 894 1499 post
915 1427 1086 1484 ostendetur.

67 1510 187 1565 Necesse
208 1517 252 1565 eat
272 1508 356 1581 igitur
378 1509 482 1564 initium
506 1509 565 1565 Cari
587 1517 707 1567 statuere
729 1527 800 1566 anuo
816 1509 915 1567 Christi
932 1513 1002 1570 282.
1026 1511 1086 1581 Quo

66 1603 193 1658 mortuo,
222 1594 355 1651 incertum
384 1611 438 1668 quo
467 1610 574 1658 mense,
604 1611 675 1650 anno
704 1596 812 1668 quidem
835 1597 895 1653 283
918 1613 950 1652 ae
971 1597 1088 1655 fortasse

65 1681 119 1735 iam
144 1678 305 1743 inclinante,
328 1679 507 1734 Numerianus
529 1687 557 1734 et
578 1679 691 1735 &rinus
714 1679 816 1755 aliquot
837 1681 977 1737 mensibus
998 1682 1087 1755 impe-

66 1766 109 1820 rio
120 1764 307 1836 praetuerunt.
338 1764 365 1819 ln
382 1764 440 1820 Vel.
457 1765 581 1837 luseript.
599 1764 747 1821 Tribunitie
760 1774 881 1838 potestas
893 1765 935 1822 bis
952 1766 1019 1823 Caro
1035 1767 1088 1822 tri·

68 1850 173 1912 buitur,
190 1849 261 1922 apud
277 1849 422 1905 Gruterum
439 1866 465 1922 p.
479 1866 595 1905 ccnxxvn
611 1858 638 1906 et
654 1867 788 1906 euentum.
819 1851 883 1906 Nam
899 1860 955 1907 tres
969 1851 1087 1924 priorem
1112 1848 1115 1855 '

68 1933 144 1989 Trib.
159 1934 221 1990 Pet.
245 1934 372 1990 indicant.
402 1951 458 1990 mr.
475 1952 550 1990 cans.
566 1952 627 1990 aus.
645 1950 722 1991 enno.
740 1952 791 1991 rio.
808 1954 865 1991 ran.
882 1953 992 1991 ruviano.
1009 1953 1086 1993 rona.

67 2036 134 2075 senx.
150 2036 193 2074 rn.
211 2036 270 2074 ror.
286 2037 312 2075 r.
329 2036 353 2075 r.
369 2036 479 2075 raneos.
501 2019 555 2075 Alia
572 2020 659 2076 eidem
675 2018 747 2075 trit.
765 2020 824 2076 Pol.
839 2022 855 2076 2
872 2029 989 2094 arrogat.
1013 2020 1089 2089 Quae
1212 2086 1220 2099 ,

66 2121 113 2160 res
137 2113 164 2160 et
183 2103 326 2159 Annalium
348 2103 530 2161 observationi
552 2103 712 2177 praeseribit
727 2113 754 2161 et
768 2106 951 2162 coniecturam
967 2115 1088 2163 nostram
1108 2102 1129 2135 ’-

65 2189 195 2253 affirmat,
218 2205 270 2261 qua
293 2181 403 2244 'tribum
428 2189 487 2245 Pol.
511 2189 569 2245 ttat.
591 2190 646 2246 lan.
670 2189 812 2263 repetitam
835 2190 970 2246 interilum
993 2200 1089 2247 osten·

67 2275 167 2330 dimus.
213 2272 307 2346 Neque
336 2274 406 2329 enim
435 2274 519 2330 Carus
547 2283 609 2330 ante
638 2274 779 2348 imperium
805 2274 876 2331 illam
900 2284 942 2330 est
963 2275 1088 2348 adeptus,

67 2375 132 2415 eum
158 2358 235 2431 prior
257 2357 329 2413 Trib.
346 2358 406 2415 Pot.
429 2367 460 2415 ut
482 2376 513 2415 er
535 2358 669 2432 lapidibus
692 2370 813 2423 constat,
842 2360 893 2415 iam
915 2364 1039 2432 Augusto
1061 2368 1089 2417 et

68 2443 230 2517 imperatori
260 2443 413 2516 eontigerit.
458 2444 491 2500 tt
519 2453 607 2499 tamen
631 2445 671 2499 vis
694 2454 737 2500 est
759 2454 789 2500 ut
811 2461 911 2500 annum
933 2445 1087 2501 accesserit.

69 2530 137 2593 imo,
160 2528 183 2585 si
206 2544 260 2600 qua
275 2527 343 2583 fides
358 2528 514 2593 Annalibus,
538 2528 716 2601 paucissimos
732 2545 840 2585 menses
856 2529 1003 2601 imperavit.
1034 2528 1089 2584 Su-

68 2623 162 2685 perest
176 2612 246 2668 alius
262 2612 359 2675 nodus,
376 2630 456 2687 quem
471 2612 599 2686 implicat,
616 2630 669 2670 non
686 2612 806 2669 dissoluit
816 2613 946 2686 Scaliger,
961 2612 1090 2669 Animad-

69 2716 141 2755 vers.
164 2697 265 2755 Euseb.
289 2699 322 2754 ad
344 2714 443 2753 anuum
467 2700 558 2757 2299.
596 2697 702 2754 Etenim
724 2697 901 2755 Numerianus
924 2697 1090 2771 paulopost

67 2784 191 2858 parentis
213 2799 308 2839 necem
331 2784 417 2838 soceri
438 2784 539 2840 insidiis
556 2783 662 2838 oeeisus
677 2782 846 2854 perhibetur.
879 2782 1022 2853 Quomodo
1035 2784 1091 2854 iqi-

68 2881 123 2933 tur,
148 2869 246 2941 inquit,
269 2869 436 2923 seautobunt
449 2870 511 2932 illu,
528 2884 601 2941 quus
615 2869 689 2923 idun
704 2867 835 2940 Vopiscus
851 2869 918 2924 dicit
932 2866 1089 2933 indusiato,

67 2955 252 3010 meabile
268 2953 391 3008 maxime
408 2961 434 3007 et
447 2952 544 3009 Carini
566 2962 592 3008 et
604 2951 772 3008 Numeriani
786 2952 838 3009 boe
852 2953 987 3009 babuisse
1001 2954 1090 3024 impe·

70 3040 158 3101 dun,
181 3039 258 3110 quod
278 3039 359 3094 ludos
376 3038 517 3094 Nemenos
531 3039 611 3093 noeis
628 3046 743 3093 onustos
757 3039 927 3110 spectaculis
943 3038 1090 3093 demsisti

70 3123 129 3191 Qut
141 3132 294 3196 potuemnt
308 3125 390 3191 ambo
404 3124 471 3179 illos
480 3124 561 3178 ludos
571 3122 948 3194 edere‚quumNunaerinnus
954 3121 1090 3194 suptra-

71 3209 144 3263 tensi
162 3209 315 3280 pemseia
333 3209 432 3280 pedem
450 3217 516 3281 post
530 3208 635 3264 obitum
647 3209 740 3280 putris
754 3225 812 3263 non
826 3209 976 3264 extulerit?
1007 3207 1091 3279 igitur

70 3293 104 3347 ab
119 3309 176 3349 nno
199 3302 305 3347 tantum
321 3292 418 3348 Carino
440 3293 519 3349 datos
541 3291 601 3348 illos
624 3309 685 3348 esse
699 3292 778 3348 ludos
794 3293 936 3349 existimat.
964 3291 1091 3347 tumn

71 3374 218 3450 tlte-ptus
237 3375 422 3433 Nemesianus
444 3380 521 3433 dictu
537 3376 703 3448 Cyneqetioo
724 3394 778 3432 sua
795 3376 908 3441 Carino,
930 3377 989 3432 inin
1007 3383 1092 3447 putre

74 3462 146 3517 Coro
166 3470 289 3525 mortuo,
311 3468 342 3517 ut
362 3464 478 3535 ipsemet
499 3464 626 3519 uersibus
647 3464 707 3518 suis
721 3463 838 3517 iudicat.
872 3461 983 3517 livente
998 3469 1092 3517 autaut

70 3546 249 3603 Numeriano
270 3547 341 3602 bose
362 3549 460 3603 endem
479 3563 511 3602 se
531 3548 680 3620 scripsisse
696 3547 845 3620 siquifioot.
875 3546 946 3602 Naso
961 3545 1091 3619 Scaliger.

70 3632 107 3689 Ex
128 3632 231 3706 quibus
248 3633 381 3705 suspicor,
405 3632 596 3689 Numerianum
613 3640 675 3704 post
691 3633 751 3688 llari
764 3641 880 3688 mortem
896 3631 999 3704 aliquot
1013 3646 1093 3685 men-

71 3718 147 3773 sibus
168 3716 341 3790 superfuisse
362 3717 395 3773 ad
410 3717 528 3789 Aprilem
550 3717 612 3773 anui
630 3718 700 3781 284,
724 3733 779 3789 quo
795 3716 933 3773 intervallo
950 3715 1092 3789 imperinm

72 3820 131 3859 tum
154 3803 240 3859 tratre
263 3803 391 3865 tenuerit,
415 3802 538 3875 adeoque
560 3800 727 3857 celeberrimi
752 3801 789 3857 illi
811 3801 865 3857 ludi
881 3801 1024 3875 utriusque
1039 3814 1093 3855 ne-

71 3889 157 3951 ruine,
186 3886 303 3944 absente
330 3887 396 3944 lieet
423 3887 525 3951 altero,
554 3896 618 3942 sunt
640 3886 761 3943 exhibiti.
806 3887 963 3958 Quanquam
985 3884 1093 3941 tametsi

72 3973 239 4045 paucissimis
262 3970 360 4028 diebus
383 3981 446 4045 post
461 3971 520 4028 Cari
543 3988 638 4027 necem
652 3970 830 4026 Numerianus
845 3971 962 4033 vixisset,
985 3979 1093 4023 utrum·

74 4074 124 4129 uite
145 4059 308 4132 eontingere
330 4057 429 4131 potuit,
454 4065 485 4113 ut
506 4065 535 4112 et
556 4056 612 4115 ludi
635 4056 662 4111 in
684 4055 744 4112 illos
767 4057 841 4129 ipsos
864 4055 920 4111 dies
943 4052 1094 4111 inciderent

77 4151 102 4197 et
118 4142 153 4201 ab
172 4142 312 4203 ainbobus
334 4141 492 4208 ederentur,
517 4157 549 4199 se
564 4141 725 4215 cynegetiea
742 4158 792 4199 sua
807 4140 903 4198 Carino
918 4138 1093 4201 Nemesianus

122 4238 267 4294 Fpipbanius.
288 4237 322 4282 w,
338 4237 359 4281 l.
924 4237 942 4289 8
