2586 4822
122 774 187 837 att
579 785 692 836 rennui
792 850 796 858 ι

127 945 244 1003 clericis
266 961 323 999 non
343 944 512 1015 necandam.
544 942 640 999 icrunt
664 943 709 1016 qui
725 943 917 1015 poeniteutiam
933 940 1079 1014 aliquando
1094 959 1148 1014 pu·

127 1031 223 1087 blicam
253 1029 400 1091 obiissent,
430 1028 547 1083 ordinari
574 1029 648 1083 nnius
677 1038 743 1082 erat.
790 1028 872 1082 Cone.
895 1026 1008 1082 Tolcll
1037 1026 1145 1083 01111.

128 1115 195 1171 liinc
219 1116 332 1188 Optatus
355 1112 520 1168 uttevttnnus
545 1113 561 1168 l.
580 1115 612 1170 2:
636 1112 800 1175 trionibus,
824 1112 926 1186 inquit,
947 1128 1063 1184 pueros.
1108 1112 1147 1166 tre

124 1200 301 1274 poenitentia
322 1198 491 1262 sauciastis,
514 1215 550 1252 nc
573 1199 662 1270 adqui
684 1199 815 1252 ordinari
832 1198 1001 1269 potuissent.
1046 1197 1084 1252 lte
1107 1198 1147 1253 sel

128 1286 221 1359 prteri,
251 1283 297 1360 qui
326 1283 412 1339 coacti
440 1283 621 1355 poenitentiae
649 1283 766 1356 speciem
789 1282 997 1346 adumbrsrant,
1027 1299 1041 1337 a
1064 1283 1146 1338 uocis

128 1368 268 1426 ordinibus
291 1368 394 1423 reiecti.
424 1368 452 1422 111
477 1368 568 1423 Ecrtb.
588 1371 604 1424 tt
627 1368 692 1424 Can.
707 1373 736 1424 11
764 1368 902 1424 decretum
926 1376 984 1430 est,
1009 1383 1044 1422 ne
1066 1367 1148 1423 Pres-

127 1454 245 1528 bytcris,
275 1453 315 1508 vel
340 1452 463 1507 binconis
485 1454 614 1524 gravioris
638 1453 732 1526 cnlpae
754 1452 898 1515 convictis,
921 1451 1040 1525 ideoque
1062 1452 1147 1525 depo·

128 1538 239 1601 nendis,
273 1553 369 1592 manus
399 1546 525 1615 tanquan
553 1537 771 1611 poenitentibus.
803 1537 843 1592 vet
871 1547 1000 1609 tunquam
1024 1537 1147 1593 fidelibus

127 1623 213 1680 Laicis
236 1622 399 1694 imponetur.
441 1623 499 1690 Quo
523 1632 551 1679 ct
572 1624 714 1695 Augustini
736 1622 814 1679 locus
836 1622 882 1679 illc
903 1623 1026 1695 pertinet
1047 1622 1089 1678 tt
1113 1622 1147 1678 rie

127 1707 203 1781 Eapt.
227 1723 289 1762 con.
313 1707 409 1763 linunt.
433 1724 457 1762 c.
473 1714 495 1762 Ι.
526 1706 599 1762 Nam
621 1710 694 1762 sicud
715 1710 876 1772 redeuntes,
905 1709 954 1778 qui
980 1710 1142 1780 priusqam

126 1794 290 1847 morderent
317 1793 456 1864 baptizati
482 1801 561 1857 sunt,
588 1810 646 1848 nnn
667 1795 897 1865 rebaptizantur:
925 1794 967 1846 ito
991 1795 1140 1853 redeuntes.

127 1879 177 1950 qui
190 1878 371 1950 priusquam
398 1879 560 1932 recederent
587 1879 713 1934 ordinati
739 1887 817 1942 sunt,
849 1894 905 1932 non
927 1878 1028 1949 utique
1047 1892 1143 1932 ursus

128 1964 307 2040 ordinantur,
328 1963 380 2018 scd
401 1971 450 2016 out
466 1964 674 2027 administrant,
698 1965 772 2035 quod
784 1963 1035 2026 adninistrabont,
1057 1963 1083 2017 ri
1096 1962 1145 2016 ltoc

128 2046 275 2102 Ecclesiae
297 2049 408 2102 utilitas
427 2049 570 2118 postulat,
600 2057 650 2103 out
671 2050 697 2103 si
719 2066 774 2103 non
797 2048 1016 2111 administrarit,
1043 2047 1148 2104 Sacra·

127 2141 249 2186 ntentans
278 2133 466 2186 ordinationis
494 2149 565 2186 suae
587 2142 679 2188 tamen
700 2142 809 2204 pentat,
838 2142 864 2187 et
891 2133 954 2187 ideo
986 2134 1029 2187 eis
1048 2147 1147 2188 monus

128 2216 204 2270 litter
224 2217 313 2271 iaicas
335 2232 392 2270 non
412 2217 574 2287 imponitur.

216 2302 276 2358 118
292 2300 319 2356 d.
348 2294 650 2372 succinctioribus,
666 2295 765 2357 είτοον
778 2297 916 2374 παλλιόν]
948 2301 1062 2357 Pnliiunt
1079 2303 1145 2357 enin

129 2402 179 2458 pro
202 2386 294 2459 quavis
316 2396 399 2449 veste,
424 2387 502 2441 ctiont
525 2386 644 2459 stragula
666 2388 791 2442 sumitur.

217 2473 318 2528 11911.
347 2466 459 2546 γίνεται
482 2466 515 2526 δὲ
537 2467 660 2547 Πέτρον
680 2471 885 2547 μαρτυρῆσαι]
928 2470 966 2524 be
989 2471 1064 2526 Petri
1087 2488 1147 2526 sur-

130 2571 240 2612 cessore
262 2556 383 2612 dicemus
405 2557 437 2611 sil
461 2566 620 2630 sequentem
640 2556 776 2612 Haeresint
799 2574 823 2613 c.
838 2560 882 2613 tt.
923 2556 988 2611 Nam
1013 2566 1041 2612 et
1065 2556 1147 2630 piuri-

130 2657 204 2697 11111111
226 2641 252 2697 in
277 2658 308 2697 en
331 2641 485 2697 runcatione
508 2641 590 2697 lslsus
612 2650 655 2697 est
676 2641 850 2714 Epiphanius.

216 2723 247 2783 ἐν
269 2729 333 2792 τοῖς
357 2722 536 2799 Φαινησίοις
555 2720 729 2798 μετάλλοις]
774 2727 893 2783 Meminit
917 2727 942 2781 in
968 2725 1065 2782 ecdem
1087 2741 1147 2799 pec-

130 2813 271 2868 secutione
295 2811 452 2869 declarantia
476 2811 687 2866 Pltncncsiorunt
711 2811 878 2868 bletnlloruru
894 2810 1029 2866 Eusebius
1047 2813 1065 2869 8
1083 2810 1145 2866 libro

132 2898 159 2952 iu
182 2897 340 2970 appetulice,
363 2896 405 2952 vel
428 2914 452 2954 c.
466 2899 516 2952 ii:
545 2899 609 2962 τοῖς
630 2890 708 2952 κατὰ
734 2891 840 2953 Φαινώ
862 2899 917 2970 τῆς
938 2891 1146 2967 Παλαιστίνης

19 2972 24 2983 ’
127 2980 246 3056 χαλκοῦ
266 2976 428 3055 μετάλλοις
449 2974 521 3046 τοὺς
542 2974 660 3047 πάντας
680 2977 882 3056 παραδίδωσι.
913 2981 998 3050 Quam
1016 2979 1147 3037 horrendi

131 3066 199 3122 baec
221 3067 327 3122 mctalli
351 3067 465 3131 inerint,
489 3066 568 3122 docet
590 3068 687 3122 Atbcn.
710 3067 795 3140 Epist.
818 3067 850 3121 ab
872 3066 950 3121 Solit.
974 3083 1002 3138 p.
1020 3067 1083 3124 658
1106 3064 1147 3120 ubi

131 3149 292 3222 Eutycbiunr
315 3151 535 3224 llypodincnnunt
558 3151 591 3206 ab
614 3152 717 3206 Arianis
739 3151 833 3207 scribit
854 3152 886 3206 sd
908 3150 1015 3205 metclln
1039 3152 1149 3206 dautur·

132 3241 207 3295 tum,
237 3230 286 3289 καὶ
315 3231 467 3306 μίταλλον
494 3229 551 3309 οὐχ
580 3227 700 3304 ἁπλῶς,
728 3229 794 3290 ἀλλ’
814 3232 860 3302 είς
886 3227 921 3291 τὸ
949 3237 1005 3309 τῆς
1028 3234 1148 3291 Omni·

132 3309 210 3372 iuda
233 3314 283 3372 καὶ
301 3313 412 3392 φονεὺς
433 3314 709 3394 καταδικαζόμενος
730 3313 834 3396 ὀλίγας
854 3313 970 3395 ἡμίρας
990 3313 1084 3394 μόγις
1098 3314 1150 3375 ‹td-

132 3418 220 3457 ναται
244 3396 341 3475 ζῆσαι.
372 3403 435 3459 tute
458 3405 598 3460 Ortcliutn.

220 3488 279 3543 tto
296 3504 319 3542 c.
349 3479 410 3561 ἤδη
434 3482 466 3543 dr·
489 3480 505 3545 ὃ
527 3485 709 3563 μακαρίτης]
745 3486 782 3544 Ex
805 3490 897 3544 endem
920 3487 1028 3543 officina
1052 3504 1151 3545 eonsc-

130 3587 219 3644 quens
241 3572 352 3627 bislou'n
374 3573 488 3646 prodiit.
518 3573 651 3630 blelctiani
680 3573 801 3630 videlicet
823 3574 971 3646 cuiuspiam
996 3572 1149 3642 nebulonis.

102 3702 109 3708 .
131 3656 160 3711 ln
183 3673 235 3729 qna
259 3658 374 3730 primunt
393 3658 457 3712 illud
473 3657 643 3714 falsissimum
660 3670 711 3723 est,
733 3658 882 3730 superstite
895 3658 984 3713 adbuc
999 3658 1150 3714 uersuum

132 3739 289 3797 liclctisnos
317 3760 377 3799 cnm
408 3743 511 3799 brionis
540 3745 725 3816 conspirasse,
759 3744 832 3815 qttod
861 3741 1012 3798 Alexandro
1042 3743 1150 3799 demun

131 3835 241 3882 mortuo
263 3827 409 3901 contigisse
432 3828 511 3883 docet
532 3829 694 3884 Atttnnnsins
716 3830 829 3901 spoli
852 3846 879 3901 p.
896 3829 967 3884 603.
998 3827 1066 3883 Nam
1089 3826 1150 3883 Ale-

130 3911 232 3967 xander
260 3913 379 3968 nondum
404 3915 421 3968 5
450 3911 589 3967 mensibus
611 3923 674 3986 post
696 3914 840 3969 Nicaenutn
864 3912 1013 3968 Concilium
1037 3912 1150 3986 expletis

131 3997 255 4055 moritur.
286 3996 352 4053 Post
374 3998 432 4053 cius
455 3997 568 4059 obitum,
592 3997 656 4052 cuni
670 3997 794 4054 Meletius
816 3997 950 4071 peridem
967 3997 1025 4052 lere
1042 4007 1150 4072 tempus

130 4084 307 4147 arcuisset.
337 4081 471 4139 lloietimi
498 4080 531 4137 ab
561 4081 678 4139 Eusebio
707 4083 903 4141 Nicomedensi
930 4081 1062 4139 solia-itaci
1090 4098 1151 4140 cun
