2586 4822
437 845 512 894 tcta
532 843 750 895 uolutatione.
1039 848 1106 892 ull

86 997 219 1071 periiaaea
248 995 415 1072 rediiaseqne
437 996 603 1072 Epiphanius
625 999 651 1054 io
675 998 791 1072 Cyprum
814 1015 876 1054 cum
897 998 1043 1063 mandatis,
1074 1008 1105 1056 ut

86 1096 269 1154 quaecamque
295 1082 366 1139 illius
396 1083 502 1145 lue'rartt
529 1083 660 1139 retineret
691 1083 734 1156 pia
763 1100 831 1138 uxor
857 1099 927 1156 quae
955 1084 1044 1140 omnia
1070 1084 1104 1141 ad

87 1183 156 1222 osus
183 1166 313 1222 ecelesiae
341 1167 506 1240 consignarit
528 1169 649 1224 ordinata
672 1167 830 1224 diaconissa.
875 1167 975 1224 Deinde
997 1169 1103 1225 beticam

86 1251 334 1308 Valentinianorum
357 1254 513 1326 episcopum
537 1254 725 1309 obmutescere
747 1253 856 1318 lecerit;
885 1253 932 1308 sed
960 1261 987 1309 et
1009 1262 1104 1311 contra

87 1337 211 1410 0pbitas,
234 1337 410 1400 sabellianos,
433 1337 584 1402 Nicolaitas,
602 1338 780 1401 Simonianos,
799 1338 1019 1410 carpocratianos
1037 1339 1104 1394 liae-

87 1423 203 1485 retieos,
233 1423 259 1477 in
284 1422 370 1495 Cypro
399 1423 567 1486 nidulantes,
596 1424 757 1496 rescriptum
786 1422 929 1479 Theodosii
958 1424 1101 1495 acceperit,

86 1516 118 1562 ut
138 1506 306 1579 pellerentur
327 1507 359 1562 ab
383 1507 477 1562 insula.
508 1507 628 1575 Quorum
650 1525 731 1583 quam
753 1524 834 1580 aegre
856 1508 1000 1581 quidquam
1016 1508 1103 1581 possit

85 1608 148 1647 eum
172 1592 284 1647 veritate
306 1592 472 1657 consistere,
495 1593 592 1665 partim
614 1593 699 1665 liquet
723 1610 753 1648 ex
777 1592 870 1656 dietis,
895 1594 990 1665 partim
1013 1592 1103 1665 quoad

85 1675 255 1732 Sabellianos
278 1677 377 1732 retinet
399 1686 489 1749 potest
512 1677 713 1751 enEpipbanio,
737 1676 783 1749 qui
807 1677 911 1732 haeresi
927 1678 992 1733 thl
1015 1695 1103 1751 agno-

84 1778 167 1817 scens
189 1760 269 1816 huius
291 1770 357 1817 tune
379 1778 462 1816 novae
484 1761 572 1817 adhue
594 1773 684 1818 sectae
707 1762 838 1835 plurimos
861 1771 917 1817 tum
933 1763 959 1816 in
975 1762 1103 1835 llesopo·

84 1846 177 1911 tantia,
201 1854 258 1902 tum
274 1847 374 1902 homae
396 1847 504 1911 versari,
528 1864 582 1902 noo
606 1847 789 1920 praeteriisset
806 1846 944 1919 Cyprum,¹
955 1847 977 1901 si
994 1847 1026 1902 ad
1043 1863 1102 1905 eam

83 1935 207 2004 ipsorum
229 1931 384 2005 pertigisset
405 1948 554 1996 venenum,
586 1933 655 1987 sicut
683 1931 708 1986 itl
731 1932 764 1987 de
788 1931 977 1987 Valentinianis
999 1931 1103 1989 eliserat

83 2015 192 2073 haeresi
215 2016 301 2080 lllllll,
325 2015 453 2090 Ophites,
477 2017 633 2080 Nicolaitae,
657 2017 842 2079 Simonianae,
867 2016 1099 2089 Carpocratianos,

83 2099 137 2156 suh
159 2101 203 2156 his
224 2100 378 2157 nominibus
400 2102 488 2157 adhuc
510 2102 677 2174 superfuisse
706 2101 814 2158 saeculo
830 2101 862 2156 lV
892 2109 1007 2158 exeunte
1039 2103 1100 2175 quia

82 2182 198 2242 credat?
647 2206 650 2216 ·

171 2272 221 2327 54.
251 2269 344 2326 llestat
366 2269 468 2334 ultima,
491 2271 647 2327 autcarius
670 2272 763 2335 unica,
786 2271 928 2345 Epiphanii
948 2271 981 2327 ad
1004 2271 1100 2329 urbem

82 2354 408 2427 Constantinopolitanam
440 2357 588 2428 protectio,
618 2374 689 2412 anno
713 2358 773 2412 402
803 2357 835 2411 ad
858 2356 937 2412 linem
962 2366 1099 2428 vergente,

81 2448 130 2495 aut
150 2439 278 2513 sequenti
308 2440 360 2495 iam
382 2439 457 2497 inito.
504 2441 578 2497 llane
600 2440 632 2495 ab
655 2457 705 2496 neo
728 2441 869 2496 exordiens
892 2440 1026 2496 fabulator
1047 2457 1101 2497 nn-

80 2533 155 2588 ster,
186 2525 273 2599 primo
304 2533 397 2580 narrat
418 2526 560 2598 Theophili
588 2525 727 2580 dissidium
756 2525 967 2580 cumfratribus
990 2525 1098 2597 Longis,

80 2610 171 2666 trihus
198 2609 302 2666 scilieet
330 2610 390 2665 libis
420 2610 592 2667 lleracleonis
620 2611 775 2682 imperantis
801 2611 989 2673 Alexandriae,
1026 2608 1099 2682 quod

79 2693 144 2752 alilti
174 2711 230 2750 non
257 2694 372 2767 tagaton
403 2704 430 2750 et
459 2713 553 2751 eorum
582 2712 661 2750 causa
685 2706 803 2751 exortam
825 2695 898 2750 inter
919 2695 1098 2768 Theophilum

80 2790 108 2837 et
130 2780 260 2836 loannem
283 2779 457 2844 discordiam3
487 2789 544 2835 tum
566 2779 674 2852 longam
698 2779 730 2834 de
752 2798 817 2852 agro
840 2780 947 2843 viduae,
972 2797 1021 2853 per
1043 2778 1099 2835 Eu·

80 2865 188 2922 doniam
211 2873 342 2938 usurpato
364 2882 414 2938 per
430 2866 651 2937 chrysostomum
675 2865 750 2920 reddi
773 2865 856 2928 iusso,
881 2865 1038 2920 relationem
1056 2873 1099 2920 te-

79 2950 133 3016 xit3
162 2965 245 3023 quam
269 2966 358 3005 veram
381 2950 406 3005 in
430 2949 580 3005 substantia
603 2966 663 3004 esse
686 2949 809 3005 dubitare
832 2966 885 3005 non
908 2950 971 3004 sinit
992 2948 1098 3007 llarcut

79 3034 229 3099 diaconus,
252 3034 280 3090 in
308 3034 371 3092 Vita
392 3034 422 3091 S.
438 3035 588 3106 Porphyrii
613 3032 750 3094 Gaaenois
775 3036 813 3091 26
829 3034 908 3090 Febr.
933 3052 959 3089 n.
977 3036 1025 3096 at,
1050 3032 1098 3091 sed

78 3129 252 3194 praetextum
280 3119 339 3174 eius
367 3120 423 3190 agri
451 3120 599 3193 usurpandi
624 3137 685 3175 eum
708 3119 816 3174 adducit
839 3118 972 3175 fabulator
993 3128 1096 3182 noster,

79 3205 128 3280 qui
155 3221 212 3261 non
241 3205 328 3278 possit
356 3221 410 3260 non
439 3223 498 3261 esse
521 3206 554 3261 de
576 3205 690 3260 salsitate
713 3215 872 3278 suspectus;
900 3203 973 3276 quod
995 3203 1097 3258 scilieet

81 3298 162 3345 “mos
186 3298 228 3345 est
249 3288 457 3361 imperatoribus
480 3298 506 3346 et
523 3289 747 3364 imperatricibus,
771 3291 793 3345 si
810 3289 849 3345 vel
865 3290 960 3362 pedem
976 3288 1097 3345 intulerit

80 3375 108 3430 in
136 3385 239 3431 terram
267 3374 394 3439 alienam,
424 3385 450 3431 et
478 3375 501 3430 si
529 3377 645 3431 lruetum
673 3375 809 3449 acceperit
835 3392 867 3430 ex
889 3374 978 3447 aliquo
1001 3389 1095 3429 eornm

79 3475 152 3534 quaa
179 3459 297 3515 lructum
321 3460 426 3525 lerunt,
456 3471 487 3517 ut
509 3461 598 3516 nullus
621 3461 688 3516 alins
710 3461 736 3516 in
761 3478 792 3516 ea
814 3468 976 3533 potestatem
999 3457 1097 3514 haheat

79 3545 134 3601 nisi
154 3546 328 3618 imperator'’.
358 3546 450 3619 ltaque
473 3546 572 3601 lactum
593 3547 645 3610 ait,
669 3553 699 3601 nt
722 3563 782 3601 cttna
805 3563 869 3602 casu
891 3544 952 3599 illue
974 3544 1095 3616 ingressa

79 3631 238 3704 imperatrix
258 3629 368 3687 hotrum
391 3631 441 3686 sibi
465 3631 642 3693 resecuisset,
668 3631 719 3686 hoc
742 3631 801 3704 ipso
824 3630 883 3702 cogi
906 3629 1042 3684 videretur
1063 3625 1095 3681 ad

78 3716 196 3772 lendum
224 3732 287 3771 eum
315 3715 366 3771 sibi
395 3715 590 3770 vindicandum.
634 3716 712 3770 Addit
739 3715 936 3789 imperatricem
963 3712 1095 3769 obtulisse

78 3802 176 3859 viduae
199 3801 315 3874 pretium
338 3800 423 3866 illius;
447 3799 520 3875 quod
543 3817 607 3855 sane
630 3809 659 3855 ut
681 3800 724 3855 illa
747 3807 899 3872 acceptaret
913 3807 960 3855 aut
974 3797 1095 3854 oblatum

78 3886 142 3943 alibi
171 3885 327 3960 praedium,
356 3886 505 3940 consultius
534 3885 630 3940 luisset
662 3885 776 3941 suadere
804 3885 906 3945 laesae,
937 3901 1016 3956 quam
1045 3898 1095 3954 pro

76 3988 187 4028 summo
213 3971 275 4026 iure
301 3979 389 4025 tantas
419 3970 512 4025 turbas
540 3987 662 4032 movere,
691 3979 806 4045 quantas
831 3969 960 4042 consequi
983 3981 1095 4024 neeesse

75 4065 152 4120 erat,
179 4056 203 4111 si
224 4072 276 4128 per
297 4055 579 4111 excommunicationis
602 4055 718 4127 rigorem
742 4054 931 4111 excluderetur
951 4052 984 4109 ab
1006 4051 1095 4107 ecele-

72 4141 115 4198 sia
140 4140 308 4217 imperatrix.
354 4141 446 4215 ltaque
470 4141 593 4197 existimo
621 4156 709 4213 neque
738 4140 790 4196 tale
816 4139 960 4213 quidquam
984 4136 1015 4192 ab
1040 4136 1094 4193 lutc-
