2586 4822
381 818 419 871 oe
437 816 588 872 ncnsunis
607 818 643 869 cr
661 820 859 872 rouncrrnus.
1093 802 1133 870 ab

112 979 182 1032 enirn
206 976 367 1032 ludaeorum
390 992 502 1033 arcanos
525 976 593 1033 ritus
616 994 647 1033 ao
662 976 773 1033 consilia
789 977 885 1033 melius
901 977 973 1035 novit
988 988 1035 1036 aut
1050 995 1132 1036 nosse

112 1063 201 1135 potuit
224 1079 304 1135 quam
328 1062 475 1137 losepbus,
504 1051 656 1118 Eebaaismi
678 1062 772 1135 utique
795 1079 849 1119 non
873 1062 1029 1136 imperitus,
1058 1064 1132 1138 quod

112 1149 136 1202 in
162 1147 276 1202 Philone
298 1147 420 1220 Scaliger
441 1143 558 1221 excipit?
601 1147 652 1216 Qui
675 1145 744 1202 idern
768 1148 841 1222 quod
863 1148 981 1204 Aristeas
1004 1148 1130 1223 prodidit,
1150 1161 1159 1183 ο

112 1232 241 1289 Eleazaro
262 1232 387 1288 Pontifici
408 1231 632 1289 iucundissimum
654 1231 719 1288 illud
742 1231 834 1296 luisse,
859 1249 947 1307 neque
970 1231 1003 1290 de
1017 1233 1132 1290 ludaeo—

112 1334 172 1372 rum
202 1316 353 1373 ollensione
381 1318 546 1375 mentionem
569 1317 632 1373 lacit
653 1316 744 1374 ullam.
771 1317 855 1387 ·Qnis
879 1315 962 1391 igitur
984 1335 1038 1374 non
1060 1319 1132 1376 videt

112 1403 181 1458 lianc
211 1403 295 1475 ipsam
318 1401 437 1459 Graecae
465 1401 649 1458 translationis
677 1401 800 1458 invidiam
824 1403 931 1476 losepbi
954 1403 1063 1460 saeculo
1085 1409 1179 1461 re-dtt

112 1487 262 1543 centiorem
285 1484 426 1544 extitisse?
456 1487 521 1544 Cum
544 1486 615 1542 enim
638 1486 729 1544 ludaei
744 1486 925 1544 Christianum
948 1505 1045 1545 nomen
1062 1506 1132 1561 pan-

112 1573 185 1627 latim
210 1572 319 1629 excitari
341 1580 500 1637 cernerent,
525 1588 609 1645 seque
632 1571 664 1628 ab
689 1571 846 1628 Christianis
869 1573 924 1628 suis
947 1573 1012 1646 ipsis
1034 1573 1129 1639 literis,
1170 1602 1174 1610 ·

111 1675 179 1732 quas
203 1658 304 1713 Graece
326 1656 450 1731 legerent
473 1662 583 1723 omnes,
611 1657 733 1713 convinci
755 1673 786 1713 ae
809 1659 947 1731 redargui,
972 1675 1051 1732 aegre
1073 1659 1131 1732 pri-

112 1760 185 1797 mum
210 1742 427 1799 communionem
450 1741 522 1798 illam
545 1742 616 1799 ferre
639 1750 803 1816 coeperunt;
830 1753 886 1799 tum
910 1743 1017 1799 easdem
1039 1743 1130 1800 literas

111 1845 142 1883 ac
165 1827 232 1883 lllll
247 1827 391 1885 seniorum
415 1827 560 1884 editionem
576 1842 751 1902 corrumpere
767 1844 797 1884 ao
812 1827 936 1885 mutilare
952 1828 1040 1885 conati
1056 1837 1128 1893 sunt,

111 1913 186 1985 quod
216 1913 335 1969 lustinus
365 1913 465 1986 llartyr
499 1911 609 1986 llialogo
640 1930 701 1969 cum
735 1912 880 1988 Tryphone
910 1913 1008 1986 aliique
1037 1914 1131 1969 Patres

111 1998 164 2053 illis
195 1997 369 2072 exprobrant.
414 1997 451 2054 Ex
474 1998 520 2054 illo
542 2006 665 2072 tempore
688 2007 766 2054 natae
788 2007 853 2055 sunt
874 1999 998 2072 angariae
1021 1999 1081 2055 illae
1104 2006 1132 2054 et

110 2096 249 2155 nomm,
279 2100 345 2156 quas
368 2082 534 2139 llnlendariis
557 2082 614 2138 suis
638 2083 819 2139 intexuerunt.
864 2084 952 2152 Quare
974 2083 1130 2157 plumbeum

110 2178 153 2223 est
176 2168 306 2241 Scaligeri
329 2168 423 2233 telum,
446 2166 519 2242 qiiod
543 2185 573 2224 ex
597 2168 669 2224 laeoe
694 2169 743 2224 ista
766 2167 910 2224 llabbinice
934 2168 1056 2243 protulit.

203 2289 259 2345 167
270 2289 296 2344 d.
313 2276 584 2361 ἑβδομηκονταδύο
600 2282 634 2344 δὲ
648 2281 704 2352 τὰς
717 2279 928 2365 ἀποκρύφους]
953 2287 1049 2344 Verum
1066 2287 1129 2343 illud

111 2391 165 2429 non
196 2381 279 2445 puto,
312 2389 400 2447 neque
431 2372 557 2446 cuiquam
586 2372 662 2430 lncilc
690 2373 857 2447 persuaserit
880 2372 1059 2447 Epiphanius,
1092 2373 1130 2429 72

111 2458 290 2531 Apocrpplros
308 2457 419 2514 totidem
435 2457 468 2513 ab
483 2457 680 2531 Interpretibus
696 2476 726 2514 ex
739 2457 862 2513 Hebraeo
879 2457 1022 2512 translatos
1038 2457 1130 2513 luisse.

113 2544 177 2598 Nam
207 2543 296 2599 omnia
327 2544 376 2598 ista
406 2543 540 2600 volumina
564 2542 701 2599 Hebraicis
724 2543 877 2615 conscripta
900 2542 984 2598 literis
1006 2541 1130 2605 nllirmat,

113 2629 147 2683 ob
170 2628 252 2702 idque
273 2627 327 2701 legi
351 2627 458 2683 minime
481 2626 614 2703 potuisse.

205 2749 260 2805 lli8
279 2765 302 2802 c.
326 2742 358 2824 ir
379 2747 423 2826 τῷ
439 2742 595 2826 Σεραπίῳ]
619 2746 656 2802 [le
679 2747 732 2802 linc
755 2745 856 2818 templo
879 2745 999 2800 meminit
1014 2746 1132 2800 Amnis*

114 2852 164 2888 nus
186 2833 205 2889 l.
224 2835 278 2893 22.
309 2834 424 2907 eiusque
451 2832 677 2904 magnificentiam
705 2830 817 2887 mirilico
847 2831 996 2904 praedicat,
1027 2831 1131 2904 inquo

113 2919 222 2991 quidem
244 2936 259 2972 a
282 2918 445 2975 Ptolemaeis
468 2916 578 2990 regilius
600 2916 759 2974 collocatam
778 2915 970 2973 bibliothecam
993 2915 1064 2971 illam
1086 2932 1134 2972 aa·

114 3005 187 3067 serit,
213 3004 238 3058 in
262 3021 314 3076 qua
337 3003 510 3076 septingenta
532 3002 698 3058 voluminum
720 3001 802 3057 millia
818 3000 1039 3065 numerabantur,
1063 3018 1132 3074 quae

115 3088 184 3146 bello
206 3088 388 3145 Alexandrino
411 3087 463 3145 sub
485 3088 620 3144 llictamre
643 3087 757 3143 Caesare
779 3095 950 3143 concremate
973 3094 1023 3141 est.
1064 3086 1134 3142 ler-

115 3174 242 3229 tollianns
272 3175 297 3229 in
332 3173 452 3247 Serapeo
481 3189 573 3229 sacros
601 3172 709 3228 codices
732 3171 869 3227 Hebraicis
897 3170 983 3227 literis
1011 3171 1135 3226 conseri·
1223 3228 1226 3233 ,

115 3268 174 3331 ptos
196 3275 248 3314 suo
272 3268 397 3333 tempore
416 3258 547 3314 asservari
571 3255 688 3331 prodidit
709 3257 735 3312 in
756 3255 872 3330 Apolog.
896 3257 980 3314 c.18.
1235 3256 1245 3273 ⁴

194 3371 276 3451 μετὰ
303 3371 363 3453 γὰρ
390 3371 445 3433 τὸν
472 3376 605 3453 πρῶτον]
637 3376 852 3433 Ptolemaeorum
883 3375 952 3431 banc
980 3374 1078 3431 seriem
1101 3390 1132 3429 ex

115 3461 221 3519 Eusebii
245 3460 380 3519 Chronico
405 3462 562 3537 descripsit,
587 3481 599 3517 n
624 3479 678 3537 qim
702 3471 791 3517 tamen
816 3460 840 3516 in
864 3477 995 3515 antrorum
1019 3476 1132 3515 numero

114 3546 259 3604 identidem
282 3545 405 3603 discedit.
450 3544 520 3606 llaec
543 3546 614 3604 enirn
638 3554 679 3602 cst
701 3546 772 3622 apud
795 3544 940 3601 Eusebium
963 3544 1016 3601 l.2
1040 3542 1134 3600 Ptole·

112 3648 251 3690 maeorunn
275 3633 423 3689 snccessio.
