2586 4822
10 39 1220 314 u

432 825 538 876 tinsta
558 827 697 885 latinus.

389 1030 430 1087 DE
453 1031 573 1088 Larini
596 1031 749 1088 topazin.

141 1149 288 1223 Topnzium
311 1148 425 1207 rubrata
448 1159 490 1207 ssi
511 1150 601 1223 specio
625 1161 687 1223 post
710 1151 834 1224 lapidant,
858 1153 903 1224 qai
920 1151 1075 1209 carnuncu-

27 1235 99 1291 ‘tlus
122 1235 285 1308 appellatur.
315 1236 442 1291 inventus
466 1243 508 1291 est
529 1245 618 1291 autem
642 1236 668 1291 in
691 1236 797 1309 Topazo
820 1237 925 1292 civitate
944 1237 1073 1309 indiam),

52 1321 80 1375 in
113 1321 196 1376 corde
224 1320 320 1394 lapidis
348 1319 381 1376 ab
412 1321 470 1383 his,
500 1320 546 1394 qui
575 1319 673 1376 ibidem
703 1321 804 1393 lapidos
829 1331 893 1376 tanc
916 1323 1073 1379 caedebant.

51 1406 143 1474 Quom
163 1405 279 1478 lapidum
296 1421 422 1462 caesores
437 1407 575 1461 intuentos
591 1405 846 1478 splendidissimum,
870 1406 995 1463 delectati
1011 1409 1100 1482 pul-5

51 1489 211 1547 claritudine
232 1491 308 1555 olus,
331 1490 510 1547 ostenderunt
533 1483 712 1562 Alabastrtslp
735 1491 896 1564 quibusdam
919 1494 1075 1564 nogotiato-

142 1700 167 1750 gt
184 1691 261 1738 llutos
280 1691 345 1738 urhis
364 1704 434 1738 nomo
453 1690 514 1738 alius
532 1690 589 1738 mihi
608 1698 679 1739 notus
693 1690 799 1739 meminit
812 1699 907 1752 praeter
920 1691 1077 1757 Epiphaniam

55 1759 103 1807 hoe
127 1757 196 1817 lona,
219 1758 276 1807 licet
300 1757 401 1807 celebris
420 1759 482 1820 apati
501 1767 592 1808 vetares
610 1767 720 1808 auctores
739 1760 770 1807 sit
788 1759 865 1807 insuia
887 1762 987 1823 i'opnzos
1006 1763 1077 1812 (licta.

56 1828 142 1889 itaque
165 1833 205 1875 aul
230 1828 314 1876 errarit
332 1826 479 1889 Epiphanius
504 1828 585 1875 uritem
610 1843 653 1889 pro
679 1826 755 1876 insola
780 1829 916 1890 accipiens,
941 1837 981 1877 aut
1006 1832 1077 1879 etiam

57 1894 151 1943 insulae
168 1894 310 1957 metropolis
320 1894 413 1957 Tupaza
432 1895 563 1944 dicebatur.
600 1897 672 1944 i'orrn
691 1896 720 1943 tio
739 1898 785 1943 sita
805 1896 905 1943 huiusce
924 1896 1015 1946 insulas
1030 1913 1076 1947 nun

60 1977 108 2010 aaa
127 1977 180 2011 esso
196 1963 288 2012 vitietur
306 1963 411 2011 omnium
431 1965 565 2025 sententia;
586 1964 677 2012 sciliont
690 1965 825 2027 Stephanus
845 1964 867 2012 in
880 1964 945 2012 iatiia
959 1966 1075 2028 collocal3

61 2034 84 2077 in
108 2031 166 2079 mari
185 2032 265 2080 ilahro
285 2032 341 2080 laha
365 2032 427 2094 apati
448 2032 547 2080 Plinium
572 2032 718 2081 lihhhiil'ii
738 2031 848 2094 cap.32;
875 2034 898 2080 in
919 2035 1003 2082 Arabia
1022 2049 1077 2084 aero

63 2099 188 2147 Archelaus
207 2100 271 2161 apati
290 2100 399 2149 eamdam
412 2100 512 2149 Plinium
531 2100 614 2148 eudem
634 2101 695 2162 loco,
714 2110 736 2147 st
752 2101 803 2163 ipso
817 2102 886 2148 stiam
898 2102 987 2150 Plinius
999 2103 1075 2152 ilhl'i

65 2167 169 2228 taphi,
193 2182 287 2216 necnon
307 2169 392 2217 Strahn
416 2169 528 2230 iihiiili,
554 2169 673 2217 iliodorus
692 2168 787 2216 Siculus
813 2169 903 2229 libili,
929 2171 1077 2220 Ptolemaeus

66 2233 138 2283 lihii'
158 2250 207 2298 cop.
219 2237 242 2284 5.
268 2236 359 2285 Psoilas
378 2238 410 2286 ile
427 2238 534 2299 genimis,
563 2237 668 2285 isidorus
694 2239 755 2299 Orig.
774 2236 850 2285 iihl'i
870 2239 955 2300 capi.
981 2239 1077 2303 aliique.

70 2302 174 2358 haiaimo
192 2304 309 2353 liraunius
327 2305 360 2354 lic
377 2312 432 2353 sort.
451 2307 593 2354 sacerdotum
607 2306 676 2356 iiehr.
695 2304 766 2353 iih.li
786 2305 864 2367 capi
883 2303 958 2367 §.92
979 2316 1000 2356 ot
1020 2309 1077 2357 iilud

71 2378 115 2427 lnhi
132 2381 278 2443 rapliAi'ili
296 2382 365 2431 nih.
383 2386 446 2434 atr:
468 2389 554 2434 mlle
574 2383 663 2432 i'ildnth
683 2383 763 2439 tusci,
783 2381 847 2444 qunti
867 2382 890 2428 in
910 2383 1004 2443 Vulgata
1024 2386 1078 2433 red-

73 2455 129 2503 htur
144 2457 253 2521 Taposiris
272 2461 300 2506 de
317 2459 436 2520 Aethiopia
454 2458 600 2507 reddendum
620 2473 674 2507 osse
693 2465 776 2506 conset
796 2459 908 2521 Topazina
924 2461 1043 2521 Arabicus,
1064 2475 1077 2509 a

76 2533 362 2590 unisonantiam:
383 2536 453 2585 Currit
472 2537 580 2584 Arabiam
600 2552 662 2586 osse.
699 2537 783 2585 ilerum
803 2536 879 2583 critici
899 2550 948 2584 rem
969 2539 1028 2586 hanc
1045 2538 1078 2587 ia·

78 2608 110 2656 clii
129 2613 217 2672 argalio
242 2612 360 2674 explicare
385 2620 497 2676 poterunt
520 2613 539 2661 si
557 2612 742 2661 animadvertant
760 2612 847 2659 satoris
865 2615 1022 2675 geographiae
1042 2629 1079 2662 ra·

79 2677 160 2727 tionem.
193 2681 320 2743 ilinnysias
340 2680 459 2741 Perisgeta
478 2680 646 2744 Erythrarum,
665 2695 707 2727 sou
727 2681 799 2727 maris
819 2681 923 2728 habrum
943 2696 1015 2743 mare,
1034 2687 1079 2731 Aa·

82 2745 191 2808 thiopioam
209 2764 307 2812 qunque
325 2748 473 2812 appellabat,
492 2757 516 2796 sl
534 2749 638 2812 iliunpsii
658 2749 800 2796 scholiastes
820 2748 958 2797 Eustathtm
977 2750 1079 2799 nonnul·
1154 2810 1157 2815 Ι
1178 2806 1181 2813 ¹
1228 2770 1231 2775 ·

84 2811 111 2859 los
130 2815 191 2864 etiam
210 2817 336 2866 Arabicum
361 2818 454 2867 sinum.
481 2826 503 2866 al
523 2817 675 2881 Erythraeum
695 2831 773 2875 maro,
798 2831 871 2865 unurn
891 2826 913 2865 et
932 2818 994 2866 idem
1013 2834 1077 2868 mare
1152 2848 1163 2861 .

85 2881 209 2934 rristimasse
233 2885 313 2935 docet.
350 2886 422 2934 Porro
441 2885 521 2934 indiae
546 2900 632 2934 noman
659 2886 727 2933 variis
752 2885 832 2933 datam
859 2900 912 2933 esse
932 2888 1077 2949 regionibus,
1143 2892 1146 2897 '

86 2948 200 3014 Aethiopiae
217 2961 297 3002 autem
317 2955 459 3017 praecipuo,
477 2968 547 3003 nomo
566 2961 603 3003 est
621 2968 691 3017 quem
711 2953 797 3012 lateat·‚
823 2954 880 3016 quin
900 2956 969 3003 otiam
990 2958 1079 3005 indiam

86 3018 109 3063 td
121 3019 220 3070 hunnum
234 3023 383 3083 Erythraeum
401 3031 516 3086 sprctorre
534 3022 630 3070 disertis
648 3022 724 3070 seritis
737 3021 876 3070 Eustathius
890 3023 967 3081 tradit,
986 3032 1008 3072 el
1023 3025 1078 3073 ilia·

87 3085 150 3144 nysius
166 3089 214 3150 ipso
232 3090 295 3138 inter
313 3098 406 3138 cetoros
426 3092 545 3153 pretiosos
563 3091 655 3152 lapidos
674 3105 734 3152 tpuos
750 3090 799 3138 indi
815 3091 910 3150 hahent,
930 3094 999 3140 etiam
1011 3094 1078 3155 gidu-

87 3159 198 3206 consiliii
217 3158 301 3221 lopati
318 3160 416 3221 lapidem
434 3167 553 3208 recenset.
589 3159 645 3207 Vide
663 3157 812 3207 Eustothlam
830 3161 853 3207 in
871 3160 1004 3222 Dionysiam
1022 3168 1077 3222 otc„

87 3219 178 3272 l'olaaire
194 3224 354 3287 Allobrogum,
377 3227 449 3286 llll,
467 3242 489 3291 p.
500 3227 531 3276 23
542 3235 565 3276 el
575 3226 632 3276 529.

151 3325 173 3378 hl
195 3326 304 3387 ligorius
328 3328 432 3377 Sabinas
450 3329 625 3392 Tranqaiiiinao
650 3343 771 3376 nummum
797 3336 926 3389 anemoria,
953 3328 990 3376 ahi
1012 3338 1078 3378 orant

10 3444 12 3457 Ι
86 3387 126 3449 isis,
142 3395 326 3456 rtliarpuerates
344 3397 434 3459 spicam
454 3412 524 3445 mana
544 3398 639 3446 dextera
658 3404 753 3457 gustans
764 3411 817 3444 ram
828 3396 1079 3458 inscriptionoAAA·

10 3482 12 3495 ·
83 3456 272 3510 mmmm
310 3465 448 3528 Aegyptiam
473 3465 548 3513 laissa
567 3467 629 3514 hunc
649 3479 770 3512 namnunn
790 3464 860 3512 isidis
878 3465 952 3523 ligura
971 3466 1079 3515 luculen-

10 3512 13 3601 ᾖ
81 3532 111 3574 ler
124 3531 249 3591 prohatpol
268 3531 365 3594 quidem
385 3533 442 3580 arhs
460 3533 581 3582 Alahastra
600 3534 669 3581 otiam
688 3547 701 3580 a
722 3532 855 3580 i'tolnmaoo
875 3537 897 3580 in
912 3537 1014 3596 Aegypto
1030 3535 1079 3583 coi·

10 3610 12 3619 ·
81 3596 169 3660 locatur,
190 3613 284 3648 necnon
309 3599 418 3649 ai’iinio
436 3601 504 3649 iih.V
522 3600 681 3663 caplim‘dl.
719 3600 789 3657 Quini
814 3601 834 3648 si
853 3601 988 3663 Stephanus
1008 3602 1079 3665 i'hrg·

10 3674 12 3685 '
77 3666 128 3723 tiam
150 3667 229 3715 arbem
254 3683 306 3715 earn
331 3678 398 3717 locat
417 3670 562 3719 iioratlotum
586 3677 670 3717 testem
689 3668 820 3730 adhibens,
845 3683 889 3715 nos
908 3671 1004 3731 quidem
1024 3685 1078 3718 cnm

10 3708 12 3765 i
77 3741 171 3783 astantes
187 3737 302 3785 lierodoti
327 3737 379 3786 iihri
399 3738 489 3786 nuliam
508 3739 607 3787 huiusce
625 3738 659 3787 rei
679 3740 840 3785 testimonium
859 3739 1013 3799 puliniacum,
1037 3738 1078 3786 lih.

13 3834 16 3839 -
75 3809 143 3850 autem
161 3804 209 3853 till
228 3802 253 3867 ἦ.
266 3803 319 3854 136.
350 3805 464 3868 oppidum
485 3808 607 3870 i’hrggium
626 3807 722 3854 nomine
741 3803 930 3851 ΑΛΑΒΑΝΔΑ
950 3813 1076 3865 occurrat;

71 3870 207 3933 Stephanum
226 3874 289 3921 huno
308 3874 386 3922 iocum
406 3889 530 3937 perperam
549 3875 649 3936 legisse,
674 3882 712 3921 aat
733 3873 752 3919 si
771 3874 857 3932 anatis,
883 3887 1007 3935 perperam
1026 3873 1078 3921 oius

70 3941 198 3990 meminisse
216 3942 384 4004 suspicamar3
404 3951 426 3990 et
446 3943 542 4005 quidem
562 3958 590 3991 eo
608 3942 700 3991 lucilius
719 3954 799 3989 errare
815 3941 899 4001 potuit.
919 3942 1078 4003 gundharius

67 4010 193 4061 Alabastros
219 4009 299 4059 dictur
323 4010 416 4059 Troade
441 4019 504 4071 orat,
536 4012 605 4059 cuias
629 4011 718 4059 montio
744 4017 779 4056 est
804 4008 866 4070 apud
892 4009 991 4057 Plinium
1010 4007 1078 4056 iihli

64 4077 162 4140 agadii.
198 4077 331 4128 Salmasius
354 4082 379 4127 ia
397 4080 502 4129 Solinnm
519 4094 543 4143 p.
553 4078 609 4128 394.
653 4078 800 4140 Stephanum
825 4077 870 4125 alia
896 4077 925 4124 de
945 4090 1029 4124 caussa
1054 4077 1077 4126 la

63 4161 165 4195 errorem
184 4147 278 4209 lapsam
297 4153 372 4209 putat,
391 4147 433 4195 sod
453 4148 531 4196 minus
550 4147 669 4197 credibilis
689 4145 726 4195 ilia
746 4155 789 4194 est.
826 4145 925 4193 iisnmm
944 4144 1080 4195 Aiahastro·
