<?xml version="1.0" encoding="UTF-8"?>
<!DOCTYPE html PUBLIC "-//W3C//DTD XHTML 1.0 Transitional//EN"
    "http://www.w3.org/TR/xhtml1/DTD/xhtml1-transitional.dtd">
<html xmlns="http://www.w3.org/1999/xhtml" xml:lang="en" lang="en">
 <head>
  <title>
</title>
<meta http-equiv="Content-Type" content="text/html;charset=utf-8" />
  <meta name='ocr-system' content='tesseract 3.04.00' />
  <meta name='ocr-capabilities' content='ocr_page ocr_carea ocr_par ocr_line ocrx_word'/>
</head>
<body>
  <div class='ocr_page' id='page_1' title='image "./opera02dindgoog_0796.png"; bbox 0 0 2586 4822; ppageno 0'>
   <div class='ocr_carea' id='block_1_1' title="bbox 109 727 733 791">
    <p class='ocr_par' dir='ltr' id='par_1_1' title="bbox 109 727 733 791">
     <span class='ocr_line' id='line_1_1' title="bbox 109 727 733 791; baseline -0.01 -8"><span class='ocrx_word' id='word_1_1' title='bbox 109 727 171 791; x_wconf 73' lang='lat'><strong>30’2</strong></span> <span class='ocrx_word' id='word_1_2' title='bbox 488 774 492 781; x_wconf 93' lang='lat'><em>.</em></span> <span class='ocrx_word' id='word_1_3' title='bbox 564 729 680 783; x_wconf 77' lang='lat' dir='ltr'><strong>rtrtttt</strong></span> <span class='ocrx_word' id='word_1_4' title='bbox 730 770 733 777; x_wconf 95' lang='lat'><em>.</em></span> 
     </span>
    </p>
   </div>
   <div class='ocr_carea' id='block_1_2' title="bbox 81 875 1134 3930">
    <p class='ocr_par' dir='ltr' id='par_1_2' title="bbox 109 875 1131 1969">
     <span class='ocr_line' id='line_1_2' title="bbox 109 875 1130 971; baseline -0.014 -18"><span class='ocrx_word' id='word_1_5' title='bbox 109 888 264 971; x_wconf 71' lang='grc' dir='ltr'><em>τήσωμεν,</em></span> <span class='ocrx_word' id='word_1_6' title='bbox 293 886 381 965; x_wconf 80' lang='grc' dir='ltr'><strong><em>δῶρα</em></strong></span> <span class='ocrx_word' id='word_1_7' title='bbox 402 889 445 968; x_wconf 79' lang='grc' dir='ltr'><strong>τῷ</strong></span> <span class='ocrx_word' id='word_1_8' title='bbox 466 885 533 967; x_wconf 70' lang='grc' dir='ltr'><strong>θεῷ</strong></span> <span class='ocrx_word' id='word_1_9' title='bbox 555 879 742 959; x_wconf 69' lang='grc' dir='ltr'><strong>κομίζοντες,</strong></span> <span class='ocrx_word' id='word_1_10' title='bbox 766 876 855 959; x_wconf 76' lang='grc' dir='ltr'><strong>δῶρα</strong></span> <span class='ocrx_word' id='word_1_11' title='bbox 876 875 1005 939; x_wconf 77' lang='grc' dir='ltr'><em>πάντων</em></span> <span class='ocrx_word' id='word_1_12' title='bbox 1029 878 1130 958; x_wconf 75' lang='grc' dir='ltr'><strong><em>τιμιώ-</em></strong></span> 
     </span>
     <span class='ocr_line' id='line_1_3' title="bbox 109 960 1130 1054; baseline -0.005 -24"><span class='ocrx_word' id='word_1_13' title='bbox 109 998 199 1054; x_wconf 66' lang='grc' dir='ltr'><em>τερα,</em></span> <span class='ocrx_word' id='word_1_14' title='bbox 228 972 283 1043; x_wconf 82' lang='grc' dir='ltr'><strong>τὰς</strong></span> <span class='ocrx_word' id='word_1_15' title='bbox 310 968 415 1048; x_wconf 75' lang='grc' dir='ltr'><em>ψυχὰς</em></span> <span class='ocrx_word' id='word_1_16' title='bbox 442 974 504 1029; x_wconf 83' lang='grc' dir='ltr'><strong>τῶν</strong></span> <span class='ocrx_word' id='word_1_17' title='bbox 531 963 768 1044; x_wconf 74' lang='grc' dir='ltr'><strong>πεπλανημένων</strong></span> <span class='ocrx_word' id='word_1_18' title='bbox 788 960 1045 1043; x_wconf 67' lang='grc' dir='ltr'><strong>ἔπαναγαγόνῑες.</strong></span> <span class='ocrx_word' id='word_1_19' title='bbox 1087 969 1130 1025; x_wconf 72' lang='lat' dir='ltr'><strong>tta</strong></span> 
     </span>
     <span class='ocr_line' id='line_1_4' title="bbox 111 1040 1130 1132; baseline -0.013 -9"><span class='ocrx_word' id='word_1_20' title='bbox 111 1065 238 1123; x_wconf 80' lang='lat' dir='ltr'><strong>Erasmus</strong></span> <span class='ocrx_word' id='word_1_21' title='bbox 261 1060 340 1117; x_wconf 79' lang='lat' dir='ltr'><strong>verba</strong></span> <span class='ocrx_word' id='word_1_22' title='bbox 362 1059 406 1115; x_wconf 88' lang='lat' dir='ltr'><strong>iiia</strong></span> <span class='ocrx_word' id='word_1_23' title='bbox 429 1054 471 1124; x_wconf 77' lang='lat' dir='ltr'><strong>alc</strong></span> <span class='ocrx_word' id='word_1_24' title='bbox 490 1051 546 1132; x_wconf 77' lang='grc' dir='ltr'><strong>τὴν</strong></span> <span class='ocrx_word' id='word_1_25' title='bbox 567 1051 711 1113; x_wconf 71' lang='grc' dir='ltr'><strong>ἐπιοῦσαν</strong></span> <span class='ocrx_word' id='word_1_26' title='bbox 731 1040 857 1121; x_wconf 57' lang='lat' dir='ltr'><strong>ulcero</strong></span> <span class='ocrx_word' id='word_1_27' title='bbox 871 1063 1004 1117; x_wconf 81' lang='lat' dir='ltr'><strong>verterat,</strong></span> <span class='ocrx_word' id='word_1_28' title='bbox 1027 1055 1059 1111; x_wconf 82' lang='lat' dir='ltr'><strong>ln</strong></span> <span class='ocrx_word' id='word_1_29' title='bbox 1073 1072 1130 1110; x_wconf 84' lang='lat' dir='ltr'><strong>cra·</strong></span> 
     </span>
     <span class='ocr_line' id='line_1_5' title="bbox 110 1136 1131 1213; baseline -0.01 -7"><span class='ocrx_word' id='word_1_30' title='bbox 110 1151 187 1207; x_wconf 80' lang='lat' dir='ltr'><strong>atina</strong></span> <span class='ocrx_word' id='word_1_31' title='bbox 210 1147 410 1203; x_wconf 70' lang='lat' dir='ltr'><strong>communicare.</strong></span> <span class='ocrx_word' id='word_1_32' title='bbox 439 1144 517 1212; x_wconf 80' lang='lat' dir='ltr'><strong>Quod</strong></span> <span class='ocrx_word' id='word_1_33' title='bbox 540 1141 637 1197; x_wconf 88' lang='lat' dir='ltr'><strong>merito</strong></span> <span class='ocrx_word' id='word_1_34' title='bbox 659 1137 859 1213; x_wconf 83' lang='lat' dir='ltr'><strong>reprehensum</strong></span> <span class='ocrx_word' id='word_1_35' title='bbox 880 1154 897 1193; x_wconf 78' lang='lat' dir='ltr'><strong>a</strong></span> <span class='ocrx_word' id='word_1_36' title='bbox 922 1136 1065 1196; x_wconf 78' lang='lat' dir='ltr'><strong>Frontone</strong></span> <span class='ocrx_word' id='word_1_37' title='bbox 1085 1157 1131 1196; x_wconf 84' lang='lat' dir='ltr'><strong>nc-</strong></span> 
     </span>
     <span class='ocr_line' id='line_1_6' title="bbox 112 1222 1130 1305; baseline -0.007 -19"><span class='ocrx_word' id='word_1_38' title='bbox 112 1244 186 1298; x_wconf 77' lang='lat' dir='ltr'><strong>cmo,</strong></span> <span class='ocrx_word' id='word_1_39' title='bbox 215 1248 320 1305; x_wconf 75' lang='lat' dir='ltr'><strong>proque</strong></span> <span class='ocrx_word' id='word_1_40' title='bbox 348 1228 548 1285; x_wconf 71' lang='lat' dir='ltr'><strong><em>communionis</em></strong></span> <span class='ocrx_word' id='word_1_41' title='bbox 576 1223 706 1281; x_wconf 86' lang='lat' dir='ltr'><strong>vocabulo</strong></span> <span class='ocrx_word' id='word_1_42' title='bbox 734 1222 881 1281; x_wconf 81' lang='lat' dir='ltr'><strong>substituta</strong></span> <span class='ocrx_word' id='word_1_43' title='bbox 915 1241 966 1280; x_wconf 75' lang='lat' dir='ltr'><strong>roa</strong></span> <span class='ocrx_word' id='word_1_44' title='bbox 995 1226 1130 1281; x_wconf 75' lang='lat' dir='ltr'><strong>collectae.</strong></span> 
     </span>
     <span class='ocr_line' id='line_1_7' title="bbox 113 1302 1131 1391; baseline -0.01 -16"><span class='ocrx_word' id='word_1_45' title='bbox 113 1317 254 1391; x_wconf 75' lang='lat' dir='ltr'><strong>displicuit</strong></span> <span class='ocrx_word' id='word_1_46' title='bbox 277 1316 342 1371; x_wconf 84' lang='lat' dir='ltr'><strong>inec</strong></span> <span class='ocrx_word' id='word_1_47' title='bbox 365 1312 517 1369; x_wconf 81' lang='lat' dir='ltr'><strong>emendatio</strong></span> <span class='ocrx_word' id='word_1_48' title='bbox 535 1308 704 1373; x_wconf 76' lang='lat' dir='ltr'><strong>Casairlrona</strong></span> <span class='ocrx_word' id='word_1_49' title='bbox 727 1309 773 1382; x_wconf 84' lang='lat' dir='ltr'><strong>qui</strong></span> <span class='ocrx_word' id='word_1_50' title='bbox 796 1325 859 1364; x_wconf 89' lang='lat' dir='ltr'><strong>cum</strong></span> <span class='ocrx_word' id='word_1_51' title='bbox 874 1308 992 1365; x_wconf 61' lang='lat' dir='ltr'><strong>&amp;asmo</strong></span> <span class='ocrx_word' id='word_1_52' title='bbox 1015 1302 1131 1379; x_wconf 70' lang='grc' dir='ltr'><strong>σόνυξιν</strong></span> 
     </span>
     <span class='ocr_line' id='line_1_8' title="bbox 112 1393 1129 1471; baseline -0.01 -10"><span class='ocrx_word' id='word_1_53' title='bbox 112 1402 166 1461; x_wconf 85' lang='lat' dir='ltr'><strong>illic</strong></span> <span class='ocrx_word' id='word_1_54' title='bbox 194 1398 411 1457; x_wconf 83' lang='lat' dir='ltr'><strong>communionem</strong></span> <span class='ocrx_word' id='word_1_55' title='bbox 441 1414 501 1453; x_wconf 83' lang='lat' dir='ltr'><strong>esee</strong></span> <span class='ocrx_word' id='word_1_56' title='bbox 524 1394 658 1457; x_wconf 81' lang='lat' dir='ltr'><strong>defendit.</strong></span> <span class='ocrx_word' id='word_1_57' title='bbox 688 1412 721 1450; x_wconf 88' lang='lat' dir='ltr'><strong>eo</strong></span> <span class='ocrx_word' id='word_1_58' title='bbox 744 1393 831 1450; x_wconf 78' lang='lat' dir='ltr'><strong>iratus</strong></span> <span class='ocrx_word' id='word_1_59' title='bbox 852 1405 1038 1466; x_wconf 77' lang='lat' dir='ltr'><strong>argumento.</strong></span> <span class='ocrx_word' id='word_1_60' title='bbox 1065 1397 1129 1471; x_wconf 79' lang='lat' dir='ltr'><strong>qnod</strong></span> 
     </span>
     <span class='ocr_line' id='line_1_9' title="bbox 114 1477 1129 1554; baseline -0.005 -14"><span class='ocrx_word' id='word_1_61' title='bbox 114 1486 248 1542; x_wconf 71' lang='lat' dir='ltr'><strong>alanorum</strong></span> <span class='ocrx_word' id='word_1_62' title='bbox 276 1481 392 1548; x_wconf 85' lang='lat' dir='ltr'><strong>oblatio,</strong></span> <span class='ocrx_word' id='word_1_63' title='bbox 422 1481 457 1537; x_wconf 90' lang='lat' dir='ltr'><strong>de</strong></span> <span class='ocrx_word' id='word_1_64' title='bbox 483 1480 582 1553; x_wconf 83' lang='lat' dir='ltr'><strong>quibus</strong></span> <span class='ocrx_word' id='word_1_65' title='bbox 603 1479 725 1554; x_wconf 84' lang='lat' dir='ltr'><strong>loquitur</strong></span> <span class='ocrx_word' id='word_1_66' title='bbox 746 1477 977 1551; x_wconf 77' lang='lat' dir='ltr'><strong>thrysosromas,</strong></span> <span class='ocrx_word' id='word_1_67' title='bbox 1008 1479 1129 1537; x_wconf 80' lang='lat' dir='ltr'><strong>Euchari-</strong></span> 
     </span>
     <span class='ocr_line' id='line_1_10' title="bbox 112 1555 1127 1640; baseline -0.005 -14"><span class='ocrx_word' id='word_1_68' title='bbox 112 1571 191 1627; x_wconf 87' lang='lat' dir='ltr'><strong>stiam</strong></span> <span class='ocrx_word' id='word_1_69' title='bbox 218 1566 353 1640; x_wconf 77' lang='lat' dir='ltr'><strong>designet.</strong></span> <span class='ocrx_word' id='word_1_70' title='bbox 398 1564 452 1622; x_wconf 86' lang='lat' dir='ltr'><strong>Sed</strong></span> <span class='ocrx_word' id='word_1_71' title='bbox 481 1566 547 1621; x_wconf 86' lang='lat' dir='ltr'><strong>mira</strong></span> <span class='ocrx_word' id='word_1_72' title='bbox 577 1575 620 1622; x_wconf 88' lang='lat' dir='ltr'><strong>est</strong></span> <span class='ocrx_word' id='word_1_73' title='bbox 641 1564 730 1620; x_wconf 82' lang='lat' dir='ltr'><strong>Critici</strong></span> <span class='ocrx_word' id='word_1_74' title='bbox 752 1562 823 1620; x_wconf 87' lang='lat' dir='ltr'><strong>illius</strong></span> <span class='ocrx_word' id='word_1_75' title='bbox 846 1555 1030 1639; x_wconf 76' lang='grc' dir='ltr'><strong><em>ἀπροσεξιά.</em></strong></span> <span class='ocrx_word' id='word_1_76' title='bbox 1071 1565 1127 1621; x_wconf 72' lang='lat' dir='ltr'><strong>Nan</strong></span> 
     </span>
     <span class='ocr_line' id='line_1_11' title="bbox 114 1647 1127 1727; baseline -0.002 -19"><span class='ocrx_word' id='word_1_77' title='bbox 114 1650 200 1727; x_wconf 72' lang='grc' dir='ltr'><strong>δῶρα</strong></span> <span class='ocrx_word' id='word_1_78' title='bbox 223 1651 272 1707; x_wconf 90' lang='lat' dir='ltr'><strong>ista</strong></span> <span class='ocrx_word' id='word_1_79' title='bbox 296 1667 350 1706; x_wconf 90' lang='lat' dir='ltr'><strong>uon</strong></span> <span class='ocrx_word' id='word_1_80' title='bbox 374 1658 438 1705; x_wconf 91' lang='lat' dir='ltr'><strong>sunt</strong></span> <span class='ocrx_word' id='word_1_81' title='bbox 460 1651 537 1723; x_wconf 84' lang='lat' dir='ltr'><strong>panis</strong></span> <span class='ocrx_word' id='word_1_82' title='bbox 560 1659 588 1705; x_wconf 89' lang='lat' dir='ltr'><strong>et</strong></span> <span class='ocrx_word' id='word_1_83' title='bbox 610 1649 708 1713; x_wconf 83' lang='lat' dir='ltr'><strong>vinum,</strong></span> <span class='ocrx_word' id='word_1_84' title='bbox 732 1665 801 1721; x_wconf 84' lang='lat' dir='ltr'><strong>quae</strong></span> <span class='ocrx_word' id='word_1_85' title='bbox 823 1649 856 1704; x_wconf 91' lang='lat' dir='ltr'><strong>ad</strong></span> <span class='ocrx_word' id='word_1_86' title='bbox 870 1647 1127 1707; x_wconf 78' lang='lat' dir='ltr'><strong>Euclionistiemad·</strong></span> 
     </span>
     <span class='ocr_line' id='line_1_12' title="bbox 114 1727 1125 1808; baseline -0.004 -15"><span class='ocrx_word' id='word_1_87' title='bbox 114 1737 258 1801; x_wconf 81' lang='lat' dir='ltr'><strong>bibentur,</strong></span> <span class='ocrx_word' id='word_1_88' title='bbox 287 1744 335 1791; x_wconf 89' lang='lat' dir='ltr'><strong>aut</strong></span> <span class='ocrx_word' id='word_1_89' title='bbox 356 1735 523 1791; x_wconf 81' lang='lat' dir='ltr'><strong>Eucharistia</strong></span> <span class='ocrx_word' id='word_1_90' title='bbox 545 1727 631 1808; x_wconf 81' lang='lat' dir='ltr'><strong>ipsa,&#39;</strong></span> <span class='ocrx_word' id='word_1_91' title='bbox 650 1736 697 1790; x_wconf 84' lang='lat' dir='ltr'><strong>sed</strong></span> <span class='ocrx_word' id='word_1_92' title='bbox 720 1733 846 1789; x_wconf 89' lang='lat' dir='ltr'><strong>nimirum</strong></span> <span class='ocrx_word' id='word_1_93' title='bbox 867 1732 987 1792; x_wconf 78' lang='lat' dir='ltr'><strong>fratrum</strong></span> <span class='ocrx_word' id='word_1_94' title='bbox 1012 1745 1039 1791; x_wconf 82' lang='lat' dir='ltr'><strong>ct</strong></span> <span class='ocrx_word' id='word_1_95' title='bbox 1058 1735 1125 1791; x_wconf 78' lang='lat' dir='ltr'><strong>cbri-</strong></span> 
     </span>
     <span class='ocr_line' id='line_1_13' title="bbox 114 1816 1128 1892; baseline -0.003 -14"><span class='ocrx_word' id='word_1_96' title='bbox 114 1822 263 1879; x_wconf 78' lang='lat' dir='ltr'><strong>alienorum</strong></span> <span class='ocrx_word' id='word_1_97' title='bbox 286 1820 399 1886; x_wconf 83' lang='lat' dir='ltr'><strong>animae,</strong></span> <span class='ocrx_word' id='word_1_98' title='bbox 423 1819 523 1892; x_wconf 85' lang='lat' dir='ltr'><strong>quibus</strong></span> <span class='ocrx_word' id='word_1_99' title='bbox 544 1820 577 1876; x_wconf 85' lang='lat' dir='ltr'><strong>ad</strong></span> <span class='ocrx_word' id='word_1_100' title='bbox 594 1819 710 1892; x_wconf 77' lang='lat' dir='ltr'><strong>Synaxia</strong></span> <span class='ocrx_word' id='word_1_101' title='bbox 732 1816 897 1875; x_wconf 76' lang='lat' dir='ltr'><strong>adducendis</strong></span> <span class='ocrx_word' id='word_1_102' title='bbox 922 1828 951 1875; x_wconf 90' lang='lat' dir='ltr'><strong>et</strong></span> <span class='ocrx_word' id='word_1_103' title='bbox 973 1837 1128 1877; x_wconf 80' lang='lat' dir='ltr'><strong>consentu·</strong></span> 
     </span>
     <span class='ocr_line' id='line_1_14' title="bbox 115 1901 810 1969; baseline -0.007 -5"><span class='ocrx_word' id='word_1_104' title='bbox 115 1906 155 1965; x_wconf 86' lang='lat' dir='ltr'><strong>dis</strong></span> <span class='ocrx_word' id='word_1_105' title='bbox 178 1915 209 1962; x_wconf 90' lang='lat' dir='ltr'><strong>ut</strong></span> <span class='ocrx_word' id='word_1_106' title='bbox 230 1905 366 1969; x_wconf 88' lang='lat' dir='ltr'><strong>studeant,</strong></span> <span class='ocrx_word' id='word_1_107' title='bbox 389 1905 528 1961; x_wconf 75' lang='lat' dir='ltr'><strong>auditores</strong></span> <span class='ocrx_word' id='word_1_108' title='bbox 550 1922 616 1960; x_wconf 83' lang='lat' dir='ltr'><strong>suos</strong></span> <span class='ocrx_word' id='word_1_109' title='bbox 639 1901 810 1961; x_wconf 80' lang='lat' dir='ltr'><strong>admonebat.</strong></span> 
     </span>
    </p>

    <p class='ocr_par' dir='ltr' id='par_1_3' title="bbox 81 1987 1134 3930">
     <span class='ocr_line' id='line_1_15' title="bbox 200 1987 1130 2063; baseline -0.001 -17"><span class='ocrx_word' id='word_1_110' title='bbox 200 1990 341 2046; x_wconf 84' lang='lat' dir='ltr'><strong>Proximus</strong></span> <span class='ocrx_word' id='word_1_111' title='bbox 364 1999 406 2045; x_wconf 90' lang='lat' dir='ltr'><strong>est</strong></span> <span class='ocrx_word' id='word_1_112' title='bbox 427 1989 571 2063; x_wconf 84' lang='lat' dir='ltr'><strong>Epiphanii</strong></span> <span class='ocrx_word' id='word_1_113' title='bbox 593 1988 638 2045; x_wconf 87' lang='lat' dir='ltr'><strong>ille</strong></span> <span class='ocrx_word' id='word_1_114' title='bbox 659 1989 719 2062; x_wconf 83' lang='lat' dir='ltr'><strong>ipse</strong></span> <span class='ocrx_word' id='word_1_115' title='bbox 739 1987 831 2051; x_wconf 83' lang='lat' dir='ltr'><strong>locus.</strong></span> <span class='ocrx_word' id='word_1_116' title='bbox 854 2004 940 2060; x_wconf 88' lang='lat' dir='ltr'><strong>quem</strong></span> <span class='ocrx_word' id='word_1_117' title='bbox 964 2006 1033 2062; x_wconf 76' lang='lat' dir='ltr'><strong>prae</strong></span> <span class='ocrx_word' id='word_1_118' title='bbox 1055 1989 1130 2045; x_wconf 77' lang='lat' dir='ltr'><strong>maai·</strong></span> 
     </span>
     <span class='ocr_line' id='line_1_16' title="bbox 114 2071 1131 2147; baseline -0.003 -16"><span class='ocrx_word' id='word_1_119' title='bbox 114 2073 166 2131; x_wconf 87' lang='lat' dir='ltr'><strong>bus</strong></span> <span class='ocrx_word' id='word_1_120' title='bbox 194 2073 342 2136; x_wconf 85' lang='lat' dir='ltr'><strong>habemus,</strong></span> <span class='ocrx_word' id='word_1_121' title='bbox 370 2074 399 2129; x_wconf 90' lang='lat' dir='ltr'><strong>ia</strong></span> <span class='ocrx_word' id='word_1_122' title='bbox 428 2091 482 2147; x_wconf 89' lang='lat' dir='ltr'><strong>quo</strong></span> <span class='ocrx_word' id='word_1_123' title='bbox 506 2074 624 2146; x_wconf 74' lang='lat' dir='ltr'><strong>Syrianes</strong></span> <span class='ocrx_word' id='word_1_124' title='bbox 653 2073 691 2129; x_wconf 86' lang='lat' dir='ltr'><strong>ait</strong></span> <span class='ocrx_word' id='word_1_125' title='bbox 712 2090 744 2131; x_wconf 79' lang='lat' dir='ltr'><strong>er</strong></span> <span class='ocrx_word' id='word_1_126' title='bbox 764 2071 921 2147; x_wconf 72' lang='lat' dir='ltr'><strong>Apostolica</strong></span> <span class='ocrx_word' id='word_1_127' title='bbox 944 2074 1131 2131; x_wconf 80' lang='lat' dir='ltr'><strong>traditionem</strong></span> 
     </span>
     <span class='ocr_line' id='line_1_17' title="bbox 115 2157 1132 2232; baseline -0.002 -17"><span class='ocrx_word' id='word_1_128' title='bbox 115 2158 209 2215; x_wconf 79' lang='lat' dir='ltr'><strong>feriam</strong></span> <span class='ocrx_word' id='word_1_129' title='bbox 238 2167 361 2232; x_wconf 84' lang='lat' dir='ltr'><strong>quartam</strong></span> <span class='ocrx_word' id='word_1_130' title='bbox 389 2167 416 2214; x_wconf 90' lang='lat' dir='ltr'><strong>et</strong></span> <span class='ocrx_word' id='word_1_131' title='bbox 445 2158 623 2214; x_wconf 86' lang='lat' dir='ltr'><strong>Parasceuem</strong></span> <span class='ocrx_word' id='word_1_132' title='bbox 651 2176 683 2214; x_wconf 84' lang='lat' dir='ltr'><strong>ac</strong></span> <span class='ocrx_word' id='word_1_133' title='bbox 713 2157 876 2215; x_wconf 75' lang='lat' dir='ltr'><strong>bauaima</strong></span> <span class='ocrx_word' id='word_1_134' title='bbox 910 2158 1052 2215; x_wconf 85' lang='lat' dir='ltr'><strong>incidere:</strong></span> <span class='ocrx_word' id='word_1_135' title='bbox 1085 2159 1132 2214; x_wconf 86' lang='lat' dir='ltr'><strong>llic</strong></span> 
     </span>
     <span class='ocr_line' id='line_1_18' title="bbox 111 2241 1132 2316; baseline 0.003 -19"><span class='ocrx_word' id='word_1_136' title='bbox 111 2250 204 2316; x_wconf 72' lang='lat' dir='ltr'><strong>potest</strong></span> <span class='ocrx_word' id='word_1_137' title='bbox 226 2244 352 2299; x_wconf 75' lang='lat' dir='ltr'><strong>dubitari</strong></span> <span class='ocrx_word' id='word_1_138' title='bbox 375 2241 539 2313; x_wconf 81' lang='lat' dir='ltr'><strong>(Cnsauboni</strong></span> <span class='ocrx_word' id='word_1_139' title='bbox 561 2245 640 2298; x_wconf 88' lang='lat' dir='ltr'><strong>verba</strong></span> <span class='ocrx_word' id='word_1_140' title='bbox 664 2247 740 2314; x_wconf 84' lang='lat' dir='ltr'><strong>snat)</strong></span> <span class='ocrx_word' id='word_1_141' title='bbox 768 2259 807 2298; x_wconf 81' lang='lat' dir='ltr'><strong>an</strong></span> <span class='ocrx_word' id='word_1_142' title='bbox 827 2242 999 2314; x_wconf 74' lang='lat' dir='ltr'><strong>simpliciter</strong></span> <span class='ocrx_word' id='word_1_143' title='bbox 1021 2261 1132 2301; x_wconf 76' lang='lat' dir='ltr'><strong>cronaca·</strong></span> 
     </span>
     <span class='ocr_line' id='line_1_19' title="bbox 116 2328 1133 2399; baseline 0.002 -16"><span class='ocrx_word' id='word_1_144' title='bbox 116 2337 159 2384; x_wconf 79' lang='lat' dir='ltr'><strong>tos</strong></span> <span class='ocrx_word' id='word_1_145' title='bbox 181 2329 258 2384; x_wconf 74' lang='lat' dir='ltr'><strong>sacri</strong></span> <span class='ocrx_word' id='word_1_146' title='bbox 281 2329 486 2399; x_wconf 72' lang='lat' dir='ltr'><strong>intelliaanlnr,</strong></span> <span class='ocrx_word' id='word_1_147' title='bbox 510 2329 548 2383; x_wconf 89' lang='lat' dir='ltr'><strong>ad</strong></span> <span class='ocrx_word' id='word_1_148' title='bbox 569 2331 684 2384; x_wconf 77' lang='lat' dir='ltr'><strong>uerbum</strong></span> <span class='ocrx_word' id='word_1_149' title='bbox 702 2328 869 2383; x_wconf 66' lang='lat' dir='ltr'><strong>audendum</strong></span> <span class='ocrx_word' id='word_1_150' title='bbox 885 2335 913 2382; x_wconf 89' lang='lat' dir='ltr'><strong>et</strong></span> <span class='ocrx_word' id='word_1_151' title='bbox 928 2331 1082 2393; x_wconf 81' lang='lat' dir='ltr'><strong>arandam,</strong></span> <span class='ocrx_word' id='word_1_152' title='bbox 1101 2346 1133 2385; x_wconf 78' lang='lat' dir='ltr'><strong>cr</strong></span> 
     </span>
     <span class='ocr_line' id='line_1_20' title="bbox 115 2411 1132 2486; baseline -0.002 -17"><span class='ocrx_word' id='word_1_153' title='bbox 115 2414 201 2469; x_wconf 67' lang='lat' dir='ltr'><strong>alam</strong></span> <span class='ocrx_word' id='word_1_154' title='bbox 232 2415 265 2469; x_wconf 87' lang='lat' dir='ltr'><strong>de</strong></span> <span class='ocrx_word' id='word_1_155' title='bbox 296 2429 401 2469; x_wconf 87' lang='lat' dir='ltr'><strong>coenae</strong></span> <span class='ocrx_word' id='word_1_156' title='bbox 432 2413 547 2469; x_wconf 83' lang='lat' dir='ltr'><strong>llomini</strong></span> <span class='ocrx_word' id='word_1_157' title='bbox 578 2414 765 2470; x_wconf 81' lang='lat' dir='ltr'><strong>celebratione</strong></span> <span class='ocrx_word' id='word_1_158' title='bbox 795 2413 915 2468; x_wconf 71' lang='lat' dir='ltr'><strong>smero</strong></span> <span class='ocrx_word' id='word_1_159' title='bbox 947 2411 1132 2486; x_wconf 71' lang='lat' dir='ltr'><strong>Epipbariur.</strong></span> 
     </span>
     <span class='ocr_line' id='line_1_21' title="bbox 116 2498 1133 2557; baseline 0.001 -3"><span class='ocrx_word' id='word_1_160' title='bbox 116 2498 200 2555; x_wconf 78' lang='lat' dir='ltr'><strong>Ratio</strong></span> <span class='ocrx_word' id='word_1_161' title='bbox 228 2499 377 2554; x_wconf 77' lang='lat' dir='ltr'><strong>dubitandi</strong></span> <span class='ocrx_word' id='word_1_162' title='bbox 405 2499 496 2554; x_wconf 81' lang='lat' dir='ltr'><strong>oritur</strong></span> <span class='ocrx_word' id='word_1_163' title='bbox 524 2514 560 2553; x_wconf 85' lang='lat' dir='ltr'><strong>ea</strong></span> <span class='ocrx_word' id='word_1_164' title='bbox 584 2499 780 2557; x_wconf 76' lang='lat' dir='ltr'><strong>,obseruatione</strong></span> <span class='ocrx_word' id='word_1_165' title='bbox 801 2498 917 2554; x_wconf 79' lang='lat' dir='ltr'><strong>dicerca</strong></span> <span class='ocrx_word' id='word_1_166' title='bbox 939 2507 1068 2554; x_wconf 68' lang='lat' dir='ltr'><strong>comm</strong></span> <span class='ocrx_word' id='word_1_167' title='bbox 1087 2498 1133 2555; x_wconf 77' lang='lat' dir='ltr'><strong>bc·</strong></span> 
     </span>
     <span class='ocr_line' id='line_1_22' title="bbox 116 2582 1132 2656; baseline -0.001 -16"><span class='ocrx_word' id='word_1_168' title='bbox 116 2585 274 2640; x_wconf 78' lang='lat' dir='ltr'><strong>cleriacum.</strong></span> <span class='ocrx_word' id='word_1_169' title='bbox 304 2583 389 2648; x_wconf 74' lang='lat' dir='ltr'><strong>Nam,</strong></span> <span class='ocrx_word' id='word_1_170' title='bbox 411 2592 441 2637; x_wconf 84' lang='lat' dir='ltr'><strong>al</strong></span> <span class='ocrx_word' id='word_1_171' title='bbox 463 2590 582 2638; x_wconf 82' lang='lat' dir='ltr'><strong>testator</strong></span> <span class='ocrx_word' id='word_1_172' title='bbox 596 2582 736 2648; x_wconf 78' lang='lat' dir='ltr'><strong>Socrates,</strong></span> <span class='ocrx_word' id='word_1_173' title='bbox 756 2583 910 2656; x_wconf 71' lang='lat' dir='ltr'><strong>pleraeque</strong></span> <span class='ocrx_word' id='word_1_174' title='bbox 934 2599 1033 2639; x_wconf 75' lang='lat' dir='ltr'><strong>ornnes</strong></span> <span class='ocrx_word' id='word_1_175' title='bbox 1050 2592 1132 2640; x_wconf 83' lang='lat' dir='ltr'><strong>terra·</strong></span> 
     </span>
     <span class='ocr_line' id='line_1_23' title="bbox 115 2665 1132 2740; baseline 0.001 -16"><span class='ocrx_word' id='word_1_176' title='bbox 115 2686 178 2724; x_wconf 83' lang='lat' dir='ltr'><strong>rani</strong></span> <span class='ocrx_word' id='word_1_177' title='bbox 200 2670 276 2724; x_wconf 85' lang='lat' dir='ltr'><strong>orbis</strong></span> <span class='ocrx_word' id='word_1_178' title='bbox 289 2667 436 2724; x_wconf 75' lang='lat' dir='ltr'><strong>Ecclesiae</strong></span> <span class='ocrx_word' id='word_1_179' title='bbox 459 2676 485 2722; x_wconf 87' lang='lat' dir='ltr'><strong>et</strong></span> <span class='ocrx_word' id='word_1_180' title='bbox 505 2667 550 2723; x_wconf 79' lang='lat' dir='ltr'><strong>bic</strong></span> <span class='ocrx_word' id='word_1_181' title='bbox 574 2668 670 2724; x_wconf 84' lang='lat' dir='ltr'><strong>diebos</strong></span> <span class='ocrx_word' id='word_1_182' title='bbox 693 2677 719 2723; x_wconf 88' lang='lat' dir='ltr'><strong>et</strong></span> <span class='ocrx_word' id='word_1_183' title='bbox 741 2665 873 2724; x_wconf 81' lang='lat' dir='ltr'><strong>Sabbolis</strong></span> <span class='ocrx_word' id='word_1_184' title='bbox 896 2669 984 2725; x_wconf 79' lang='lat' dir='ltr'><strong>ellani</strong></span> <span class='ocrx_word' id='word_1_185' title='bbox 1007 2670 1050 2725; x_wconf 88' lang='lat' dir='ltr'><strong>ad</strong></span> <span class='ocrx_word' id='word_1_186' title='bbox 1069 2669 1132 2740; x_wconf 66' lang='lat' dir='ltr'><strong>Syn·</strong></span> 
     </span>
     <span class='ocr_line' id='line_1_24' title="bbox 116 2738 1132 2824; baseline 0 -15"><span class='ocrx_word' id='word_1_187' title='bbox 116 2770 185 2810; x_wconf 81' lang='lat' dir='ltr'><strong>caer</strong></span> <span class='ocrx_word' id='word_1_188' title='bbox 214 2754 432 2816; x_wconf 78' lang='lat' dir='ltr'><strong>conveniebant,</strong></span> <span class='ocrx_word' id='word_1_189' title='bbox 460 2738 616 2824; x_wconf 76' lang='lat' dir='ltr'><strong>ln&#39;qaibac</strong></span> <span class='ocrx_word' id='word_1_190' title='bbox 638 2753 770 2822; x_wconf 74' lang='lat' dir='ltr'><strong>mysteria</strong></span> <span class='ocrx_word' id='word_1_191' title='bbox 792 2754 1025 2811; x_wconf 72' lang='lat' dir='ltr'><strong>celebrabantur.</strong></span> <span class='ocrx_word' id='word_1_192' title='bbox 1070 2754 1132 2809; x_wconf 76' lang='lat' dir='ltr'><strong>Haec</strong></span> 
     </span>
     <span class='ocr_line' id='line_1_25' title="bbox 115 2837 1131 2912; baseline 0.002 -19"><span class='ocrx_word' id='word_1_193' title='bbox 115 2837 169 2895; x_wconf 86' lang='lat' dir='ltr'><strong>ille.</strong></span> <span class='ocrx_word' id='word_1_194' title='bbox 214 2838 267 2895; x_wconf 86' lang='lat' dir='ltr'><strong>Sed</strong></span> <span class='ocrx_word' id='word_1_195' title='bbox 296 2837 368 2911; x_wconf 87' lang='lat' dir='ltr'><strong>quod</strong></span> <span class='ocrx_word' id='word_1_196' title='bbox 392 2837 531 2893; x_wconf 86' lang='lat' dir='ltr'><strong>Socratem</strong></span> <span class='ocrx_word' id='word_1_197' title='bbox 560 2838 692 2894; x_wconf 78' lang='lat' dir='ltr'><strong>affirmare</strong></span> <span class='ocrx_word' id='word_1_198' title='bbox 714 2837 777 2894; x_wconf 88' lang='lat' dir='ltr'><strong>dicit</strong></span> <span class='ocrx_word' id='word_1_199' title='bbox 798 2839 826 2893; x_wconf 90' lang='lat' dir='ltr'><strong>ia</strong></span> <span class='ocrx_word' id='word_1_200' title='bbox 848 2837 989 2912; x_wconf 81' lang='lat' dir='ltr'><strong>plerisque</strong></span> <span class='ocrx_word' id='word_1_201' title='bbox 1013 2837 1131 2895; x_wconf 75' lang='lat' dir='ltr'><strong>amatu</strong></span> 
     </span>
     <span class='ocr_line' id='line_1_26' title="bbox 115 2921 1130 2996; baseline 0.003 -17"><span class='ocrx_word' id='word_1_202' title='bbox 115 2933 249 2980; x_wconf 88' lang='lat' dir='ltr'><strong>terrarum</strong></span> <span class='ocrx_word' id='word_1_203' title='bbox 272 2922 346 2979; x_wconf 87' lang='lat' dir='ltr'><strong>orbis</strong></span> <span class='ocrx_word' id='word_1_204' title='bbox 368 2921 496 2979; x_wconf 83' lang='lat' dir='ltr'><strong>Ecclesiis</strong></span> <span class='ocrx_word' id='word_1_205' title='bbox 511 2922 631 2995; x_wconf 75' lang='lat' dir='ltr'><strong>Synaxes</strong></span> <span class='ocrx_word' id='word_1_206' title='bbox 654 2930 681 2978; x_wconf 89' lang='lat' dir='ltr'><strong>et</strong></span> <span class='ocrx_word' id='word_1_207' title='bbox 696 2921 821 2996; x_wconf 68' lang='lat' dir='ltr'><strong>biretoria</strong></span> <span class='ocrx_word' id='word_1_208' title='bbox 842 2922 907 2978; x_wconf 79' lang='lat' dir='ltr'><strong>feria</strong></span> <span class='ocrx_word' id='word_1_209' title='bbox 932 2933 1043 2996; x_wconf 75' lang='lat' dir='ltr'><strong>quarta,</strong></span> <span class='ocrx_word' id='word_1_210' title='bbox 1067 2932 1130 2981; x_wconf 72' lang='lat' dir='ltr'><strong>seth</strong></span> 
     </span>
     <span class='ocr_line' id='line_1_27' title="bbox 116 3005 1131 3084; baseline 0.002 -21"><span class='ocrx_word' id='word_1_211' title='bbox 116 3017 143 3065; x_wconf 89' lang='lat' dir='ltr'><strong>et</strong></span> <span class='ocrx_word' id='word_1_212' title='bbox 166 3007 284 3065; x_wconf 88' lang='lat' dir='ltr'><strong>Sabbato</strong></span> <span class='ocrx_word' id='word_1_213' title='bbox 308 3007 454 3072; x_wconf 81' lang='lat' dir='ltr'><strong>celebrari,</strong></span> <span class='ocrx_word' id='word_1_214' title='bbox 477 3005 650 3063; x_wconf 82' lang='lat' dir='ltr'><strong>falsissimum</strong></span> <span class='ocrx_word' id='word_1_215' title='bbox 673 3016 725 3063; x_wconf 84' lang='lat' dir='ltr'><strong>est</strong></span> <span class='ocrx_word' id='word_1_216' title='bbox 769 3007 806 3065; x_wconf 83' lang='lat' dir='ltr'><strong>be</strong></span> <span class='ocrx_word' id='word_1_217' title='bbox 828 3005 956 3064; x_wconf 77' lang='lat' dir='ltr'><strong>sabbatis</strong></span> <span class='ocrx_word' id='word_1_218' title='bbox 978 3008 1007 3065; x_wconf 89' lang='lat' dir='ltr'><strong>id</strong></span> <span class='ocrx_word' id='word_1_219' title='bbox 1031 3009 1131 3084; x_wconf 80' lang='lat' dir='ltr'><strong>quiden</strong></span> 
     </span>
     <span class='ocr_line' id='line_1_28' title="bbox 114 3091 1132 3157; baseline 0.004 -10"><span class='ocrx_word' id='word_1_220' title='bbox 114 3101 173 3148; x_wconf 89' lang='lat' dir='ltr'><strong>tota</strong></span> <span class='ocrx_word' id='word_1_221' title='bbox 196 3091 263 3148; x_wconf 88' lang='lat' dir='ltr'><strong>orbe</strong></span> <span class='ocrx_word' id='word_1_222' title='bbox 286 3093 491 3150; x_wconf 83' lang='lat' dir='ltr'><strong>usitatissimum</strong></span> <span class='ocrx_word' id='word_1_223' title='bbox 515 3108 585 3157; x_wconf 82' lang='lat' dir='ltr'><strong>esse,</strong></span> <span class='ocrx_word' id='word_1_224' title='bbox 608 3093 631 3148; x_wconf 86' lang='lat' dir='ltr'><strong>si</strong></span> <span class='ocrx_word' id='word_1_225' title='bbox 647 3092 791 3149; x_wconf 79' lang='lat' dir='ltr'><strong>Romanam</strong></span> <span class='ocrx_word' id='word_1_226' title='bbox 806 3091 955 3148; x_wconf 78' lang='lat' dir='ltr'><strong>Ecclesiam</strong></span> <span class='ocrx_word' id='word_1_227' title='bbox 978 3103 1011 3149; x_wconf 90' lang='lat' dir='ltr'><strong>et</strong></span> <span class='ocrx_word' id='word_1_228' title='bbox 1025 3094 1132 3151; x_wconf 65' lang='lat' dir='ltr'><strong>trena</strong></span> 
     </span>
     <span class='ocr_line' id='line_1_29' title="bbox 114 3175 1131 3250; baseline 0.006 -20"><span class='ocrx_word' id='word_1_229' title='bbox 114 3176 216 3231; x_wconf 83' lang='lat' dir='ltr'><strong>urinam</strong></span> <span class='ocrx_word' id='word_1_230' title='bbox 240 3177 389 3250; x_wconf 77' lang='lat' dir='ltr'><strong>exceperis.</strong></span> <span class='ocrx_word' id='word_1_231' title='bbox 413 3177 492 3233; x_wconf 89' lang='lat' dir='ltr'><strong>docet</strong></span> <span class='ocrx_word' id='word_1_232' title='bbox 514 3175 584 3233; x_wconf 87' lang='lat' dir='ltr'><strong>libro</strong></span> <span class='ocrx_word' id='word_1_233' title='bbox 606 3176 662 3241; x_wconf 84' lang='lat' dir='ltr'><strong>illo,</strong></span> <span class='ocrx_word' id='word_1_234' title='bbox 686 3193 766 3250; x_wconf 90' lang='lat' dir='ltr'><strong>quom</strong></span> <span class='ocrx_word' id='word_1_235' title='bbox 790 3175 967 3234; x_wconf 74' lang='lat' dir='ltr'><strong>casaubonus</strong></span> <span class='ocrx_word' id='word_1_236' title='bbox 989 3179 1068 3243; x_wconf 64' lang='lat' dir='ltr'><strong>catat.</strong></span> <span class='ocrx_word' id='word_1_237' title='bbox 1089 3176 1131 3235; x_wconf 70' lang='lat' dir='ltr'><strong>bt</strong></span> 
     </span>
     <span class='ocr_line' id='line_1_30' title="bbox 113 3259 1131 3336; baseline 0.005 -22"><span class='ocrx_word' id='word_1_238' title='bbox 113 3259 213 3315; x_wconf 80' lang='lat' dir='ltr'><strong>ctoriae</strong></span> <span class='ocrx_word' id='word_1_239' title='bbox 237 3262 266 3322; x_wconf 84' lang='lat'><strong>5,</strong></span> <span class='ocrx_word' id='word_1_240' title='bbox 284 3261 333 3317; x_wconf 84' lang='lat'><strong>21.</strong></span> <span class='ocrx_word' id='word_1_241' title='bbox 364 3261 442 3329; x_wconf 80' lang='lat' dir='ltr'><strong>Quod</strong></span> <span class='ocrx_word' id='word_1_242' title='bbox 463 3270 553 3317; x_wconf 88' lang='lat' dir='ltr'><strong>autem</strong></span> <span class='ocrx_word' id='word_1_243' title='bbox 575 3261 640 3318; x_wconf 83' lang='lat' dir='ltr'><strong>laria</strong></span> <span class='ocrx_word' id='word_1_244' title='bbox 662 3271 758 3335; x_wconf 85' lang='lat' dir='ltr'><strong>quarta</strong></span> <span class='ocrx_word' id='word_1_245' title='bbox 773 3269 880 3317; x_wconf 79' lang='lat' dir='ltr'><strong>certare</strong></span> <span class='ocrx_word' id='word_1_246' title='bbox 895 3260 1022 3334; x_wconf 74' lang='lat' dir='ltr'><strong>symm</strong></span> <span class='ocrx_word' id='word_1_247' title='bbox 1036 3274 1065 3321; x_wconf 82' lang='lat' dir='ltr'><strong>ct</strong></span> <span class='ocrx_word' id='word_1_248' title='bbox 1079 3280 1131 3336; x_wconf 67' lang='lat' dir='ltr'><strong>uy-</strong></span> 
     </span>
     <span class='ocr_line' id='line_1_31' title="bbox 114 3343 1132 3420; baseline 0.005 -22"><span class='ocrx_word' id='word_1_249' title='bbox 114 3351 196 3400; x_wconf 85' lang='lat' dir='ltr'><strong>stena</strong></span> <span class='ocrx_word' id='word_1_250' title='bbox 219 3343 353 3400; x_wconf 86' lang='lat' dir='ltr'><strong>celebrata</strong></span> <span class='ocrx_word' id='word_1_251' title='bbox 376 3345 486 3409; x_wconf 89' lang='lat' dir='ltr'><strong>luerint,</strong></span> <span class='ocrx_word' id='word_1_252' title='bbox 510 3363 642 3420; x_wconf 86' lang='lat' dir='ltr'><strong>nusquam</strong></span> <span class='ocrx_word' id='word_1_253' title='bbox 664 3345 792 3420; x_wconf 80' lang='lat' dir='ltr'><strong>prodidit.</strong></span> <span class='ocrx_word' id='word_1_254' title='bbox 823 3346 893 3415; x_wconf 84' lang='lat' dir='ltr'><strong>Quin</strong></span> <span class='ocrx_word' id='word_1_255' title='bbox 910 3349 1009 3419; x_wconf 68' lang='lat' dir='ltr'><strong>potiar</strong></span> <span class='ocrx_word' id='word_1_256' title='bbox 1023 3347 1059 3405; x_wconf 80' lang='lat' dir='ltr'><strong>de</strong></span> <span class='ocrx_word' id='word_1_257' title='bbox 1073 3347 1132 3405; x_wconf 70' lang='lat' dir='ltr'><strong>sats</strong></span> 
     </span>
     <span class='ocr_line' id='line_1_32' title="bbox 81 3427 1133 3506; baseline 0.005 -21"><span class='ocrx_word' id='word_1_258' title='bbox 81 3492 86 3503; x_wconf 38' lang='grc' dir='ltr'>Ι</span> <span class='ocrx_word' id='word_1_259' title='bbox 112 3427 298 3485; x_wconf 74' lang='lat' dir='ltr'><strong>Alexandrinis</strong></span> <span class='ocrx_word' id='word_1_260' title='bbox 320 3428 345 3484; x_wconf 88' lang='lat' dir='ltr'><strong>id</strong></span> <span class='ocrx_word' id='word_1_261' title='bbox 368 3428 460 3492; x_wconf 79' lang='lat' dir='ltr'><strong>relect,</strong></span> <span class='ocrx_word' id='word_1_262' title='bbox 485 3431 573 3487; x_wconf 83' lang='lat' dir='ltr'><strong>omnia</strong></span> <span class='ocrx_word' id='word_1_263' title='bbox 596 3431 666 3506; x_wconf 79' lang='lat' dir='ltr'><strong>apud</strong></span> <span class='ocrx_word' id='word_1_264' title='bbox 689 3430 759 3495; x_wconf 86' lang='lat' dir='ltr'><strong>illos,</strong></span> <span class='ocrx_word' id='word_1_265' title='bbox 782 3447 851 3505; x_wconf 85' lang='lat' dir='ltr'><strong>qnae</strong></span> <span class='ocrx_word' id='word_1_266' title='bbox 866 3431 893 3489; x_wconf 88' lang='lat' dir='ltr'><strong>iu</strong></span> <span class='ocrx_word' id='word_1_267' title='bbox 908 3430 1066 3505; x_wconf 68' lang='lat' dir='ltr'><strong>synaxibus</strong></span> <span class='ocrx_word' id='word_1_268' title='bbox 1079 3430 1133 3506; x_wconf 75' lang='lat' dir='ltr'><strong>geri</strong></span> 
     </span>
     <span class='ocr_line' id='line_1_33' title="bbox 114 3513 1133 3598; baseline 0.007 -29"><span class='ocrx_word' id='word_1_269' title='bbox 114 3531 172 3571; x_wconf 88' lang='lat' dir='ltr'><strong>mos</strong></span> <span class='ocrx_word' id='word_1_270' title='bbox 195 3523 247 3579; x_wconf 86' lang='lat' dir='ltr'><strong>est,</strong></span> <span class='ocrx_word' id='word_1_271' title='bbox 270 3522 379 3587; x_wconf 84' lang='lat' dir='ltr'><strong>praeter</strong></span> <span class='ocrx_word' id='word_1_272' title='bbox 397 3513 526 3598; x_wconf 73' lang='lat' dir='ltr'><strong>mysteria</strong></span> <span class='ocrx_word' id='word_1_273' title='bbox 541 3531 572 3572; x_wconf 88' lang='lat' dir='ltr'><strong>ac</strong></span> <span class='ocrx_word' id='word_1_274' title='bbox 587 3516 726 3581; x_wconf 83' lang='lat' dir='ltr'><strong>sacrificia,</strong></span> <span class='ocrx_word' id='word_1_275' title='bbox 750 3515 832 3572; x_wconf 85' lang='lat' dir='ltr'><strong>biduo</strong></span> <span class='ocrx_word' id='word_1_276' title='bbox 848 3514 894 3573; x_wconf 85' lang='lat' dir='ltr'><strong>illo</strong></span> <span class='ocrx_word' id='word_1_277' title='bbox 909 3516 1017 3590; x_wconf 82' lang='lat' dir='ltr'><strong>perfici.</strong></span> <span class='ocrx_word' id='word_1_278' title='bbox 1050 3517 1133 3587; x_wconf 73' lang='lat' dir='ltr'><strong>Quen</strong></span> 
     </span>
     <span class='ocr_line' id='line_1_34' title="bbox 114 3598 1132 3674; baseline 0.004 -20"><span class='ocrx_word' id='word_1_279' title='bbox 114 3615 202 3672; x_wconf 82' lang='lat' dir='ltr'><strong>neque</strong></span> <span class='ocrx_word' id='word_1_280' title='bbox 232 3616 264 3656; x_wconf 81' lang='lat' dir='ltr'><strong>en</strong></span> <span class='ocrx_word' id='word_1_281' title='bbox 291 3598 457 3674; x_wconf 83' lang='lat' dir='ltr'><strong>Epiphanio,</strong></span> <span class='ocrx_word' id='word_1_282' title='bbox 486 3616 575 3674; x_wconf 83' lang='lat' dir='ltr'><strong>neque</strong></span> <span class='ocrx_word' id='word_1_283' title='bbox 605 3617 638 3657; x_wconf 82' lang='lat' dir='ltr'><strong>ex</strong></span> <span class='ocrx_word' id='word_1_284' title='bbox 664 3600 777 3659; x_wconf 83' lang='lat' dir='ltr'><strong>Socrate</strong></span> <span class='ocrx_word' id='word_1_285' title='bbox 805 3598 903 3658; x_wconf 82' lang='lat' dir='ltr'><strong>confici</strong></span> <span class='ocrx_word' id='word_1_286' title='bbox 931 3611 1044 3674; x_wconf 84' lang='lat' dir='ltr'><strong>potest,</strong></span> <span class='ocrx_word' id='word_1_287' title='bbox 1073 3601 1132 3658; x_wconf 81' lang='lat' dir='ltr'><strong>ierit</strong></span> 
     </span>
     <span class='ocr_line' id='line_1_35' title="bbox 113 3682 1134 3759; baseline 0.006 -22"><span class='ocrx_word' id='word_1_288' title='bbox 113 3692 208 3757; x_wconf 85' lang='lat' dir='ltr'><strong>quarta</strong></span> <span class='ocrx_word' id='word_1_289' title='bbox 232 3693 259 3739; x_wconf 87' lang='lat' dir='ltr'><strong>et</strong></span> <span class='ocrx_word' id='word_1_290' title='bbox 281 3684 431 3742; x_wconf 86' lang='lat' dir='ltr'><strong>Parasceue</strong></span> <span class='ocrx_word' id='word_1_291' title='bbox 454 3682 621 3742; x_wconf 84' lang='lat' dir='ltr'><strong>Christianos</strong></span> <span class='ocrx_word' id='word_1_292' title='bbox 644 3685 834 3759; x_wconf 81' lang='lat' dir='ltr'><strong>augustissima</strong></span> <span class='ocrx_word' id='word_1_293' title='bbox 856 3684 901 3741; x_wconf 77' lang='lat' dir='ltr'><strong>itta</strong></span> <span class='ocrx_word' id='word_1_294' title='bbox 917 3684 1054 3744; x_wconf 77' lang='lat' dir='ltr'><strong>Dominici</strong></span> <span class='ocrx_word' id='word_1_295' title='bbox 1069 3686 1134 3745; x_wconf 76' lang='lat' dir='ltr'><strong>car·</strong></span> 
     </span>
     <span class='ocr_line' id='line_1_36' title="bbox 112 3767 1134 3846; baseline 0.008 -24"><span class='ocrx_word' id='word_1_296' title='bbox 112 3767 188 3839; x_wconf 81' lang='lat' dir='ltr'><strong>poris</strong></span> <span class='ocrx_word' id='word_1_297' title='bbox 210 3783 284 3823; x_wconf 81' lang='lat' dir='ltr'><strong>sacra</strong></span> <span class='ocrx_word' id='word_1_298' title='bbox 307 3768 470 3827; x_wconf 83' lang='lat' dir='ltr'><strong>celebrasse.</strong></span> <span class='ocrx_word' id='word_1_299' title='bbox 501 3769 578 3836; x_wconf 81' lang='lat' dir='ltr'><strong>Quod</strong></span> <span class='ocrx_word' id='word_1_300' title='bbox 601 3779 691 3827; x_wconf 89' lang='lat' dir='ltr'><strong>utrum</strong></span> <span class='ocrx_word' id='word_1_301' title='bbox 714 3770 821 3828; x_wconf 85' lang='lat' dir='ltr'><strong>aliunde</strong></span> <span class='ocrx_word' id='word_1_302' title='bbox 843 3768 936 3845; x_wconf 75' lang='lat' dir='ltr'><strong>colligi</strong></span> <span class='ocrx_word' id='word_1_303' title='bbox 957 3774 1066 3846; x_wconf 77' lang='lat' dir='ltr'><strong>possit.</strong></span> <span class='ocrx_word' id='word_1_304' title='bbox 1087 3788 1134 3829; x_wconf 76' lang='lat' dir='ltr'><strong>tn·</strong></span> 
     </span>
     <span class='ocr_line' id='line_1_37' title="bbox 114 3852 1133 3930; baseline 0.007 -24"><span class='ocrx_word' id='word_1_305' title='bbox 114 3859 221 3924; x_wconf 83' lang='lat' dir='ltr'><strong>tequam</strong></span> <span class='ocrx_word' id='word_1_306' title='bbox 251 3852 374 3926; x_wconf 85' lang='lat' dir='ltr'><strong>disputa,</strong></span> <span class='ocrx_word' id='word_1_307' title='bbox 402 3854 478 3927; x_wconf 84' lang='lat' dir='ltr'><strong>prius</strong></span> <span class='ocrx_word' id='word_1_308' title='bbox 507 3870 584 3910; x_wconf 89' lang='lat' dir='ltr'><strong>error</strong></span> <span class='ocrx_word' id='word_1_309' title='bbox 612 3854 656 3911; x_wconf 90' lang='lat' dir='ltr'><strong>ille</strong></span> <span class='ocrx_word' id='word_1_310' title='bbox 686 3855 857 3930; x_wconf 77' lang='lat' dir='ltr'><strong>castigandus</strong></span> <span class='ocrx_word' id='word_1_311' title='bbox 886 3864 945 3921; x_wconf 86' lang='lat' dir='ltr'><strong>est.</strong></span> <span class='ocrx_word' id='word_1_312' title='bbox 976 3874 1060 3930; x_wconf 85' lang='lat' dir='ltr'><strong>quem</strong></span> <span class='ocrx_word' id='word_1_313' title='bbox 1082 3872 1133 3915; x_wconf 78' lang='lat' dir='ltr'><strong>non</strong></span> 
     </span>
    </p>
   </div>
   <div class='ocr_carea' id='block_1_3' title="bbox 112 3935 1135 4099">
    <p class='ocr_par' dir='ltr' id='par_1_4' title="bbox 112 3935 1135 4099">
     <span class='ocr_line' id='line_1_38' title="bbox 113 3935 1134 4015; baseline 0.009 -24"><span class='ocrx_word' id='word_1_314' title='bbox 113 3935 202 3992; x_wconf 85' lang='lat' dir='ltr'><strong>solum</strong></span> <span class='ocrx_word' id='word_1_315' title='bbox 225 3935 415 4002; x_wconf 80' lang='lat' dir='ltr'><strong>oasauuoms,</strong></span> <span class='ocrx_word' id='word_1_316' title='bbox 446 3936 493 3995; x_wconf 88' lang='lat' dir='ltr'><strong>sed</strong></span> <span class='ocrx_word' id='word_1_317' title='bbox 523 3946 550 3994; x_wconf 90' lang='lat' dir='ltr'><strong>et</strong></span> <span class='ocrx_word' id='word_1_318' title='bbox 578 3939 622 3996; x_wconf 89' lang='lat' dir='ltr'><strong>alii</strong></span> <span class='ocrx_word' id='word_1_319' title='bbox 651 3940 756 4015; x_wconf 87' lang='lat' dir='ltr'><strong>pridem</strong></span> <span class='ocrx_word' id='word_1_320' title='bbox 779 3939 814 4015; x_wconf 82' lang='lat' dir='ltr'><strong>pii</strong></span> <span class='ocrx_word' id='word_1_321' title='bbox 838 3947 867 3995; x_wconf 89' lang='lat' dir='ltr'><strong>et</strong></span> <span class='ocrx_word' id='word_1_322' title='bbox 888 3939 989 3999; x_wconf 86' lang='lat' dir='ltr'><strong>eruditi</strong></span> <span class='ocrx_word' id='word_1_323' title='bbox 1011 3942 1134 3999; x_wconf 72' lang='lat' dir='ltr'><strong>tomice</strong></span> 
     </span>
     <span class='ocr_line' id='line_1_39' title="bbox 112 4019 1135 4099; baseline 0.008 -25"><span class='ocrx_word' id='word_1_324' title='bbox 112 4019 252 4079; x_wconf 85' lang='lat' dir='ltr'><strong>imbibisse</strong></span> <span class='ocrx_word' id='word_1_325' title='bbox 274 4021 413 4081; x_wconf 80' lang='lat' dir='ltr'><strong>videntur:</strong></span> <span class='ocrx_word' id='word_1_326' title='bbox 437 4023 464 4080; x_wconf 91' lang='lat' dir='ltr'><strong>in</strong></span> <span class='ocrx_word' id='word_1_327' title='bbox 489 4022 614 4080; x_wconf 85' lang='lat' dir='ltr'><strong>omnibus</strong></span> <span class='ocrx_word' id='word_1_328' title='bbox 631 4023 781 4099; x_wconf 73' lang='lat' dir='ltr'><strong>synaxibus</strong></span> <span class='ocrx_word' id='word_1_329' title='bbox 796 4023 990 4098; x_wconf 72' lang='lat' dir='ltr'><strong>Hysteriorum</strong></span> <span class='ocrx_word' id='word_1_330' title='bbox 1013 4026 1135 4085; x_wconf 77' lang='lat' dir='ltr'><strong>celebre-</strong></span> 
     </span>
    </p>
   </div>
   <div class='ocr_carea' id='block_1_4' title="bbox 0 0 1298 4822">
    <p class='ocr_par' dir='ltr' id='par_1_5' title="bbox 0 0 1298 4822">
     <span class='ocr_line' id='line_1_40' title="bbox 0 0 1298 4822; baseline 0 0"><span class='ocrx_word' id='word_1_331' title='bbox 0 0 1298 4822; x_wconf 95' lang='lat' dir='ltr'><strong> </strong></span> 
     </span>
    </p>
   </div>
  </div>
 </body>
</html>
