2586 4822
156 721 218 786 tec
611 731 726 782 rernm

31 919 46 943 s
155 907 204 952 eos
226 896 352 948 coortum
374 905 444 954 ease,
466 888 515 964 qui
536 888 564 945 in
579 886 652 944 llecii
673 886 864 960 persecutione
885 885 955 962 lapsi
977 887 1012 945 ad
1034 888 1179 962 poenitan-

155 978 220 1034 tiam
242 976 345 1048 recepti
367 974 546 1036 lucrant.,At
568 982 631 1046 post
652 972 822 1029 Maximinum
844 989 1006 1030 successere
1028 973 1180 1031 Gordius

156 1063 234 1118 annis
258 1064 286 1125 o,
310 1059 450 1133 Philippus
473 1059 549 1114 annis
574 1062 602 1114 t.
633 1057 707 1126 Quos
730 1057 835 1131 excepit
857 1056 966 1122 Decius,
991 1058 1039 1133 qui
1063 1075 1119 1115 uno
1138 1058 1178 1115 al·

156 1156 250 1203 terove
278 1144 418 1217 imperavit
447 1160 527 1199 auno.
572 1142 640 1197 Tum
669 1143 760 1199 Gallus
789 1152 817 1199 et
840 1141 1012 1199 Volusianus.
1058 1144 1177 1201 Attemn

48 1235 54 1251 ¹
156 1230 299 1305 Epiphanii
327 1220 513 1302 μνημονικὸν
540 1221 686 1305 σφάλμα,
713 1227 786 1301 quod
814 1227 935 1300 proxime
959 1238 1023 1284 ante
1048 1228 1176 1285 llaximuri

156 1315 375 1391 persecutionem
398 1312 486 1377 Decii,
515 1320 562 1369 aut
583 1313 719 1370 Aureliani
748 1307 883 1388 διωγμὸν
904 1312 1098 1370 collemundum
1119 1330 1178 1370 esse

156 1418 213 1457 non
236 1401 294 1455 sine
317 1397 484 1454 dubitatione
503 1406 589 1470 putat.
620 1397 685 1453 Nam
700 1397 833 1455 llaxiniini
847 1399 1072 1471 persecutionem
1088 1407 1177 1455 secata

111 1514 116 1549 ‚-
158 1494 209 1551 est,
232 1493 264 1541 ut
285 1483 407 1547 sistimus,
431 1482 557 1539 deciana:
581 1483 741 1539 Aurelianus
764 1500 826 1540 vero
842 1486 881 1542 20
898 1483 1010 1541 circiter
1023 1484 1102 1541 annis
1115 1492 1176 1557 post

157 1569 231 1627 llecii
253 1577 370 1625 mortem
392 1569 525 1642 imperare
547 1568 646 1641 coepit.
676 1568 714 1624 E‘a
736 1584 791 1643 quo
814 1569 842 1625 in
857 1568 971 1625 alterius
987 1568 1176 1625 hallucinatio-

156 1655 200 1712 nis
232 1654 411 1729 suspitionem
444 1652 586 1710 adducitur
613 1653 792 1726 Epiphanius,
827 1663 859 1710 ut
886 1653 1046 1710 llnximinos
1076 1652 1174 1718 mbos,

157 1757 256 1813 nempe
277 1740 446 1814 superiorein
469 1738 558 1801 illurn,
582 1738 628 1810 qui
649 1738 829 1794 Alexandrum
851 1738 1000 1795 ldammeae
1023 1738 1108 1795 fllium
1129 1754 1176 1795 oe·

158 1825 232 1889 cidit,
253 1833 282 1883 et
303 1825 484 1883 recentiorem
506 1822 629 1887 alterum,
653 1824 699 1896 qui
721 1822 877 1880 lliocletiani
901 1833 928 1880 et
939 1822 1094 1880 Maximiani
1113 1839 1174 1896 pcr-

157 1911 326 1969 secutionem
354 1908 524 1983 propagavit,
553 1907 604 1964 sub
628 1907 796 1965 Constantini
818 1909 994 1981 Imperatoris
1023 1908 1172 1982 pri-ortu,

159 1997 229 2053 inter
250 2013 280 2052 se
302 1993 462 2051 confuderit.
492 1992 557 2047 Natu
581 1992 712 2048 llaximini
734 1994 902 2066 posterioris,
925 1995 982 2050 sive
1006 1995 1098 2069 potius
1113 1993 1173 2050 llio·

158 2080 265 2139 cletiani
287 2078 504 2153 persecutionem
527 2076 623 2133 Decius
646 2086 674 2135 et
694 2078 855 2135 Aurelianus
877 2078 1055 2135 antecedunt.

242 2165 304 2222 493
320 2179 345 2218 c.
374 2156 601 2236 παλιγγενεσίας
621 2155 746 2236 ταύτης]
778 2163 839 2221 Cor.
862 2159 988 2237 ταύτην.

242 2249 302 2305 493
319 2246 345 2303 d.
375 2241 425 2302 καὶ
446 2238 525 2317 μετὰ
547 2240 603 2319 τὴν
622 2237 788 2319 μετάνοιαν
809 2242 866 2322 τὴν
882 2242 1099 2322 μεταμέλειαν]
1120 2263 1169 2319 με·

92 2358 96 2363 ·
154 2326 281 2389 rtiretur
308 2330 433 2404 intelligit
463 2331 642 2403 Baptismum,
674 2325 748 2406 ¹quod
777 2326 906 2408 λουτρὸν
932 2335 989 2407 τῆς
1015 2327 1168 2406 μετανοίας

155 2417 316 2491 appellatur,
339 2425 370 2472 ut
392 2433 405 2472 o
428 2416 531 2472 lustino
554 2433 614 2473 con.
639 2417 740 2491 Eryplr.

241 2504 302 2562 494
319 2518 344 2557 a.
374 2493 503 2578 σφάλλει
533 2495 567 2558 δὲ
595 2493 708 2569 αὐτοὺς
734 2496 769 2559 τὸ
795 2493 902 2578 ῥητόν]
947 2501 1028 2560 Hunc
1054 2499 1166 2576 Apostoli

155 2587 245 2644 locum
268 2587 379 2643 Veteres
402 2603 497 2643 omues
519 2586 552 2641 ad
573 2586 739 2660 Baptismum
762 2588 898 2661 portinere
921 2596 1031 2660 putant.
1071 2588 1167 2644 lterat-

154 2672 239 2735 tiores
262 2671 370 2747 quidam
393 2671 426 2728 de
448 2672 624 2744 poenitentia,
647 2673 728 2728 ctiam
750 2689 820 2747 quae
842 2680 905 2746 post
922 2671 1092 2744 Baptismum
1111 2687 1167 2729 sns-

155 2766 233 2829 cepta
255 2758 299 2821 sit,
323 2767 496 2830 aeceperunt.
528 2756 604 2825 Quod
627 2767 716 2813 autern
738 2756 905 2830 impossibile
928 2773 991 2813 esse
1015 2758 1084 2816 dixit
1102 2761 1165 2830 Apt-

155 2841 243 2898 stolus
265 2859 323 2906 eos,
347 2842 393 2915 qui
415 2841 541 2914 baptizati
563 2841 647 2897 semel
670 2842 780 2906 luerint,
807 2843 951 2898 instaurari
974 2842 1009 2897 ad
1033 2843 1167 2917 poenitu-

154 2926 228 2991 ean,
250 2927 293 2982 hio
316 2927 482 3001 impossihile
505 2926 574 2982 idem
599 2943 659 2984 esse
682 2927 784 2992 volunt,
808 2927 880 3000 quod
896 2927 1095 2986 difficillimum.
1116 2926 1169 2995 0¹0

154 3029 237 3069 sensu
260 3012 373 3076 Tertull.
400 3012 446 3067 lib.
470 3012 503 3068 de
526 3011 601 3084 Enpt.
631 3012 704 3083 quod
734 3013 760 3067 iu
782 3012 925 3085 Evangelio
957 3013 1093 3086 scriptum
1117 3019 1168 3069 est:

154 3113 227 3169 pene
255 3098 443 3169 impossibilia
471 3104 536 3152 aunt
564 3097 642 3168 apud
669 3096 808 3161 homines,
834 3098 1080 3170 possibilium
1099 3095 1172 3170 opud

152 3180 251 3247 Deum,
274 3182 317 3237 liis
338 3180 427 3237 verbis
451 3181 596 3254 expressit:
621 3182 803 3252 Perdifficiliu
814 3199 902 3254 penca
916 3181 1055 3248 homines,
1077 3182 1172 3255 [mdo

148 3282 238 3340 penca
270 3265 367 3322 Deum.
412 3266 602 3322 llecentiorum
637 3266 817 3339 interpretum
849 3267 1007 3340 opinionem
1043 3269 1170 3328 adiuvant.

154 3367 223 3424 quae
251 3350 284 3407 de
312 3350 496 3423 poeniteutiae
523 3360 614 3406 vetere
642 3353 668 3406 iu
691 3352 810 3408 Ecclesia
833 3351 991 3408 difficultate
1014 3371 1100 3428 supra
1121 3353 1173 3410 dia·

153 3437 297 3499 senuimus.

239 3523 299 3580 494
316 3519 342 3576 d.
373 3510 430 3575 οὐκ
452 3513 705 3594 ἓξαὸαρευομένη]
738 3520 913 3577 casaubonus
929 3520 1049 3578 Exarsit
1061 3525 1088 3586 l,
1105 3520 1172 3583 tn·-

67 3643 71 3651 -
153 3604 241 3663 dicule
264 3607 333 3663 hanc
356 3621 449 3662 vocem
471 3604 677 3677 interpretatur.
708 3606 774 3662 Nam
790 3601 1035 3682 ἐξυδαρεύεσθαι
1051 3602 1172 3682 adeps·

151 3684 278 3747 τάνοιαν
305 3691 407 3747 dictum
435 3697 513 3762 putat
540 3706 592 3762 pro
618 3707 650 3746 eo
684 3692 757 3763 quod
785 3700 827 3747 est
849 3691 928 3748 vilem
950 3691 1080 3750 reddere.
1121 3688 1172 3749 Sed

151 3776 250 3837 uuum
271 3785 404 3850 quantum
426 3774 614 3832 hallucinatur.
659 3775 723 3831 Nam
748 3770 987 3852 ἐξυδαρτύεσθαι
1011 3770 1174 3853 minume,

152 3860 207 3919 ltoc
233 3870 275 3919 est
303 3860 456 3918 dilutiorem
485 3875 515 3915 sc
543 3860 710 3924 molliorem,
733 3862 801 3918 fieri.
824 3895 826 3898 <
848 3862 904 3930 Qua
928 3863 954 3918 in
979 3862 1172 3936 signifimtienc

152 3947 210 4007 aliis
233 3945 299 4005 locis
323 3946 418 4002 utitur.

113 4056 174 4104 t'..
237 4021 493 4105 ἄνακάμπτουσα]
523 4028 584 4086 Eor.
608 4020 834 4087 ἀνακόπτουσα.
