2586 4822
483 786 774 877 sainsorensronas.
1095 814 1135 877 tt

108 978 265 1052 proprioru
287 978 404 1035 esitium
423 995 501 1035 merra
521 981 647 1035 sesana!
677 980 756 1037 Picis
771 983 810 1036 ad
824 998 934 1037 amcam
949 980 1063 1039 Donat
1075 1000 1137 1039 aaa·

113 1070 189 1119 mna
209 1065 270 1119 eine
289 1064 379 1135 faiam
397 1073 585 1137 praestatem.
614 1065 693 1121 Diris
714 1066 818 1122 Ioanni
840 1067 1136 1140 dempnentorum-

113 1154 218 1213 tatem,
246 1156 272 1203 et
293 1150 472 1205 solitudinem
493 1152 727 1215 oomrneudatam,
752 1153 833 1223 quasi
855 1152 937 1207 iusta
959 1160 985 1206 ts
1006 1169 1062 1207 aon
1083 1152 1136 1209 ha-

111 1234 193 1291 beret
222 1244 344 1305 quotuor
369 1236 457 1307 fitius,
486 1243 512 1291 et
539 1237 702 1291 interemerat
729 1237 820 1309 fitius,
848 1254 967 1308 quarum
995 1238 1136 1293 consortio

107 1318 267 1391 [rueretur.
299 1318 355 1374 Vid.
377 1322 493 1419 august.
516 1320 549 1375 de
571 1320 653 1393 h‘npt.
675 1320 693 1376 i.
709 1325 765 1377 tet
789 1321 908 1394 Conenp.
925 1339 949 1377 e
964 1324 1008 1377 lt.

205 1407 303 1460 ttae.
335 1396 411 1471 υἱοῖς
432 1421 501 1461 ουσι
522 1406 578 1460 τοῦ
598 1398 726 1483 Ἰωσήφ]
752 1406 816 1463 Vide
839 1406 918 1462 itaer.
935 1408 984 1465 78.

319 1624 361 1679 hd
385 1624 551 1680 assutus·
573 1625 650 1681 XXlX
673 1624 931 1683 satananontn.
1146 1629 1176 1679 50
1249 1624 1254 1634 ’

203 1742 239 1797 iie
260 1742 411 1803 Nazaraois,
435 1743 476 1798 vel
498 1744 641 1800 Nazareuis
664 1745 723 1801 ride
746 1762 815 1819 quae
837 1746 871 1801 ad
893 1746 1012 1801 iudaicus
1034 1745 1137 1803 Haere-

109 1844 160 1885 ses
177 1827 262 1883 'Ponto
286 1830 376 1901 priore
398 1829 523 1884 diximus.
553 1829 619 1885 Nam
641 1830 709 1885 istos
724 1847 738 1884 a
755 1830 891 1902 prioribus
906 1831 1026 1886 diversos
1043 1832 1135 1896 inisse,

108 1930 169 1971 non
195 1913 338 1969 admodum
361 1914 507 1986 persuadet
528 1914 704 1987 Epiphanius.
734 1914 817 1970 Erant
840 1915 911 1971 enirn
929 1915 1065 1980 Nazaraei,
1089 1918 1137 1988 pai

109 2014 177 2054 οιιιιι
199 1997 253 2054 Dei
274 2000 361 2071 filiurn
383 2001 581 2072 cortfitereutnr
603 2015 663 2055 esee
686 1999 833 2064 ctera-tam,
857 2000 952 2056 anania
975 2008 1067 2056 tamen
1089 2018 1136 2056 ee·

111 2086 183 2139 teris
208 2083 289 2153 Legis
314 2086 512 2147 adserendam,
536 2085 572 2140 ait
593 2086 771 2158 Augustinus.
809 2086 859 2152 Qui
883 2094 910 2141 et
932 2085 1058 2141 Matthaei
1080 2085 1137 2143 lle·

109 2166 235 2225 braiaum
251 2169 422 2243 Esongelinm
446 2168 547 2225 habore
570 2188 630 2225 seso
653 2169 818 2231 mutilabant,
842 2170 881 2225 uti
904 2179 999 2243 postea
1021 2170 1134 2227 dicotur.

110 2252 151 2309 ue
183 2253 216 2309 iis
238 2253 418 2328 Hieronymus
441 2254 526 2328 Epist.
549 2255 581 2310 ad
604 2258 718 2328 hangust.
767 2254 858 2327 Usque
885 2255 969 2311 hodie
987 2272 1042 2327 per
1063 2264 1136 2313 totae

113 2336 241 2394 Orientis
262 2338 428 2411 Synagopas
450 2341 524 2395 iuter
545 2340 665 2395 iudaeos
689 2341 825 2395 diaeresis
854 2348 908 2405 est,
939 2357 1012 2412 puae
1033 2342 1137 2397 dieitur

111 2422 294 2481 linaearum
316 2432 341 2478 et
364 2442 382 2479 a
397 2424 564 2480 Pharisaeos
586 2442 659 2481 nauo
681 2442 768 2497 usquo
783 2427 943 2488 damnamur,
967 2442 1037 2497 quos
1051 2428 1135 2497 eatpo

112 2508 282 2565 Nazaraeos
304 2518 476 2581 nuncupant,
500 2511 550 2581 qui
572 2511 687 2565 eredunt
702 2511 732 2565 in
749 2509 889 2565 Christum
902 2511 992 2582 fitium
1007 2510 1069 2575 net,
1085 2515 1135 2566 et'a.

112 2592 169 2651 sea
189 2596 255 2649 dum
277 2596 373 2651 rotarat
395 2603 420 2650 et
436 2594 535 2649 iudaea
557 2611 627 2665 osse,
651 2602 676 2649 et
693 2594 856 2658 Christiani,
879 2611 930 2649 aee
945 2595 1046 2650 iudaei
1060 2604 1135 2659 sunt,

113 2696 164 2735 aar
183 2678 349 2735 Christiani.
379 2679 450 2752 Erga
466 2680 594 2735 Nazareni
612 2679 763 2735 Christiano
780 2697 810 2733 se
826 2680 934 2735 nomino
950 2678 1136 2736 venditabant.

114 2762 210 2821 inisse
232 2782 297 2820 vera
320 2766 365 2836 qm
389 2765 415 2819 in
438 2782 514 2820 mero
537 2764 669 2821 ludaismo
692 2765 864 2837 praeeipuam
887 2763 1020 2836 qtrandam
1040 2764 1135 2821 eodem

113 2852 224 2906 uomina
248 2858 350 2905 sectam
373 2852 586 2913 constituerent
610 2848 643 2903 ah
666 2866 721 2904 nuo
743 2849 894 2922 Epiphanio
914 2849 1067 2906 didicimus.
1098 2848 1136 2906 De

113 2934 210 2991 iisdem
232 2935 288 3007 agit
308 2936 476 3007 Augustinus
498 2933 545 2990 tit.
561 2937 572 2991 l
599 2934 857 2990 ceramensium
882 2951 905 2990 e.
923 2936 972 2992 31.
1001 2934 1040 2989 m
1059 2950 1136 2991 auae

114 3030 180 3075 tent
202 3021 316 3091 amdam
337 3019 481 3085 haeretiei,
504 3021 553 3091 qui
574 3037 605 3075 se
626 3018 672 3074 ha
674 3036 792 3075 tarenos
814 3027 925 3081 oooaat,
952 3036 971 3074 a
992 3020 1136 3076 nouandis

114 3114 209 3161 onom
223 3104 433 3175 Symmaehiani
456 3106 648 3177 appellantur,
672 3114 698 3159 et
719 3106 952 3160 circuncisionem
969 3104 1073 3161 hadent
1090 3104 1136 3160 itt·

114 3190 250 3247 saeorum
272 3198 298 3245 et
320 3189 495 3262 Baptimnum
519 3190 753 3245 Christianorum.

205 3278 262 3332 118
279 3275 305 3330 h.
336 3270 429 3330 iuriae
451 3269 512 3350 γὰρ
534 3268 613 3331 κατὰ
636 3265 794 3348 dandamis]
826 3274 926 3331 Tritam
948 3291 979 3331 ac
998 3273 1134 3345 vulgarem

114 3358 148 3417 de
170 3359 278 3415 Praenli
301 3359 424 3416 laeohaei
447 3360 670 3433 interpretatione
692 3360 852 3415 seutentiam
875 3360 1001 3433 sequitur
1014 3359 1135 3433 Epipha-

114 3445 184 3501 nius.
217 3444 293 3513 Ouiae
316 3454 358 3500 est
380 3445 526 3501 eiusmodi:
551 3462 689 3518 nunquam
712 3444 826 3501 eTrihn
844 3444 908 3501 iuda
925 3445 1061 3517 Principes
1084 3445 1136 3500 de-

114 3528 238 3591 futuros,
262 3529 348 3586 donea
371 3530 494 3586 Cirristus
517 3530 669 3587 aeirouiret:
700 3530 752 3585 hoe
774 3538 816 3585 ost
837 3529 889 3585 suh
911 3530 1000 3603 ipsum
1022 3529 1135 3586 iiossiae

113 3616 259 3671 adventum
282 3613 418 3672 desituros
440 3616 589 3688 Principes,
612 3614 659 3689 qm
681 3615 812 3672 haetenus
835 3632 850 3671 e
873 3614 954 3671 Tribu
978 3613 1042 3670 luda
1065 3615 1135 3671 eati·

114 3708 222 3757 teram:
251 3700 324 3773 quod
354 3701 381 3756 in
403 3701 553 3757 Alexandro
582 3700 729 3773 contigisse
751 3708 845 3773 putat,
874 3700 920 3772 qui
942 3707 1135 3772 postremuse

112 3784 197 3861 legia
220 3784 265 3841 illa
286 3785 366 3841 iudae
389 3785 486 3841 familia
507 3786 567 3840 fnit.
598 3784 645 3840 dui
670 3784 791 3841 liet-odes
813 3784 955 3847 suecessit,
978 3783 1060 3840 homo
1082 3800 1134 3839 no-

112 3888 168 3945 que
189 3870 273 3927 Indae
295 3869 411 3933 tribulis,
435 3888 486 3927 neo
508 3871 618 3927 oaannno
640 3870 765 3934 iudaeus,
789 3870 837 3925 sed
853 3870 994 3924 idunaaeus
1017 3877 1046 3924 et
1067 3867 1133 3924 alie·

111 3956 229 4031 nigem:
253 3965 315 4011 anto
339 3973 418 4028 quern
441 3956 487 4031 apd
510 3956 543 4011 de
566 3955 648 4010 Trihu
670 3954 734 4011 luda
757 3955 840 4011 citimi
855 3953 994 4026 Principes
1016 3952 1131 4016 inerant,

111 4040 195 4097 i'uiem
219 4048 247 4097 et
269 4040 302 4095 ad
325 4040 468 4097 Leviticam
489 4039 677 4114 pertinebant;
708 4039 789 4096 veluti
811 4037 980 4097 hisschabaei
1001 4054 1033 4093 ac
1055 4036 1133 4091 dein-

109 4142 179 4201 oeps
201 4124 256 4181 aiii.
286 4124 358 4181 ilaec
380 4126 488 4198 quidem
503 4126 668 4200 Epiphanius
690 4134 795 4182 veteres
817 4133 938 4181 sanutus.
970 4121 1024 4179 Sed
1038 4121 1064 4176 in
1081 4120 1132 4177 hae
