<?xml version="1.0" encoding="UTF-8"?>
<!DOCTYPE html PUBLIC "-//W3C//DTD XHTML 1.0 Transitional//EN"
    "http://www.w3.org/TR/xhtml1/DTD/xhtml1-transitional.dtd">
<html xmlns="http://www.w3.org/1999/xhtml" xml:lang="en" lang="en">
 <head>
  <title>
</title>
<meta http-equiv="Content-Type" content="text/html;charset=utf-8" />
  <meta name='ocr-system' content='tesseract 3.04.00' />
  <meta name='ocr-capabilities' content='ocr_page ocr_carea ocr_par ocr_line ocrx_word'/>
</head>
<body>
  <div class='ocr_page' id='page_1' title='image "./opera02dindgoog_0775.png"; bbox 0 0 2586 4822; ppageno 0'>
   <div class='ocr_carea' id='block_1_1' title="bbox 476 850 1127 918">
    <p class='ocr_par' dir='ltr' id='par_1_1' title="bbox 476 850 1127 918">
     <span class='ocr_line' id='line_1_1' title="bbox 476 850 1127 918; baseline -0.006 0"><span class='ocrx_word' id='word_1_1' title='bbox 476 864 765 918; x_wconf 80' lang='lat' dir='ltr'>auraaovsasioues.</span> <span class='ocrx_word' id='word_1_2' title='bbox 1068 850 1127 915; x_wconf 72' lang='lat' dir='ltr'>ath</span> 
     </span>
    </p>
   </div>
   <div class='ocr_carea' id='block_1_2' title="bbox 99 1019 1133 4234">
    <p class='ocr_par' dir='ltr' id='par_1_2' title="bbox 114 1019 1133 1178">
     <span class='ocr_line' id='line_1_2' title="bbox 114 1019 1133 1095; baseline 0.003 -18"><span class='ocrx_word' id='word_1_3' title='bbox 114 1021 191 1086; x_wconf 87' lang='lat' dir='ltr'>deat,</span> <span class='ocrx_word' id='word_1_4' title='bbox 215 1028 273 1077; x_wconf 89' lang='lat' dir='ltr'>turn</span> <span class='ocrx_word' id='word_1_5' title='bbox 294 1021 330 1077; x_wconf 88' lang='lat' dir='ltr'>ita</span> <span class='ocrx_word' id='word_1_6' title='bbox 352 1019 490 1078; x_wconf 87' lang='lat' dir='ltr'>conciliari</span> <span class='ocrx_word' id='word_1_7' title='bbox 511 1021 562 1077; x_wconf 86' lang='lat' dir='ltr'>ista</span> <span class='ocrx_word' id='word_1_8' title='bbox 583 1029 730 1094; x_wconf 87' lang='lat' dir='ltr'>poterunt,</span> <span class='ocrx_word' id='word_1_9' title='bbox 754 1029 784 1077; x_wconf 89' lang='lat' dir='ltr'>ut</span> <span class='ocrx_word' id='word_1_10' title='bbox 805 1020 955 1077; x_wconf 83' lang='lat' dir='ltr'>lleasahani</span> <span class='ocrx_word' id='word_1_11' title='bbox 976 1020 1133 1095; x_wconf 79' lang='lat' dir='ltr'>superiores</span> 
     </span>
     <span class='ocr_line' id='line_1_3' title="bbox 114 1103 1132 1178; baseline 0.003 -16"><span class='ocrx_word' id='word_1_12' title='bbox 114 1105 275 1169; x_wconf 84' lang='lat' dir='ltr'>Constantii,</span> <span class='ocrx_word' id='word_1_13' title='bbox 298 1105 464 1178; x_wconf 72' lang='lat' dir='ltr'><strong>posteriores</strong></span> <span class='ocrx_word' id='word_1_14' title='bbox 480 1104 656 1161; x_wconf 73' lang='lat' dir='ltr'>Valentiniani</span> <span class='ocrx_word' id='word_1_15' title='bbox 679 1103 848 1178; x_wconf 77' lang='lat' dir='ltr'>temporibus</span> <span class='ocrx_word' id='word_1_16' title='bbox 869 1114 960 1162; x_wconf 89' lang='lat' dir='ltr'>ortum</span> <span class='ocrx_word' id='word_1_17' title='bbox 978 1105 1132 1165; x_wconf 83' lang='lat' dir='ltr'>habuerint.</span> 
     </span>
    </p>

    <p class='ocr_par' dir='ltr' id='par_1_3' title="bbox 109 1189 1133 2875">
     <span class='ocr_line' id='line_1_4' title="bbox 201 1189 1133 1264; baseline 0.002 -19"><span class='ocrx_word' id='word_1_18' title='bbox 201 1191 332 1263; x_wconf 82' lang='lat' dir='ltr'><strong>Iosephus</strong></span> <span class='ocrx_word' id='word_1_19' title='bbox 355 1189 476 1263; x_wconf 76' lang='lat' dir='ltr'>Scaliger</span> <span class='ocrx_word' id='word_1_20' title='bbox 496 1190 606 1246; x_wconf 81' lang='lat' dir='ltr'>Elenchi</span> <span class='ocrx_word' id='word_1_21' title='bbox 630 1209 652 1247; x_wconf 89' lang='lat' dir='ltr'>c.</span> <span class='ocrx_word' id='word_1_22' title='bbox 671 1193 710 1248; x_wconf 81' lang='lat'>28</span> <span class='ocrx_word' id='word_1_23' title='bbox 739 1190 910 1246; x_wconf 82' lang='lat' dir='ltr'>Massalianos</span> <span class='ocrx_word' id='word_1_24' title='bbox 932 1190 1054 1246; x_wconf 83' lang='lat' dir='ltr'>Essnros</span> <span class='ocrx_word' id='word_1_25' title='bbox 1083 1210 1133 1264; x_wconf 91' lang='lat' dir='ltr'>ap-</span> 
     </span>
     <span class='ocr_line' id='line_1_5' title="bbox 113 1275 1133 1349; baseline 0.002 -19"><span class='ocrx_word' id='word_1_26' title='bbox 113 1275 230 1349; x_wconf 87' lang='lat' dir='ltr'>pellatos</span> <span class='ocrx_word' id='word_1_27' title='bbox 253 1292 313 1330; x_wconf 87' lang='lat' dir='ltr'>esse</span> <span class='ocrx_word' id='word_1_28' title='bbox 337 1284 414 1348; x_wconf 89' lang='lat' dir='ltr'>putat</span> <span class='ocrx_word' id='word_1_29' title='bbox 437 1285 464 1330; x_wconf 88' lang='lat' dir='ltr'>et</span> <span class='ocrx_word' id='word_1_30' title='bbox 486 1275 519 1330; x_wconf 93' lang='lat' dir='ltr'>ab</span> <span class='ocrx_word' id='word_1_31' title='bbox 542 1276 574 1330; x_wconf 92' lang='lat' dir='ltr'>iis</span> <span class='ocrx_word' id='word_1_32' title='bbox 596 1275 816 1331; x_wconf 86' lang='lat' dir='ltr'>Massaliauornm</span> <span class='ocrx_word' id='word_1_33' title='bbox 840 1286 1015 1348; x_wconf 76' lang='lat' dir='ltr'>propagatam</span> <span class='ocrx_word' id='word_1_34' title='bbox 1031 1276 1133 1332; x_wconf 87' lang='lat' dir='ltr'>llaere-</span> 
     </span>
     <span class='ocr_line' id='line_1_6' title="bbox 113 1353 1133 1432; baseline 0.001 -16"><span class='ocrx_word' id='word_1_35' title='bbox 113 1362 166 1416; x_wconf 86' lang='lat' dir='ltr'>sin.</span> <span class='ocrx_word' id='word_1_36' title='bbox 197 1360 262 1415; x_wconf 83' lang='lat' dir='ltr'>Nara</span> <span class='ocrx_word' id='word_1_37' title='bbox 284 1360 380 1416; x_wconf 85' lang='lat' dir='ltr'>Esseni</span> <span class='ocrx_word' id='word_1_38' title='bbox 403 1353 497 1416; x_wconf 71' lang='grc' dir='ltr'><strong><em>ἱκέται</em></strong></span> <span class='ocrx_word' id='word_1_39' title='bbox 520 1362 590 1432; x_wconf 89' lang='lat' dir='ltr'>apud</span> <span class='ocrx_word' id='word_1_40' title='bbox 615 1360 754 1416; x_wconf 81' lang='lat' dir='ltr'>Philonem</span> <span class='ocrx_word' id='word_1_41' title='bbox 777 1370 805 1416; x_wconf 86' lang='lat' dir='ltr'>et</span> <span class='ocrx_word' id='word_1_42' title='bbox 820 1359 966 1415; x_wconf 84' lang='lat' dir='ltr'>Eusebium</span> <span class='ocrx_word' id='word_1_43' title='bbox 989 1362 1133 1417; x_wconf 89' lang='lat' dir='ltr'>nominan-</span> 
     </span>
     <span class='ocr_line' id='line_1_7' title="bbox 112 1437 1131 1520; baseline -0.001 -18"><span class='ocrx_word' id='word_1_44' title='bbox 112 1456 169 1502; x_wconf 90' lang='lat' dir='ltr'>tur.</span> <span class='ocrx_word' id='word_1_45' title='bbox 213 1447 247 1500; x_wconf 82' lang='lat' dir='ltr'>ht</span> <span class='ocrx_word' id='word_1_46' title='bbox 267 1442 377 1520; x_wconf 52' lang='lat' dir='ltr'>pstea</span> <span class='ocrx_word' id='word_1_47' title='bbox 399 1445 505 1500; x_wconf 82' lang='lat' dir='ltr'>iudaice</span> <span class='ocrx_word' id='word_1_48' title='bbox 528 1455 570 1500; x_wconf 90' lang='lat' dir='ltr'>est</span> <span class='ocrx_word' id='word_1_49' title='bbox 592 1437 707 1518; x_wconf 71' lang='grc' dir='ltr'><strong><em>ἱκέτης,</em></strong></span> <span class='ocrx_word' id='word_1_50' title='bbox 729 1437 858 1518; x_wconf 76' lang='grc' dir='ltr'>εὐχίτης,</span> <span class='ocrx_word' id='word_1_51' title='bbox 881 1439 1131 1520; x_wconf 75' lang='grc' dir='ltr'><strong><em>προσευχόμενος.</em></strong></span> 
     </span>
     <span class='ocr_line' id='line_1_8' title="bbox 112 1529 1131 1602; baseline 0.001 -17"><span class='ocrx_word' id='word_1_52' title='bbox 112 1530 302 1586; x_wconf 76' lang='lat' dir='ltr'>Coniecturam</span> <span class='ocrx_word' id='word_1_53' title='bbox 332 1530 474 1585; x_wconf 87' lang='lat' dir='ltr'>adstruunt</span> <span class='ocrx_word' id='word_1_54' title='bbox 505 1529 634 1602; x_wconf 76' lang='lat' dir='ltr'>pleraque</span> <span class='ocrx_word' id='word_1_55' title='bbox 663 1529 882 1585; x_wconf 84' lang='lat' dir='ltr'>llassaliauorum</span> <span class='ocrx_word' id='word_1_56' title='bbox 915 1531 1038 1586; x_wconf 90' lang='lat' dir='ltr'>instituta</span> <span class='ocrx_word' id='word_1_57' title='bbox 1069 1547 1131 1587; x_wconf 91' lang='lat' dir='ltr'>cum</span> 
     </span>
     <span class='ocr_line' id='line_1_9' title="bbox 112 1614 1132 1687; baseline 0.001 -17"><span class='ocrx_word' id='word_1_58' title='bbox 112 1615 223 1671; x_wconf 81' lang='lat' dir='ltr'>Essenis</span> <span class='ocrx_word' id='word_1_59' title='bbox 246 1615 413 1679; x_wconf 87' lang='lat' dir='ltr'>communia,</span> <span class='ocrx_word' id='word_1_60' title='bbox 438 1624 468 1669; x_wconf 90' lang='lat' dir='ltr'>ut</span> <span class='ocrx_word' id='word_1_61' title='bbox 490 1625 599 1687; x_wconf 88' lang='lat' dir='ltr'>praeter</span> <span class='ocrx_word' id='word_1_62' title='bbox 621 1614 805 1669; x_wconf 73' lang='lat' dir='ltr'>assiduitatem</span> <span class='ocrx_word' id='word_1_63' title='bbox 828 1615 936 1678; x_wconf 89' lang='lat' dir='ltr'>orandi,</span> <span class='ocrx_word' id='word_1_64' title='bbox 960 1615 1132 1672; x_wconf 72' lang='lat' dir='ltr'>Proseuchi-</span> 
     </span>
     <span class='ocr_line' id='line_1_10' title="bbox 112 1689 1131 1779; baseline 0.002 -24"><span class='ocrx_word' id='word_1_65' title='bbox 112 1717 174 1755; x_wconf 89' lang='lat' dir='ltr'>rum</span> <span class='ocrx_word' id='word_1_66' title='bbox 198 1717 263 1755; x_wconf 86' lang='lat' dir='ltr'>usus</span> <span class='ocrx_word' id='word_1_67' title='bbox 286 1700 361 1755; x_wconf 91' lang='lat' dir='ltr'>etin</span> <span class='ocrx_word' id='word_1_68' title='bbox 385 1717 430 1755; x_wconf 88' lang='lat' dir='ltr'>cas</span> <span class='ocrx_word' id='word_1_69' title='bbox 453 1700 515 1754; x_wconf 85' lang='lat' dir='ltr'>atati</span> <span class='ocrx_word' id='word_1_70' title='bbox 538 1709 696 1755; x_wconf 79' lang='lat' dir='ltr'>corruentes.</span> <span class='ocrx_word' id='word_1_71' title='bbox 724 1699 791 1754; x_wconf 86' lang='lat' dir='ltr'>Tum</span> <span class='ocrx_word' id='word_1_72' title='bbox 814 1689 971 1775; x_wconf 71' lang='grc' dir='ltr'>ἀντίφωνα</span> <span class='ocrx_word' id='word_1_73' title='bbox 993 1711 1021 1756; x_wconf 90' lang='lat' dir='ltr'>et</span> <span class='ocrx_word' id='word_1_74' title='bbox 1043 1691 1131 1779; x_wconf 74' lang='lat' dir='ltr'>qid‘nt&#39;.</span> 
     </span>
     <span class='ocr_line' id='line_1_11' title="bbox 111 1783 1132 1859; baseline 0.001 -19"><span class='ocrx_word' id='word_1_75' title='bbox 111 1785 239 1848; x_wconf 76' lang='lat' dir='ltr'>Accedit,</span> <span class='ocrx_word' id='word_1_76' title='bbox 263 1783 335 1859; x_wconf 90' lang='lat' dir='ltr'>quod</span> <span class='ocrx_word' id='word_1_77' title='bbox 359 1784 523 1847; x_wconf 87' lang='lat' dir='ltr'>llessaliani,</span> <span class='ocrx_word' id='word_1_78' title='bbox 553 1794 584 1839; x_wconf 88' lang='lat' dir='ltr'>ut</span> <span class='ocrx_word' id='word_1_79' title='bbox 606 1792 633 1840; x_wconf 92' lang='lat' dir='ltr'>et</span> <span class='ocrx_word' id='word_1_80' title='bbox 655 1784 762 1848; x_wconf 79' lang='lat' dir='ltr'>Essaei,</span> <span class='ocrx_word' id='word_1_81' title='bbox 792 1784 849 1839; x_wconf 85' lang='lat' dir='ltr'>suis</span> <span class='ocrx_word' id='word_1_82' title='bbox 871 1802 900 1839; x_wconf 88' lang='lat' dir='ltr'>se</span> <span class='ocrx_word' id='word_1_83' title='bbox 922 1783 1002 1841; x_wconf 77' lang='lat' dir='ltr'>lionis</span> <span class='ocrx_word' id='word_1_84' title='bbox 1023 1785 1132 1841; x_wconf 88' lang='lat' dir='ltr'>abdica-</span> 
     </span>
     <span class='ocr_line' id='line_1_12' title="bbox 111 1868 1131 1942; baseline 0 -17"><span class='ocrx_word' id='word_1_85' title='bbox 111 1868 188 1926; x_wconf 86' lang='lat' dir='ltr'>bant.</span> <span class='ocrx_word' id='word_1_86' title='bbox 234 1869 318 1941; x_wconf 80' lang='lat' dir='ltr'>lgitnr</span> <span class='ocrx_word' id='word_1_87' title='bbox 347 1870 444 1942; x_wconf 83' lang='lat' dir='ltr'>partini</span> <span class='ocrx_word' id='word_1_88' title='bbox 471 1869 584 1925; x_wconf 90' lang='lat' dir='ltr'>ludaeos</span> <span class='ocrx_word' id='word_1_89' title='bbox 614 1869 696 1924; x_wconf 81' lang='lat' dir='ltr'>luisse</span> <span class='ocrx_word' id='word_1_90' title='bbox 725 1869 835 1932; x_wconf 83' lang='lat' dir='ltr'>statuit,</span> <span class='ocrx_word' id='word_1_91' title='bbox 866 1868 937 1941; x_wconf 89' lang='lat' dir='ltr'>quod</span> <span class='ocrx_word' id='word_1_92' title='bbox 967 1868 1000 1924; x_wconf 88' lang='lat' dir='ltr'>ab</span> <span class='ocrx_word' id='word_1_93' title='bbox 1022 1869 1131 1925; x_wconf 83' lang='lat' dir='ltr'>Essenis</span> 
     </span>
     <span class='ocr_line' id='line_1_13' title="bbox 112 1952 1130 2027; baseline 0 -17"><span class='ocrx_word' id='word_1_94' title='bbox 112 1954 236 2019; x_wconf 88' lang='lat' dir='ltr'>oriundi,</span> <span class='ocrx_word' id='word_1_95' title='bbox 265 1954 361 2026; x_wconf 88' lang='lat' dir='ltr'>partim</span> <span class='ocrx_word' id='word_1_96' title='bbox 391 1954 462 2027; x_wconf 91' lang='lat' dir='ltr'>quod</span> <span class='ocrx_word' id='word_1_97' title='bbox 492 1953 739 2009; x_wconf 79' lang='lat' dir='ltr'>l&#39;seodochristiani</span> <span class='ocrx_word' id='word_1_98' title='bbox 773 1970 802 2008; x_wconf 91' lang='lat' dir='ltr'>se</span> <span class='ocrx_word' id='word_1_99' title='bbox 835 1952 886 2008; x_wconf 89' lang='lat' dir='ltr'>illis</span> <span class='ocrx_word' id='word_1_100' title='bbox 914 1953 1130 2018; x_wconf 89' lang='lat' dir='ltr'>admiscuissent,</span> 
     </span>
     <span class='ocr_line' id='line_1_14' title="bbox 111 2038 1133 2112; baseline -0.001 -17"><span class='ocrx_word' id='word_1_101' title='bbox 111 2047 194 2112; x_wconf 75' lang='lat' dir='ltr'>negat</span> <span class='ocrx_word' id='word_1_102' title='bbox 217 2039 309 2094; x_wconf 84' lang='lat' dir='ltr'>luisse.</span> <span class='ocrx_word' id='word_1_103' title='bbox 340 2039 404 2094; x_wconf 89' lang='lat' dir='ltr'>Nam</span> <span class='ocrx_word' id='word_1_104' title='bbox 428 2039 499 2094; x_wconf 91' lang='lat' dir='ltr'>inter</span> <span class='ocrx_word' id='word_1_105' title='bbox 520 2048 626 2094; x_wconf 89' lang='lat' dir='ltr'>caetera</span> <span class='ocrx_word' id='word_1_106' title='bbox 649 2038 763 2094; x_wconf 91' lang='lat' dir='ltr'>mendici</span> <span class='ocrx_word' id='word_1_107' title='bbox 785 2047 871 2101; x_wconf 88' lang='lat' dir='ltr'>erant,</span> <span class='ocrx_word' id='word_1_108' title='bbox 895 2038 989 2110; x_wconf 89' lang='lat' dir='ltr'>quales</span> <span class='ocrx_word' id='word_1_109' title='bbox 1011 2039 1066 2094; x_wconf 89' lang='lat' dir='ltr'>veri</span> <span class='ocrx_word' id='word_1_110' title='bbox 1085 2040 1133 2095; x_wconf 92' lang='lat' dir='ltr'>lu-</span> 
     </span>
     <span class='ocr_line' id='line_1_15' title="bbox 111 2117 1131 2198; baseline 0.001 -18"><span class='ocrx_word' id='word_1_111' title='bbox 111 2125 172 2180; x_wconf 89' lang='lat' dir='ltr'>daei</span> <span class='ocrx_word' id='word_1_112' title='bbox 201 2140 254 2178; x_wconf 88' lang='lat' dir='ltr'>nen</span> <span class='ocrx_word' id='word_1_113' title='bbox 278 2133 371 2187; x_wconf 91' lang='lat' dir='ltr'>erant,</span> <span class='ocrx_word' id='word_1_114' title='bbox 400 2132 514 2197; x_wconf 91' lang='lat' dir='ltr'>propter</span> <span class='ocrx_word' id='word_1_115' title='bbox 535 2118 569 2179; x_wconf 81' lang='grc' dir='ltr'>τὸ</span> <span class='ocrx_word' id='word_1_116' title='bbox 592 2117 781 2198; x_wconf 77' lang='grc' dir='ltr'><strong><em>φιλάλληλον</em></strong></span> <span class='ocrx_word' id='word_1_117' title='bbox 802 2139 912 2187; x_wconf 90' lang='lat' dir='ltr'>eorum,</span> <span class='ocrx_word' id='word_1_118' title='bbox 942 2123 1015 2196; x_wconf 92' lang='lat' dir='ltr'>quod</span> <span class='ocrx_word' id='word_1_119' title='bbox 1037 2124 1131 2181; x_wconf 80' lang='lat' dir='ltr'>divites</span> 
     </span>
     <span class='ocr_line' id='line_1_16' title="bbox 110 2207 1130 2283; baseline 0 -18"><span class='ocrx_word' id='word_1_120' title='bbox 110 2227 168 2265; x_wconf 92' lang='lat' dir='ltr'>non</span> <span class='ocrx_word' id='word_1_121' title='bbox 191 2208 330 2281; x_wconf 90' lang='lat' dir='ltr'>patiuntur</span> <span class='ocrx_word' id='word_1_122' title='bbox 353 2209 490 2265; x_wconf 83' lang='lat' dir='ltr'>tenuiores</span> <span class='ocrx_word' id='word_1_123' title='bbox 513 2209 675 2272; x_wconf 89' lang='lat' dir='ltr'>mendicare,</span> <span class='ocrx_word' id='word_1_124' title='bbox 699 2217 745 2263; x_wconf 92' lang='lat' dir='ltr'>aut</span> <span class='ocrx_word' id='word_1_125' title='bbox 768 2208 880 2264; x_wconf 90' lang='lat' dir='ltr'>esurire.</span> <span class='ocrx_word' id='word_1_126' title='bbox 908 2207 979 2264; x_wconf 86' lang='lat' dir='ltr'>llaec</span> <span class='ocrx_word' id='word_1_127' title='bbox 1001 2208 1130 2283; x_wconf 79' lang='lat' dir='ltr'>Scaliger,</span> 
     </span>
     <span class='ocr_line' id='line_1_17' title="bbox 110 2292 1132 2366; baseline 0.002 -19"><span class='ocrx_word' id='word_1_128' title='bbox 110 2310 182 2366; x_wconf 88' lang='lat' dir='ltr'>quae</span> <span class='ocrx_word' id='word_1_129' title='bbox 211 2310 224 2348; x_wconf 91' lang='lat' dir='ltr'>a</span> <span class='ocrx_word' id='word_1_130' title='bbox 248 2293 370 2349; x_wconf 91' lang='lat' dir='ltr'>Serrario</span> <span class='ocrx_word' id='word_1_131' title='bbox 399 2302 493 2349; x_wconf 89' lang='lat' dir='ltr'>nostro</span> <span class='ocrx_word' id='word_1_132' title='bbox 521 2294 547 2348; x_wconf 92' lang='lat' dir='ltr'>iu</span> <span class='ocrx_word' id='word_1_133' title='bbox 571 2292 706 2348; x_wconf 86' lang='lat' dir='ltr'>hliuervali</span> <span class='ocrx_word' id='word_1_134' title='bbox 736 2294 833 2348; x_wconf 84' lang='lat' dir='ltr'>nierito</span> <span class='ocrx_word' id='word_1_135' title='bbox 855 2293 1040 2349; x_wconf 80' lang='lat' dir='ltr'>confutantur.</span> <span class='ocrx_word' id='word_1_136' title='bbox 1085 2294 1132 2350; x_wconf 81' lang='lat' dir='ltr'>Est</span> 
     </span>
     <span class='ocr_line' id='line_1_18' title="bbox 111 2377 1131 2452; baseline 0.001 -18"><span class='ocrx_word' id='word_1_137' title='bbox 111 2379 184 2434; x_wconf 91' lang='lat' dir='ltr'>enim</span> <span class='ocrx_word' id='word_1_138' title='bbox 207 2377 374 2433; x_wconf 82' lang='lat' dir='ltr'>lahacissima</span> <span class='ocrx_word' id='word_1_139' title='bbox 398 2379 513 2433; x_wconf 89' lang='lat' dir='ltr'>nominis</span> <span class='ocrx_word' id='word_1_140' title='bbox 540 2379 705 2441; x_wconf 87' lang='lat' dir='ltr'>coniectura,</span> <span class='ocrx_word' id='word_1_141' title='bbox 729 2387 835 2434; x_wconf 87' lang='lat' dir='ltr'>caetera</span> <span class='ocrx_word' id='word_1_142' title='bbox 850 2395 913 2433; x_wconf 86' lang='lat' dir='ltr'>vero</span> <span class='ocrx_word' id='word_1_143' title='bbox 929 2378 1028 2434; x_wconf 81' lang='lat' dir='ltr'>leviora</span> <span class='ocrx_word' id='word_1_144' title='bbox 1051 2396 1131 2452; x_wconf 90' lang='lat' dir='ltr'>quarn</span> 
     </span>
     <span class='ocr_line' id='line_1_19' title="bbox 110 2462 1132 2536; baseline 0.002 -18"><span class='ocrx_word' id='word_1_145' title='bbox 110 2472 143 2519; x_wconf 91' lang='lat' dir='ltr'>nt</span> <span class='ocrx_word' id='word_1_146' title='bbox 166 2480 216 2517; x_wconf 91' lang='lat' dir='ltr'>nos</span> <span class='ocrx_word' id='word_1_147' title='bbox 238 2462 271 2518; x_wconf 93' lang='lat' dir='ltr'>ab</span> <span class='ocrx_word' id='word_1_148' title='bbox 294 2463 434 2536; x_wconf 83' lang='lat' dir='ltr'>Epiphauii</span> <span class='ocrx_word' id='word_1_149' title='bbox 457 2464 621 2518; x_wconf 83' lang='lat' dir='ltr'>authoritate</span> <span class='ocrx_word' id='word_1_150' title='bbox 644 2463 805 2518; x_wconf 87' lang='lat' dir='ltr'>dimoveant.</span> <span class='ocrx_word' id='word_1_151' title='bbox 840 2462 895 2518; x_wconf 86' lang='lat' dir='ltr'>Sed</span> <span class='ocrx_word' id='word_1_152' title='bbox 917 2463 983 2518; x_wconf 91' lang='lat' dir='ltr'>illud</span> <span class='ocrx_word' id='word_1_153' title='bbox 1005 2482 1070 2519; x_wconf 85' lang='lat' dir='ltr'>sane</span> <span class='ocrx_word' id='word_1_154' title='bbox 1091 2464 1132 2520; x_wconf 86' lang='lat' dir='ltr'>ri·</span> 
     </span>
     <span class='ocr_line' id='line_1_20' title="bbox 110 2547 1132 2621; baseline 0 -18"><span class='ocrx_word' id='word_1_155' title='bbox 110 2548 240 2611; x_wconf 78' lang='lat' dir='ltr'>dicatum,</span> <span class='ocrx_word' id='word_1_156' title='bbox 264 2548 337 2621; x_wconf 88' lang='lat' dir='ltr'>quod</span> <span class='ocrx_word' id='word_1_157' title='bbox 360 2548 498 2603; x_wconf 85' lang='lat' dir='ltr'>mendicos</span> <span class='ocrx_word' id='word_1_158' title='bbox 522 2556 601 2620; x_wconf 81' lang='lat' dir='ltr'>negat</span> <span class='ocrx_word' id='word_1_159' title='bbox 624 2547 706 2602; x_wconf 88' lang='lat' dir='ltr'>luisse</span> <span class='ocrx_word' id='word_1_160' title='bbox 728 2547 851 2609; x_wconf 87' lang='lat' dir='ltr'>ludaeos,</span> <span class='ocrx_word' id='word_1_161' title='bbox 875 2563 936 2602; x_wconf 79' lang='lat' dir='ltr'>curm</span> <span class='ocrx_word' id='word_1_162' title='bbox 959 2548 985 2602; x_wconf 91' lang='lat' dir='ltr'>in</span> <span class='ocrx_word' id='word_1_163' title='bbox 1009 2547 1132 2621; x_wconf 76' lang='lat' dir='ltr'>Evange-</span> 
     </span>
     <span class='ocr_line' id='line_1_21' title="bbox 109 2632 1130 2706; baseline -0.001 -17"><span class='ocrx_word' id='word_1_164' title='bbox 109 2634 154 2690; x_wconf 85' lang='lat' dir='ltr'>liis</span> <span class='ocrx_word' id='word_1_165' title='bbox 177 2641 206 2688; x_wconf 92' lang='lat' dir='ltr'>et</span> <span class='ocrx_word' id='word_1_166' title='bbox 227 2632 339 2688; x_wconf 78' lang='lat' dir='ltr'>Actibus</span> <span class='ocrx_word' id='word_1_167' title='bbox 360 2632 552 2706; x_wconf 77' lang='lat' dir='ltr'>Apostolorum</span> <span class='ocrx_word' id='word_1_168' title='bbox 576 2632 695 2704; x_wconf 83' lang='lat' dir='ltr'>exempla</span> <span class='ocrx_word' id='word_1_169' title='bbox 718 2632 903 2687; x_wconf 88' lang='lat' dir='ltr'>mendicorum</span> <span class='ocrx_word' id='word_1_170' title='bbox 930 2632 985 2689; x_wconf 89' lang='lat' dir='ltr'>siat</span> <span class='ocrx_word' id='word_1_171' title='bbox 1006 2632 1130 2704; x_wconf 89' lang='lat' dir='ltr'>plurima,</span> 
     </span>
     <span class='ocr_line' id='line_1_22' title="bbox 110 2716 1132 2790; baseline -0.001 -16"><span class='ocrx_word' id='word_1_172' title='bbox 110 2719 238 2790; x_wconf 90' lang='lat' dir='ltr'>interque</span> <span class='ocrx_word' id='word_1_173' title='bbox 266 2727 389 2774; x_wconf 86' lang='lat' dir='ltr'>caeteros</span> <span class='ocrx_word' id='word_1_174' title='bbox 418 2717 531 2773; x_wconf 86' lang='lat' dir='ltr'>mendici</span> <span class='ocrx_word' id='word_1_175' title='bbox 555 2716 660 2779; x_wconf 85' lang='lat' dir='ltr'>Lazari,</span> <span class='ocrx_word' id='word_1_176' title='bbox 691 2733 770 2788; x_wconf 87' lang='lat' dir='ltr'>quern</span> <span class='ocrx_word' id='word_1_177' title='bbox 797 2733 889 2771; x_wconf 84' lang='lat' dir='ltr'>verum</span> <span class='ocrx_word' id='word_1_178' title='bbox 912 2716 1038 2772; x_wconf 89' lang='lat' dir='ltr'>ludaoum</span> <span class='ocrx_word' id='word_1_179' title='bbox 1062 2717 1132 2773; x_wconf 81' lang='lat' dir='ltr'>eati-</span> 
     </span>
     <span class='ocr_line' id='line_1_23' title="bbox 111 2801 1045 2875; baseline -0.003 -16"><span class='ocrx_word' id='word_1_180' title='bbox 111 2805 179 2859; x_wconf 89' lang='lat' dir='ltr'>tisse</span> <span class='ocrx_word' id='word_1_181' title='bbox 201 2802 312 2858; x_wconf 84' lang='lat' dir='ltr'>inficiari</span> <span class='ocrx_word' id='word_1_182' title='bbox 335 2820 414 2858; x_wconf 85' lang='lat' dir='ltr'>uerno</span> <span class='ocrx_word' id='word_1_183' title='bbox 438 2812 539 2875; x_wconf 90' lang='lat' dir='ltr'>potest.</span> <span class='ocrx_word' id='word_1_184' title='bbox 570 2802 622 2857; x_wconf 89' lang='lat' dir='ltr'>Sed</span> <span class='ocrx_word' id='word_1_185' title='bbox 646 2801 678 2857; x_wconf 91' lang='lat' dir='ltr'>dc</span> <span class='ocrx_word' id='word_1_186' title='bbox 701 2802 744 2856; x_wconf 88' lang='lat' dir='ltr'>his</span> <span class='ocrx_word' id='word_1_187' title='bbox 765 2802 875 2874; x_wconf 88' lang='lat' dir='ltr'>copiose</span> <span class='ocrx_word' id='word_1_188' title='bbox 898 2801 1045 2856; x_wconf 87' lang='lat' dir='ltr'>Scrrarius.</span> 
     </span>
    </p>

    <p class='ocr_par' dir='ltr' id='par_1_4' title="bbox 202 2880 1131 2987">
     <span class='ocr_line' id='line_1_24' title="bbox 202 2880 1131 2987; baseline -0.002 -43"><span class='ocrx_word' id='word_1_189' title='bbox 202 2890 279 2944; x_wconf 78' lang='grc'>1067</span> <span class='ocrx_word' id='word_1_190' title='bbox 298 2890 323 2942; x_wconf 93' lang='grc' dir='ltr'>ιΙ.</span> <span class='ocrx_word' id='word_1_191' title='bbox 353 2882 460 2987; x_wconf 47' lang='grc' dir='ltr'>μιίιλιειὶ</span> <span class='ocrx_word' id='word_1_192' title='bbox 482 2880 580 2983; x_wconf 75' lang='grc' dir='ltr'><em>μηδὲν</em></span> <span class='ocrx_word' id='word_1_193' title='bbox 593 2886 843 2962; x_wconf 74' lang='grc' dir='ltr'>προσκυνοῦντες]</span> <span class='ocrx_word' id='word_1_194' title='bbox 875 2886 956 2943; x_wconf 80' lang='lat' dir='ltr'>Forte</span> <span class='ocrx_word' id='word_1_195' title='bbox 968 2880 1072 2959; x_wconf 71' lang='lat' dir='ltr'>predari</span> <span class='ocrx_word' id='word_1_196' title='bbox 1088 2880 1131 2942; x_wconf 77' lang='grc' dir='ltr'>δέ.</span> 
     </span>
    </p>

    <p class='ocr_par' dir='ltr' id='par_1_5' title="bbox 99 2961 1132 4234">
     <span class='ocr_line' id='line_1_25' title="bbox 197 2961 1132 3065; baseline -0.001 -37"><span class='ocrx_word' id='word_1_197' title='bbox 197 2967 281 3040; x_wconf 76' lang='grc' dir='ltr'><strong><em>τινας</em></strong></span> <span class='ocrx_word' id='word_1_198' title='bbox 303 2966 386 3027; x_wconf 72' lang='lat' dir='ltr'>dd</span> <span class='ocrx_word' id='word_1_199' title='bbox 358 2968 460 3038; x_wconf 81' lang='grc' dir='ltr'><strong><em>αι’καας</em></strong></span> <span class='ocrx_word' id='word_1_200' title='bbox 482 2961 601 3037; x_wconf 77' lang='grc' dir='ltr'><strong><em>ιαιιτοῖς</em></strong></span> <span class='ocrx_word' id='word_1_201' title='bbox 623 2964 916 3042; x_wconf 78' lang='grc' dir='ltr'>κατασκευάσαντες]</span> <span class='ocrx_word' id='word_1_202' title='bbox 945 2965 1041 3065; x_wconf 70' lang='lat' dir='ltr'>qdpoc</span> <span class='ocrx_word' id='word_1_203' title='bbox 1054 2988 1070 3026; x_wconf 88' lang='lat' dir='ltr'>a</span> <span class='ocrx_word' id='word_1_204' title='bbox 1085 2989 1132 3027; x_wconf 89' lang='lat' dir='ltr'>re-</span> 
     </span>
     <span class='ocr_line' id='line_1_26' title="bbox 109 3055 1131 3129; baseline -0.001 -16"><span class='ocrx_word' id='word_1_205' title='bbox 109 3056 279 3113; x_wconf 82' lang='lat' dir='ltr'>cautioribus</span> <span class='ocrx_word' id='word_1_206' title='bbox 304 3057 411 3112; x_wconf 84' lang='lat' dir='ltr'>Graeeis</span> <span class='ocrx_word' id='word_1_207' title='bbox 434 3058 521 3112; x_wconf 90' lang='lat' dir='ltr'>lorurn</span> <span class='ocrx_word' id='word_1_208' title='bbox 544 3056 704 3129; x_wconf 88' lang='lat' dir='ltr'>appellatur,</span> <span class='ocrx_word' id='word_1_209' title='bbox 728 3056 781 3111; x_wconf 89' lang='lat' dir='ltr'>sive</span> <span class='ocrx_word' id='word_1_210' title='bbox 804 3055 889 3128; x_wconf 85' lang='lat' dir='ltr'>ampla</span> <span class='ocrx_word' id='word_1_211' title='bbox 914 3065 941 3111; x_wconf 88' lang='lat' dir='ltr'>et</span> <span class='ocrx_word' id='word_1_212' title='bbox 958 3056 1054 3129; x_wconf 77' lang='lat' dir='ltr'>ingens</span> <span class='ocrx_word' id='word_1_213' title='bbox 1069 3073 1131 3112; x_wconf 89' lang='lat' dir='ltr'>area</span> 
     </span>
     <span class='ocr_line' id='line_1_27' title="bbox 109 3132 1132 3217; baseline 0 -19"><span class='ocrx_word' id='word_1_214' title='bbox 109 3141 259 3199; x_wconf 85' lang='lat' dir='ltr'>subdivalis</span> <span class='ocrx_word' id='word_1_215' title='bbox 288 3151 315 3197; x_wconf 91' lang='lat' dir='ltr'>ct</span> <span class='ocrx_word' id='word_1_216' title='bbox 343 3132 508 3217; x_wconf 74' lang='grc' dir='ltr'><strong><em>ὕπαιθρος.</em></strong></span> <span class='ocrx_word' id='word_1_217' title='bbox 553 3141 709 3197; x_wconf 85' lang='lat' dir='ltr'>Cuiusmodi</span> <span class='ocrx_word' id='word_1_218' title='bbox 736 3141 906 3197; x_wconf 89' lang='lat' dir='ltr'>Proseuchas</span> <span class='ocrx_word' id='word_1_219' title='bbox 933 3140 1018 3197; x_wconf 88' lang='lat' dir='ltr'>luisse</span> <span class='ocrx_word' id='word_1_220' title='bbox 1051 3142 1132 3198; x_wconf 88' lang='lat' dir='ltr'>ducet</span> 
     </span>
     <span class='ocr_line' id='line_1_28' title="bbox 109 3226 1131 3300; baseline 0.002 -19"><span class='ocrx_word' id='word_1_221' title='bbox 109 3226 288 3300; x_wconf 83' lang='lat' dir='ltr'>Epiphanius.</span> <span class='ocrx_word' id='word_1_222' title='bbox 328 3227 410 3283; x_wconf 85' lang='lat' dir='ltr'>Erant</span> <span class='ocrx_word' id='word_1_223' title='bbox 431 3227 490 3283; x_wconf 90' lang='lat' dir='ltr'>loca</span> <span class='ocrx_word' id='word_1_224' title='bbox 512 3227 642 3299; x_wconf 86' lang='lat' dir='ltr'>quaedam</span> <span class='ocrx_word' id='word_1_225' title='bbox 664 3237 756 3300; x_wconf 89' lang='lat' dir='ltr'>aperta</span> <span class='ocrx_word' id='word_1_226' title='bbox 779 3242 809 3282; x_wconf 89' lang='lat' dir='ltr'>ac</span> <span class='ocrx_word' id='word_1_227' title='bbox 832 3226 890 3281; x_wconf 87' lang='lat' dir='ltr'>siue</span> <span class='ocrx_word' id='word_1_228' title='bbox 913 3233 995 3290; x_wconf 87' lang='lat' dir='ltr'>tecto,</span> <span class='ocrx_word' id='word_1_229' title='bbox 1019 3226 1045 3280; x_wconf 90' lang='lat' dir='ltr'>in</span> <span class='ocrx_word' id='word_1_230' title='bbox 1061 3242 1131 3300; x_wconf 91' lang='lat' dir='ltr'>quae</span> 
     </span>
     <span class='ocr_line' id='line_1_29' title="bbox 110 3310 1131 3369; baseline 0 -1"><span class='ocrx_word' id='word_1_231' title='bbox 110 3312 208 3368; x_wconf 86' lang='lat' dir='ltr'>orandi</span> <span class='ocrx_word' id='word_1_232' title='bbox 236 3329 330 3368; x_wconf 85' lang='lat' dir='ltr'>caussa</span> <span class='ocrx_word' id='word_1_233' title='bbox 353 3311 557 3368; x_wconf 87' lang='lat' dir='ltr'>conveniebant.</span> <span class='ocrx_word' id='word_1_234' title='bbox 603 3311 693 3367; x_wconf 86' lang='lat' dir='ltr'>Tritos</span> <span class='ocrx_word' id='word_1_235' title='bbox 715 3320 757 3366; x_wconf 91' lang='lat' dir='ltr'>est</span> <span class='ocrx_word' id='word_1_236' title='bbox 779 3310 910 3367; x_wconf 86' lang='lat' dir='ltr'>luvenalis</span> <span class='ocrx_word' id='word_1_237' title='bbox 932 3310 977 3366; x_wconf 90' lang='lat' dir='ltr'>ille</span> <span class='ocrx_word' id='word_1_238' title='bbox 999 3328 1093 3369; x_wconf 80' lang='lat' dir='ltr'>versos</span> <span class='ocrx_word' id='word_1_239' title='bbox 1115 3329 1131 3368; x_wconf 89' lang='lat' dir='ltr'>e</span> 
     </span>
     <span class='ocr_line' id='line_1_30' title="bbox 110 3395 1131 3468; baseline -0.003 -15"><span class='ocrx_word' id='word_1_240' title='bbox 110 3397 169 3453; x_wconf 87' lang='lat' dir='ltr'>Sat.</span> <span class='ocrx_word' id='word_1_241' title='bbox 189 3404 221 3453; x_wconf 80' lang='lat' dir='ltr'>a:</span> <span class='ocrx_word' id='word_1_242' title='bbox 244 3397 304 3453; x_wconf 79' lang='lat' dir='ltr'>Ede</span> <span class='ocrx_word' id='word_1_243' title='bbox 325 3398 374 3452; x_wconf 82' lang='lat' dir='ltr'>obi</span> <span class='ocrx_word' id='word_1_244' title='bbox 396 3399 547 3461; x_wconf 79' lang='lat' dir='ltr'>consistes,</span> <span class='ocrx_word' id='word_1_245' title='bbox 569 3398 601 3452; x_wconf 84' lang='lat' dir='ltr'>iu</span> <span class='ocrx_word' id='word_1_246' title='bbox 623 3413 681 3468; x_wconf 81' lang='lat' dir='ltr'>quo</span> <span class='ocrx_word' id='word_1_247' title='bbox 703 3404 728 3451; x_wconf 90' lang='lat' dir='ltr'>te</span> <span class='ocrx_word' id='word_1_248' title='bbox 750 3413 858 3468; x_wconf 82' lang='lat' dir='ltr'>quaere</span> <span class='ocrx_word' id='word_1_249' title='bbox 878 3395 1049 3452; x_wconf 74' lang='grc' dir='ltr'><strong><em>Ριοιααιλια.</em></strong></span> <span class='ocrx_word' id='word_1_250' title='bbox 1091 3397 1131 3452; x_wconf 81' lang='lat' dir='ltr'>hd</span> 
     </span>
     <span class='ocr_line' id='line_1_31' title="bbox 110 3481 1130 3555; baseline 0.001 -20"><span class='ocrx_word' id='word_1_251' title='bbox 110 3499 195 3555; x_wconf 85' lang='lat' dir='ltr'>quern</span> <span class='ocrx_word' id='word_1_252' title='bbox 218 3491 293 3537; x_wconf 90' lang='lat' dir='ltr'>vetus</span> <span class='ocrx_word' id='word_1_253' title='bbox 316 3481 480 3536; x_wconf 86' lang='lat' dir='ltr'>Scholiastcs</span> <span class='ocrx_word' id='word_1_254' title='bbox 502 3481 591 3536; x_wconf 88' lang='lat' dir='ltr'>lecum</span> <span class='ocrx_word' id='word_1_255' title='bbox 615 3499 675 3537; x_wconf 84' lang='lat' dir='ltr'>esse</span> <span class='ocrx_word' id='word_1_256' title='bbox 696 3490 844 3545; x_wconf 89' lang='lat' dir='ltr'>memorat,</span> <span class='ocrx_word' id='word_1_257' title='bbox 874 3481 906 3535; x_wconf 93' lang='lat' dir='ltr'>ad</span> <span class='ocrx_word' id='word_1_258' title='bbox 928 3498 1007 3554; x_wconf 90' lang='lat' dir='ltr'>quem</span> <span class='ocrx_word' id='word_1_259' title='bbox 1031 3499 1130 3537; x_wconf 83' lang='lat' dir='ltr'>conoe·</span> 
     </span>
     <span class='ocr_line' id='line_1_32' title="bbox 110 3567 1128 3638; baseline 0 -17"><span class='ocrx_word' id='word_1_260' title='bbox 110 3568 211 3622; x_wconf 80' lang='lat' dir='ltr'>venire</span> <span class='ocrx_word' id='word_1_261' title='bbox 232 3568 359 3622; x_wconf 82' lang='lat' dir='ltr'>solebant</span> <span class='ocrx_word' id='word_1_262' title='bbox 381 3567 500 3620; x_wconf 81' lang='lat' dir='ltr'>mendici</span> <span class='ocrx_word' id='word_1_263' title='bbox 522 3568 561 3621; x_wconf 87' lang='lat' dir='ltr'>ed</span> <span class='ocrx_word' id='word_1_264' title='bbox 586 3568 685 3638; x_wconf 84' lang='lat' dir='ltr'>stipem</span> <span class='ocrx_word' id='word_1_265' title='bbox 704 3568 870 3637; x_wconf 82' lang='lat' dir='ltr'>petendum,</span> <span class='ocrx_word' id='word_1_266' title='bbox 900 3567 952 3620; x_wconf 84' lang='lat' dir='ltr'>olii</span> <span class='ocrx_word' id='word_1_267' title='bbox 973 3568 1128 3630; x_wconf 75' lang='lat' dir='ltr'>tabentem,</span> 
     </span>
     <span class='ocr_line' id='line_1_33' title="bbox 110 3650 1130 3724; baseline 0 -18"><span class='ocrx_word' id='word_1_268' title='bbox 110 3653 144 3707; x_wconf 84' lang='lat' dir='ltr'>in</span> <span class='ocrx_word' id='word_1_269' title='bbox 166 3668 223 3724; x_wconf 81' lang='lat' dir='ltr'>quo</span> <span class='ocrx_word' id='word_1_270' title='bbox 241 3668 384 3724; x_wconf 82' lang='lat' dir='ltr'>pauperes</span> <span class='ocrx_word' id='word_1_271' title='bbox 398 3653 504 3706; x_wconf 71' lang='lat' dir='ltr'>advent.</span> <span class='ocrx_word' id='word_1_272' title='bbox 534 3650 627 3707; x_wconf 79' lang='lat' dir='ltr'>Addit:</span> <span class='ocrx_word' id='word_1_273' title='bbox 652 3659 677 3705; x_wconf 86' lang='lat' dir='ltr'>et</span> <span class='ocrx_word' id='word_1_274' title='bbox 691 3651 853 3706; x_wconf 79' lang='lat' dir='ltr'>Proseucha</span> <span class='ocrx_word' id='word_1_275' title='bbox 869 3652 945 3705; x_wconf 81' lang='lat' dir='ltr'>locos</span> <span class='ocrx_word' id='word_1_276' title='bbox 960 3650 1130 3706; x_wconf 82' lang='lat' dir='ltr'>ludaeorum</span> 
     </span>
     <span class='ocr_line' id='line_1_34' title="bbox 110 3730 1128 3808; baseline 0.001 -17"><span class='ocrx_word' id='word_1_277' title='bbox 110 3737 163 3791; x_wconf 75' lang='lat' dir='ltr'>abi</span> <span class='ocrx_word' id='word_1_278' title='bbox 192 3746 280 3791; x_wconf 85' lang='lat' dir='ltr'>erant.</span> <span class='ocrx_word' id='word_1_279' title='bbox 325 3730 401 3792; x_wconf 82' lang='lat' dir='ltr'>Exta&#39;t</span> <span class='ocrx_word' id='word_1_280' title='bbox 428 3752 458 3791; x_wconf 91' lang='lat' dir='ltr'>ea</span> <span class='ocrx_word' id='word_1_281' title='bbox 487 3752 535 3789; x_wconf 81' lang='lat' dir='ltr'>cor</span> <span class='ocrx_word' id='word_1_282' title='bbox 565 3735 656 3791; x_wconf 90' lang='lat' dir='ltr'>multis</span> <span class='ocrx_word' id='word_1_283' title='bbox 683 3735 710 3790; x_wconf 90' lang='lat' dir='ltr'>iu</span> <span class='ocrx_word' id='word_1_284' title='bbox 738 3736 805 3791; x_wconf 91' lang='lat' dir='ltr'>locis</span> <span class='ocrx_word' id='word_1_285' title='bbox 834 3734 905 3808; x_wconf 88' lang='lat' dir='ltr'>apud</span> <span class='ocrx_word' id='word_1_286' title='bbox 933 3734 1072 3790; x_wconf 87' lang='lat' dir='ltr'>Philonem</span> <span class='ocrx_word' id='word_1_287' title='bbox 1101 3736 1128 3792; x_wconf 91' lang='lat' dir='ltr'>in</span> 
     </span>
     <span class='ocr_line' id='line_1_35' title="bbox 112 3819 1127 3892; baseline -0.001 -16"><span class='ocrx_word' id='word_1_288' title='bbox 112 3821 240 3877; x_wconf 80' lang='lat' dir='ltr'>Flaccum</span> <span class='ocrx_word' id='word_1_289' title='bbox 263 3830 290 3877; x_wconf 91' lang='lat' dir='ltr'>ot</span> <span class='ocrx_word' id='word_1_290' title='bbox 313 3822 413 3882; x_wconf 81' lang='lat' dir='ltr'>Caium,</span> <span class='ocrx_word' id='word_1_291' title='bbox 436 3821 580 3892; x_wconf 85' lang='lat' dir='ltr'>loscphum</span> <span class='ocrx_word' id='word_1_292' title='bbox 603 3819 649 3875; x_wconf 91' lang='lat' dir='ltr'>lib.</span> <span class='ocrx_word' id='word_1_293' title='bbox 673 3820 778 3875; x_wconf 88' lang='lat' dir='ltr'>devita</span> <span class='ocrx_word' id='word_1_294' title='bbox 802 3836 859 3875; x_wconf 89' lang='lat' dir='ltr'>soa.</span> <span class='ocrx_word' id='word_1_295' title='bbox 891 3819 990 3874; x_wconf 83' lang='lat' dir='ltr'>Romae</span> <span class='ocrx_word' id='word_1_296' title='bbox 1009 3821 1127 3892; x_wconf 86' lang='lat' dir='ltr'>quidem,</span> 
     </span>
     <span class='ocr_line' id='line_1_36' title="bbox 112 3904 1128 3978; baseline -0.001 -16"><span class='ocrx_word' id='word_1_297' title='bbox 112 3907 160 3962; x_wconf 90' lang='lat' dir='ltr'>ubi</span> <span class='ocrx_word' id='word_1_298' title='bbox 191 3907 345 3978; x_wconf 81' lang='lat' dir='ltr'>trequentes</span> <span class='ocrx_word' id='word_1_299' title='bbox 376 3915 451 3960; x_wconf 90' lang='lat' dir='ltr'>crant</span> <span class='ocrx_word' id='word_1_300' title='bbox 474 3905 563 3959; x_wconf 79' lang='lat' dir='ltr'>luciaci</span> <span class='ocrx_word' id='word_1_301' title='bbox 593 3913 620 3959; x_wconf 90' lang='lat' dir='ltr'>et</span> <span class='ocrx_word' id='word_1_302' title='bbox 644 3922 706 3960; x_wconf 87' lang='lat' dir='ltr'>vero</span> <span class='ocrx_word' id='word_1_303' title='bbox 729 3904 928 3968; x_wconf 86' lang='lat' dir='ltr'>mendicantes,</span> <span class='ocrx_word' id='word_1_304' title='bbox 957 3904 1128 3961; x_wconf 87' lang='lat' dir='ltr'>Proseuchae</span> 
     </span>
     <span class='ocr_line' id='line_1_37' title="bbox 112 3989 1128 4064; baseline -0.004 -16"><span class='ocrx_word' id='word_1_305' title='bbox 112 3991 270 4064; x_wconf 85' lang='lat' dir='ltr'>complures</span> <span class='ocrx_word' id='word_1_306' title='bbox 292 3992 410 4046; x_wconf 89' lang='lat' dir='ltr'>luerunt.</span> <span class='ocrx_word' id='word_1_307' title='bbox 441 3990 506 4045; x_wconf 90' lang='lat' dir='ltr'>Nam</span> <span class='ocrx_word' id='word_1_308' title='bbox 529 3999 556 4045; x_wconf 84' lang='lat' dir='ltr'>et</span> <span class='ocrx_word' id='word_1_309' title='bbox 579 3989 670 4046; x_wconf 88' lang='lat' dir='ltr'>eadem</span> <span class='ocrx_word' id='word_1_310' title='bbox 693 3990 720 4045; x_wconf 94' lang='lat' dir='ltr'>in</span> <span class='ocrx_word' id='word_1_311' title='bbox 736 3991 829 4062; x_wconf 81' lang='lat' dir='ltr'>Satyra</span> <span class='ocrx_word' id='word_1_312' title='bbox 845 3989 975 4044; x_wconf 86' lang='lat' dir='ltr'>luvenalis</span> <span class='ocrx_word' id='word_1_313' title='bbox 998 3999 1128 4062; x_wconf 89' lang='lat' dir='ltr'>occupata</span> 
     </span>
     <span class='ocr_line' id='line_1_38' title="bbox 99 4073 1128 4139; baseline -0.003 -7"><span class='ocrx_word' id='word_1_314' title='bbox 99 4077 224 4133; x_wconf 52' lang='lat' dir='ltr'>‘illorum</span> <span class='ocrx_word' id='word_1_315' title='bbox 252 4075 463 4131; x_wconf 86' lang='lat' dir='ltr'>habitationibus</span> <span class='ocrx_word' id='word_1_316' title='bbox 491 4084 528 4139; x_wconf 92' lang='lat' dir='ltr'>et,</span> <span class='ocrx_word' id='word_1_317' title='bbox 557 4084 588 4130; x_wconf 89' lang='lat' dir='ltr'>ut</span> <span class='ocrx_word' id='word_1_318' title='bbox 620 4074 747 4131; x_wconf 90' lang='lat' dir='ltr'>credibile</span> <span class='ocrx_word' id='word_1_319' title='bbox 779 4084 836 4138; x_wconf 87' lang='lat' dir='ltr'>est,</span> <span class='ocrx_word' id='word_1_320' title='bbox 868 4073 1030 4130; x_wconf 88' lang='lat' dir='ltr'>Proseuchis</span> <span class='ocrx_word' id='word_1_321' title='bbox 1052 4090 1128 4130; x_wconf 87' lang='lat' dir='ltr'>sacra</span> 
     </span>
     <span class='ocr_line' id='line_1_39' title="bbox 111 4160 641 4234; baseline -0.002 -18"><span class='ocrx_word' id='word_1_322' title='bbox 111 4160 250 4234; x_wconf 89' lang='lat' dir='ltr'>quondam</span> <span class='ocrx_word' id='word_1_323' title='bbox 275 4160 356 4216; x_wconf 87' lang='lat' dir='ltr'>luisse</span> <span class='ocrx_word' id='word_1_324' title='bbox 378 4161 434 4217; x_wconf 90' lang='lat' dir='ltr'>loca</span> <span class='ocrx_word' id='word_1_325' title='bbox 458 4160 641 4233; x_wconf 84' lang='lat' dir='ltr'>conqueritur.</span> 
     </span>
    </p>
   </div>
   <div class='ocr_carea' id='block_1_3' title="bbox 0 0 1298 4821">
    <p class='ocr_par' dir='ltr' id='par_1_6' title="bbox 0 0 1298 4821">
     <span class='ocr_line' id='line_1_40' title="bbox 0 0 1298 4821; baseline 0 0"><span class='ocrx_word' id='word_1_326' title='bbox 0 0 1298 4821; x_wconf 95' lang='lat' dir='ltr'> </span> 
     </span>
    </p>
   </div>
  </div>
 </body>
</html>
