2586 4822
216 743 279 805 132
673 753 786 805 entatu

304 912 364 987 llll
380 909 407 966 b.
434 904 488 964 ‘lvo
509 902 592 986 δείξῃ
613 902 649 966 τὸ
671 898 752 974 εἶδος
772 910 827 983 τῆς
845 900 946 984 ἁγίας]
968 907 1089 963 Eandem
1105 923 1185 963 arcae
1199 907 1239 962 si-

217 996 395 1057 militudinem
418 995 534 1051 declarat
555 997 624 1067 Aug.
648 1012 709 1050 con.
732 994 870 1057 l'ausl2,
885 997 931 1051 lt.

305 1084 365 1141 423
382 1079 408 1135 cl.
439 1075 489 1134 aral
512 1075 538 1135 el
551 1073 608 1151 μὲν
622 1074 759 1152 ἐδέχοντο
774 1073 809 1135 τὸ
824 1072 1007 1153 εὐαγγέλιον]
1030 1078 1097 1132 Nam
1114 1078 1150 1132 ele
1165 1082 1239 1150 llpo-

217 1167 319 1243 calypsi
346 1164 470 1222 nunniliil
497 1182 512 1219 a
541 1163 701 1237 quibusdam
729 1163 895 1228 dubitatum,
925 1163 958 1218 de
984 1179 1039 1238 quo
1062 1172 1190 1218 accurate
1211 1164 1237 1218 in

217 1258 288 1310 Ann.
310 1253 407 1307 Barea.
430 1252 460 1304 Α.
477 1248 506 1304 C.
524 1251 573 1305 97.

251 1341 258 1355 “
304 1338 365 1394 425
381 1353 406 1390 a.
436 1325 465 1388 οἱ
493 1328 526 1389 δὲ
548 1325 634 1390 ἄλλοι
657 1325 877 1409 εὖαγγελνσταί]
916 1331 980 1387 Vide
1003 1335 1073 1404 Aug.
1097 1331 1133 1386 cle
1157 1332 1236 1387 Cous.

217 1418 316 1495 Evang.
341 1420 430 1484 216.
540 1469 543 1478 .

304 1507 365 1564 425
381 1522 406 1560 c.
437 1496 495 1560 lta
517 1497 576 1580 γὰρ
598 1496 651 1559 τὸν
672 1495 732 1559 ἀπὸ
755 1500 886 1576 πολλῶν]
923 1500 1009 1556 Malim
1031 1503 1076 1579 τῷ
1100 1492 1236 1573 interpl-

217 1602 313 1665 ψαντι
329 1597 357 1645 et
372 1582 545 1644 ἀναστάντι.
576 1588 695 1643 Vicissim
712 1606 774 1644 aero
790 1582 843 1643 τὸν
861 1581 993 1642 ἐλθόντα
1015 1594 1068 1642 etc.
1100 1597 1132 1641 ut
1158 1587 1237 1641 dandi

217 1692 297 1734 maus
311 1673 453 1748 Apostolo,
475 1674 619 1729 accusandi
634 1673 741 1729 Christo
764 1672 907 1735 tribuatur,
931 1671 1002 1744 quod
1026 1689 1078 1727 uos
1100 1671 1238 1744 interpre-

218 1760 300 1818 tando
323 1759 471 1834 sequimur.
884 1802 889 1810 .

304 1847 366 1903 425
382 1843 408 1899 d.
439 1836 577 1918 κηρύξαι]
601 1847 654 1898 Aut
677 1836 791 1919 κηρύξῃ
813 1841 866 1915 leg.
890 1851 937 1897 aut
957 1842 1012 1897 τοῦ
1033 1834 1172 1915 κηρύξαι.

304 1932 364 1988 ⁴27
381 1945 406 1985 c.
436 1924 486 1983 xci
511 1921 669 1998 Κλεόβιον,
695 1921 793 1983 εἴτουν
814 1919 1020 1999 Κλεόβουλον]
1061 1926 1183 1996 lpnntius
1204 1924 1235 1979 acl

219 2014 384 2076 Trallianos,
408 2007 530 2090 φεύγετε
554 2009 603 2067 καὶ
625 2006 664 2067 τὰ
687 2014 742 2068 τοῦ
763 2013 897 2087 πονηροῦ
919 2005 1040 2086 ἔγγονα,
1075 2005 1234 2076 Θεόδοτον,

219 2094 270 2155 καὶ
298 2091 497 2169 Κλεόβουλον
525 2091 563 2152 τὰ
591 2099 744 2171 γεννῶντα
771 2090 889 2171 καρπὸν
911 2090 1144 2171 θανατηφόρον.
1189 2095 1234 2150 Ulli

218 2200 274 2240 non
296 2182 486 2238 Nicolaitarum
509 2182 671 2254 propagines
694 2182 761 2237 istos
784 2182 867 2237 luisse
889 2181 983 2245 (locet,
1012 2190 1042 2236 ut
1067 2190 1109 2236 est
1132 2181 1160 2236 iu
1182 2185 1234 2236 Aa·

219 2266 273 2323 nal.
295 2267 342 2323 sed
366 2269 420 2323 τοῦ
442 2269 576 2339 πονηροῦ
599 2260 714 2342 ἔγγονα,
738 2269 789 2323 hoc
812 2276 853 2322 est
876 2266 1018 2321 llaernonis
1041 2266 1144 2321 foetus.
1184 2266 1233 2320 lni-

218 2353 310 2427 pusuit
330 2351 472 2409 Annaliun}
495 2352 621 2424 scriptori
638 2351 752 2408 Latinus
768 2353 913 2425 lnterpres,
937 2352 982 2423 qui
1005 2352 1040 2405 ita
1065 2351 1171 2406 reddit:
1191 2350 1208 2421 s
1220 2378 1231 2389 ·

114 2506 118 2513 1
216 2438 273 2510 pito
291 2438 421 2510 pensent
441 2437 519 2492 illias
540 2445 665 2509 aeepotee.
931 2495 935 2502 ,

305 2523 407 2580 42711.
438 2518 552 2594 Δημᾶν
573 2517 624 2576 καὶ
635 2514 829 2597 Ἑρμογένην]
853 2522 1041 2578 'llneotluretus
1065 2520 1099 2574 ael
1124 2522 1153 2576 2.
1170 2519 1229 2574 lin.

217 2611 279 2665 ο.4
302 2607 417 2663 eundern
440 2606 514 2664 illum
538 2606 645 2663 llenram
669 2624 729 2662 esse
752 2616 841 2679 putat,
875 2607 921 2679 qui
943 2605 992 2678 Ep.
1015 2605 1047 2660 ad
1072 2604 1188 2661 l'lu'lcnn.
1208 2611 1231 2659 et

218 2680 358 2767 lloloss.4
382 2691 514 2756 laudatur,
538 2692 640 2767 quique
662 2691 798 2748 sacculum
822 2691 944 2765 diligens,
969 2690 1064 2746 relicto
1081 2690 1166 2746 Paulo
1181 2688 1232 2744 ‹lis-

217 2777 309 2834 cessit.
350 2777 404 2833 Sed
427 2786 531 2833 ululato
554 2776 667 2833 consilio
690 2776 723 2832 ad
744 2776 856 2832 Paulum
879 2775 1023 2831 revertisse
1045 2775 1156 2847 quidam
1179 2773 1230 2829 exi-

217 2861 337 2918 stimant.
380 2861 519 2936 chrysost.
542 2877 604 2917 vero
628 2870 690 2934 post
712 2860 886 2917 honorificam
909 2860 980 2916 illanr
1003 2859 1037 2915 cle
1059 2876 1094 2915 eo
1117 2860 1231 2916 mentio·

217 2962 279 3003 nem
301 2963 317 3002 a
340 2945 422 3002 Paulo
445 2946 598 3002 seiunctum
621 2963 681 3001 esse
704 2956 794 3019 putat,
820 2956 849 3002 ut
871 2945 914 3002 illa
936 2946 967 3000 ael
991 2944 1107 3000 Philem.
1131 2954 1193 3001 ante
1214 2944 1230 3001 2

217 3030 250 3085 ad
273 3031 390 3086 Timoth.
413 3030 512 3103 scripta
535 3032 579 3086 sit.
624 3031 692 3086 l'ieri
717 3038 807 3104 potest
834 3031 873 3086 uti
899 3029 952 3087 duo
975 3029 1097 3086 eiusdem
1120 3028 1231 3086 nominis

217 3113 316 3171 llemae
338 3116 447 3171 luerint.
478 3115 555 3187 Apud
578 3116 663 3189 lguat.
680 3115 728 3188 Ep.
745 3117 778 3171 acl
794 3115 944 3189 llagnesios
966 3115 1125 3171 noiniuatur
1140 3115 1229 3169 llamas

217 3197 417 3271 Magnesiorum
440 3199 599 3272 Episcopus.

303 3286 364 3342 428
381 3303 405 3341 a.
435 3278 531 3350 stata
552 3278 585 3339 δὲ
605 3277 684 3356 μετὰ
706 3278 759 3340 τὸν
779 3280 964 3356 platanon]
1001 3283 1038 3338 Ex
1062 3301 1144 3356 prava
1168 3284 1229 3340 Coe

217 3367 284 3423 narii
315 3369 537 3443 interpretatione
564 3378 610 3424 aut
633 3369 697 3423 salsa
719 3379 766 3425 aut
788 3369 868 3425 dultia
891 3386 922 3424 en
945 3369 986 3423 his
1010 3368 1100 3424 verliis
1123 3368 1229 3425 historia

217 3451 366 3525 colligitur,
395 3454 499 3509 iussum
528 3470 542 3508 a
570 3453 651 3508 Petro
679 3453 797 3510 llarcnnr
826 3454 964 3510 historiam
993 3454 1148 3526 scripsisse.
1190 3453 1230 3508 Sic

216 3537 288 3593 enim
311 3534 471 3593 Cornarius:
498 3537 563 3594 Post
585 3537 746 3595 llattlraennr
771 3549 881 3595 secutus
904 3548 946 3595 est
969 3537 1083 3602 llareus,
1108 3539 1197 3595 iussus
1216 3552 1229 3591 a

216 3619 245 3676 S.
262 3621 343 3678 Petro
358 3621 459 3678 ltomae
475 3622 644 3696 Evangelinrn
668 3623 757 3680 edere.
788 3624 918 3679 Neutrum
943 3624 1039 3678 horum
1056 3624 1122 3679 dicit
1137 3623 1229 3697 Epiph.

216 3715 263 3762 aut
284 3706 357 3762 Petri
385 3708 476 3769 iussu,
507 3717 553 3762 aut
575 3707 674 3764 Romae
697 3709 839 3782 scripsisse
861 3707 993 3772 llareorn,
1024 3708 1072 3762 sel
1097 3710 1150 3764 lioc
1172 3717 1229 3763 tan-

215 3797 288 3854 tum,
316 3792 443 3849 comitem
468 3791 544 3848 illum
566 3790 665 3849 Romae
688 3794 770 3849 luisse
792 3793 881 3856 Petri,
911 3802 939 3848 et
960 3787 1177 3865 ἰπντρὲνιεσθοα
1198 3784 1231 3848 τὸ

214 3865 388 3951 τύαγγίλιον
407 3870 568 3932 ἐκθέσθαι.
610 3875 793 3952 Aquonarnl
821 3878 967 3951 ASpiritu
989 3877 1102 3933 Sancto.
1147 3877 1230 3933 luscio

213 3957 287 4014 enim
309 3959 392 4016 Petro
414 3960 642 4017 adscribendum
664 3971 889 4035 aggressusest,
920 3962 1046 4018 ltornanis
1068 3963 1095 4017 iel
1118 3961 1151 4017 ab
1174 3962 1229 4035 ipso

214 4042 431 4114 postulantibus,
460 4055 492 4102 ut
505 4047 612 4103 author
627 4057 676 4104 est
696 4047 808 4104 llieron.
830 4047 877 4104 lib.
900 4048 934 4105 de
957 4047 1056 4120 Script.
1077 4046 1183 4104 Eccles.
1205 4052 1231 4102 et
